1769 3235
512 286 723 318 EPISTOLA
760 286 905 318 CCXIV.
1313 286 1396 319 201

6 367 9 406 ἰ
35 355 289 422 Apostolus,
312 376 330 395 ‹
353 354 461 411 Quis
483 353 598 399 enim
620 363 659 398 te
676 352 907 398 dist—emim
933 356 951 398 ἶ)
974 375 992 394 »
1012 354 1142 409 Quod
1165 353 1261 400 ideo
1279 353 1406 409 dicit,

6 429 131 498 quia
153 429 206 473 de
228 443 363 472 massa
387 424 502 471 illius
526 423 811 488 perditioniS‚
833 440 934 487 quae
953 423 1069 470 facta
1091 436 1150 470 est
1176 443 1222 470 ex
1248 425 1407 481 Adam,

5 504 8 539 l
33 517 115 547 non
143 497 349 544 discernit
374 495 626 550 hominem,
654 506 702 539 ut
725 511 821 539 eum
846 493 978 539 faciat
1004 512 1076 540 vas
1099 495 1143 540 in
1180 496 1410 553 honorem,

4 581 8 615 ,ἱ
33 570 182 618 nonin
200 567 536 616 contumeliam,
562 565 643 610 nisi
670 565 798 611 Deus
825 563 909 609 Sed
928 565 1134 627 quoniam
1159 566 1294 611 homo
1318 583 1412 611 car-

4 663 7 688 ¹«
33 639 165 695 natis,
190 649 232 684 et
263 637 449 683 inaniter
475 635 651 681 inflatus
674 651 775 680 cum
802 633 1010 691 audisset,
1033 657 1051 675 «
1093 637 1202 692 Quis
1232 637 1346 681 enim
1373 646 1414 681 te

4 723 7 750 ς
37 732 58 753 ›>
76 709 307 761 discernit;
327 729 345 749 u
370 717 508 771 posset
538 705 797 769 respondere
815 704 881 751 vel
902 722 1008 751 voce
1037 706 1102 751 vel
1128 706 1412 766 cogitatione,

3 770 7 824 ἶ
35 791 74 827 et
96 778 268 834 dicere,
311 777 532 823 Discernit
570 793 637 821 me
667 775 772 822 fides
798 792 889 820 mea
913 810 922 829 ,
951 775 1158 822 discernit
1184 794 1250 821 me
1278 778 1417 822 oratio

2 876 5 897 ὲ
37 867 126 896 mea
147 886 158 904 ,
185 848 391 894 discernit
417 847 670 907 mejustitia
697 864 788 892 mea
810 866 821 899 ;
848 863 943 891 mox
972 847 1207 910 Apostolus
1225 847 1417 893 occurrit

40 919 372 979 cogitationibus
398 921 488 977 ejus
507 956 516 973 ‚
545 928 586 963 et
620 917 755 972 dixit,
796 916 953 972 «Quid
991 918 1103 962 enim
1131 917 1267 963 habes
1294 916 1417 980 quod

2 983 4 1033 Ξ
41 1012 61 1032 »
82 1006 170 1035 non
192 989 432 1051 accepisti?
453 989 496 1034 Si
514 999 656 1034 autem
676 987 898 1050 accepisti,
929 988 1037 1050 quid
1063 987 1275 1048 gloriaris,
1295 986 1419 1050 quasi

2 1083 4 1130 ἰ
38 1081 59 1103 »
80 1077 168 1105 non
193 1059 409 1122 acceperis
427 1059 479 1104 23³
506 1058 578 1104 Sic
600 1070 741 1104 autem
767 1058 1008 1117 gloriantur
1027 1058 1150 1122 quasi
1176 1075 1263 1103 non
1291 1073 1418 1102 acce-

40 1130 206 1195 perint,
235 1131 310 1193 qui
330 1147 372 1175 se
397 1147 418 1174 a
445 1145 486 1174 se
516 1129 868 1191 ipsisjustificari
894 1140 1082 1191 putant3
1111 1147 1159 1175 ac
1176 1146 1254 1194 per
1275 1127 1419 1174 hocin

0 1219 3 1239 2
38 1201 271 1264 semetipsis
290 1237 301 1257 ,
328 1217 414 1245 non
439 1200 483 1245 in
506 1200 693 1245 Domino
719 1199 975 1259 gloriantur.

0 1274 2 1276 ’
104 1271 177 1321 IV,
208 1272 396 1334 Propter
430 1270 550 1334 quod
577 1287 676 1330 ergo
702 1270 745 1314 in
774 1270 855 1314 hac
888 1270 1079 1333 Epistola
1103 1308 1113 1326 ,
1146 1286 1245 1333 quae
1271 1269 1324 1314 ad
1347 1285 1423 1314 vos

0 1381 3 1404 Ξ
41 1342 264 1405 pervenit,
293 1342 479 1405 probavi
517 1359 598 1404 per
625 1341 868 1386 testimonia
899 1353 1143 1387 sanctarum
1167 1340 1423 1403 Scriptura-

41 1428 135 1458 rum
153 1449 164 1469 ‚
193 1429 293 1475 quae
311 1412 374 1457 ibi
398 1412 574 1475 potestis
599 1411 808 1474 inspicere
829 1448 838 1465 ‚
869 1422 910 1457 et
937 1411 1053 1457 bona
1081 1429 1211 1475 opera
1239 1421 1384 1456 nostra
1407 1444 1422 1465 ,

0 1508 2 1528 ι
41 1493 82 1528 et
100 1482 194 1545 pias
218 1483 456 1538 orationes,
485 1493 525 1527 et
552 1493 714 1528 rectam
752 1482 882 1527 fidem
918 1482 1040 1528 nullo
1070 1482 1202 1528 modo
1229 1482 1272 1527 in
1297 1480 1424 1526 nobis

0 1570 2 1574 “
42 1570 127 1599 esse
145 1554 336 1616 potuisse
354 1591 364 1609 ‚
393 1554 474 1599 nisi
493 1554 592 1599 haec
618 1553 913 1616 acciperemus
935 1553 1083 1599 abillo
1103 1591 1113 1609 ‚
1137 1553 1190 1598 de
1210 1569 1297 1616 quo
1317 1551 1425 1597 dicit

0 1652 2 1683 }
43 1623 261 1687 apostolus
284 1624 475 1670 lacobus
496 1661 506 1679 ‚
544 1645 564 1665 α
585 1624 729 1669 Omne
751 1624 905 1669 datum
947 1625 1165 1687 optimum
1188 1660 1198 1672 .
1227 1634 1268 1668 et
1298 1638 1425 1668 omne

0 1737 2 1756 ἶ
45 1693 245 1739 »donum
279 1694 521 1758 perfectum
558 1694 784 1740 desursum
826 1705 912 1750 est,
953 1694 1216 1740 descendens
1251 1712 1272 1739 a
1302 1703 1426 1757 patre

0 1762 2 1814 Ξ
46 1763 296 1810 »luminum
313 1764 330 1792 ‘⁹’
354 1802 363 1817 ,
389 1784 409 1805 >³
431 1782 482 1809 ne
515 1765 748 1828 quisquam
780 1765 899 1810 dicat
931 1765 1094 1810 meritis
1119 1781 1301 1827 operum
1322 1780 1425 1808 suo-

0 1829 2 1857 ³
44 1851 169 1890 rum,
209 1835 276 1881 vel
301 1836 461 1882 meritis
499 1836 747 1881 orationum
778 1852 956 1881 suarum
977 1873 986 1891 ‚
1019 1836 1085 1881 vel
1126 1835 1288 1881 meritis
1323 1833 1426 1879 fidei

0 1898 1 1920 ³
46 1922 152 1957 suae,
189 1906 273 1951 sibi
309 1906 512 1953 traditam
539 1907 618 1952 Dei
654 1908 859 1966 gratiam,
891 1917 932 1952 et
959 1917 1139 1969 putetur
1160 1922 1308 1952 verum
1343 1921 1429 1950 esse

0 1995 1 2018 i
46 1976 164 2040 quod
184 1977 249 2023 illi
278 1978 472 2023 haeretici
499 1977 679 2032 dicunt,
705 1979 888 2037 gratiam
911 1978 987 2022 Dei
1009 1976 1247 2023 secundum
1275 1976 1427 2021 merita

0 2077 1 2115 3
46 2059 190 2094 nostra
221 2047 345 2099 dari;
382 2048 502 2112 quod
545 2049 724 2094 omnino
767 2047 1040 2093 falsissimum
1083 2058 1173 2092 est:
1202 2063 1288 2092 non
1326 2046 1429 2109 quia

0 2117 24 2131 ³'
48 2119 214 2166 nullum
255 2130 315 2165 est
349 2121 550 2166 meritum
577 2158 586 2175 ‚
630 2120 698 2165 vel
733 2120 901 2165 bonum
929 2120 1103 2182 piorum
1125 2157 1135 2174 ‚
1178 2118 1244 2165 vel
1267 2117 1429 2163 malum

0 2184 1 2250 i
47 2190 310 2253 impiorum;
339 2190 533 2254 alioquin
554 2190 1016 2253 quomodojudicabit
1038 2191 1152 2235 Deus
1177 2188 1429 2234 mundum?

0 2280 1 2286 ¹
50 2259 120 2306 sed
140 2260 435 2306 misericordia
456 2272 497 2306 et
518 2261 654 2321 gratia
676 2261 752 2306 Dei
771 2261 987 2306 convertit
1010 2260 1252 2313 hominem,
1278 2259 1331 2304 de
1344 2275 1431 2322 qua

0 2326 1 2331 ¹
53 2329 246 2376 Psalmus
266 2330 401 2387 dicit,
430 2353 449 2372 «
465 2335 582 2377 Deus
606 2348 725 2376 meus
741 2368 750 2385 ‚
775 2330 1071 2376 misericordia
1084 2333 1176 2389 ejus
1198 2330 1435 2392 praeveniet

54 2423 73 2441 υ
95 2401 188 2446 me4
214 2418 224 2446 ε
250 2425 270 2443 »
311 2413 359 2447 ut
383 2403 649 2461 justificetur
671 2403 832 2465 impius
850 2439 859 2457 ,
902 2401 988 2446 hoc
1013 2412 1074 2446 est
1111 2418 1156 2445 ex
1191 2401 1328 2462 impio
1357 2400 1432 2444 fiat

0 2487 1 2490 ’
48 2475 186 2531 justus
203 2509 213 2527 ‚
233 2483 275 2516 et
299 2472 482 2535 incipiat
501 2472 665 2518 habere
686 2472 885 2517 meritum
911 2471 1078 2517 bonum
1098 2508 1108 2525 ,
1143 2469 1262 2533 quod
1290 2470 1437 2514 Domi-

54 2558 133 2587 nus
151 2542 406 2600 coronabit,
435 2543 615 2607 quando
637 2542 914 2603 judicabitur
936 2540 1139 2586 mundus.

103 2628 113 2650 ¹
133 2637 145 2656 1
163 2625 300 2665 Cor.1v‚
317 2637 347 2666 7.
365 2643 411 2648 —
426 2624 547 2660 21bid.
568 2644 611 2651 -—
626 2623 640 2650 3
657 2625 772 2660 Jacob.
795 2637 824 2664 1,
848 2637 900 2665 ¹7·
918 2644 963 2650 --
981 2623 995 2648 ⁴
1012 2624 1282 2663 Psal.nvu1‚11‚
