1769 3235
302 259 359 291 22
721 259 754 287 S.
801 256 1042 288 AUGUS'HM
1079 257 1280 288 EPISCOPI

307 344 327 364 »
354 322 534 382 gratiam
557 319 733 366 Domini
758 320 860 365 Jesu
881 320 1096 367 credimus
1113 339 1191 367 nos
1215 321 1356 368 salvos
1381 322 1498 380 fieri,
1516 339 1674 386 quem-

306 414 326 434 »
346 389 580 436 admodum
602 400 644 436 et
661 388 802 436 illi1.»
828 389 872 435 Si
890 405 990 449 ergo
1010 401 1051 435 et
1074 391 1155 448 illi,
1182 390 1227 437 id
1242 402 1320 448 est,
1343 402 1485 454 patres
1501 403 1676 455 portare

301 466 458 524 iugum
492 461 618 522 Legis
638 461 793 506 veteris
815 477 905 505 non
933 459 1123 507 valentes
1139 497 1150 515 ‚
1182 479 1261 524 per
1292 462 1473 522 gratiam
1499 462 1676 509 Domini

304 531 406 578 Jesu
423 530 561 577 salvos
586 547 627 577 se
641 531 734 576 fieri
751 529 1048 585 erediderunt,
1075 531 1350 577 manifestum
1372 531 1564 595 estquod
1582 534 1677 579 haec

301 601 438 664 gratia
460 601 592 647 etiam
621 600 823 664 antiquos
848 603 990 660 Justos
1017 600 1160 648 vivere
1177 601 1280 648 fecit
1297 618 1344 647 ex
1364 601 1464 660 fide,
1485 623 1508 645 «
1526 603 1677 650 «Iustus

304 691 329 715 u
343 673 458 718 enim
484 688 532 716 ex
546 669 632 716 fide
648 670 808 718 viv-12⁶².
834 691 856 713 »

369 741 470 788 Vll.
498 742 583 787 Lex
610 750 753 786 autem
770 741 1032 787 subintravit
1055 750 1105 786 ut
1130 739 1375 787 abundaret
1401 739 1676 795 delictum-’³3

302 822 352 860 ut
383 810 761 874 superabundaret
791 811 928 870 gratia
949 848 962 868 ,
1002 828 1083 874 per
1118 828 1250 874 quam
1285 822 1507 857 sanaretur
1530 811 1680 859 delicti

305 881 591 929 abundantia.
615 881 662 926 Si
685 880 798 926 enim
819 881 920 927 data
938 893 1045 928 esset
1068 883 1154 927 Lex
1168 898 1269 944 quae
1285 882 1506 928 vivificare
1516 893 1678 945 posset,

301 952 482 1000 omnino
504 969 553 998 ex
576 953 688 1011 Lege
707 961 812 996 esset
824 951 994 1010 justitia
1014 951 1049 998 4.
1071 951 1156 996 Cui
1172 962 1318 996 tamen
1337 951 1456 997 bono
1475 953 1561 997 Lex
1579 951 1683 998 data

300 1023 372 1079 sit,
395 1032 706 1085 consequenter
722 1020 917 1080 adjunxit
947 1021 1096 1066 dicens
1115 1057 1126 1076 ‚
1146 1041 1167 1062 ε(
1188 1020 1272 1066 Sed
1294 1021 1509 1067 conclusit
1531 1021 1685 1085 Scrip·
1754 1075 1756 1079 Ι

306 1103 441 1139 »tura
480 1092 627 1138 omnia
665 1091 748 1136 sub
789 1101 1002 1154 peccato,
1050 1101 1098 1136 ut
1132 1090 1360 1153 promissio
1398 1108 1445 1137 ex
1477 1090 1565 1137 fide
1585 1095 1687 1138 Jesu

307 1184 331 1206 »
353 1162 520 1209 Christi
558 1161 737 1208 daretur
764 1160 1090 1207 credentibus5.
1115 1182 1136 1203 »
1180 1160 1336 1207 Danda
1373 1160 1520 1224 itaque
1547 1160 1689 1207 fuerat

309 1234 397 1280 Lex
414 1269 425 1287 ‚
451 1248 554 1295 quae
577 1230 846 1276 manifestius
876 1231 959 1276 sibi
986 1231 1130 1294 ipsum
1158 1230 1402 1275 ostenderet
1427 1231 1652 1276 hominem
1673 1267 1686 1288 ‚
1754 1277 1760 1292 ‚

311 1313 355 1348 et
373 1302 591 1365 superbus
617 1301 785 1346 animus
809 1300 1032 1346 humanus
1050 1318 1072 1345 a
1093 1318 1135 1346 se
1160 1300 1255 1363 ipso
1275 1317 1317 1345 se
1345 1317 1470 1363 posse
1495 1317 1582 1347 esse
1600 1305 1691 1361 J‘us-
1754 1295 1758 1327 ἕ

308 1383 404 1420 tum
434 1383 630 1436 putaret,
658 1383 699 1417 et
732 1372 932 1431 ignorans
961 1371 1041 1416 Dei
1069 1371 1316 1431 J'ustitiam‘3
1341 1407 1352 1427 ,
1388 1371 1435 1416 id
1471 1382 1566 1427 est,
1592 1387 1693 1434 quae
1756 1382 1758 1386 “

305 1444 479 1494 homini
511 1461 558 1490 ex
580 1444 671 1488 Deo
696 1452 787 1498 est,
814 1452 857 1488 et
886 1459 1010 1488 suam
1036 1441 1185 1488 volens
1206 1442 1468 1488 constituere
1488 1478 1501 1498 ‚
1529 1441 1575 1487 id
1595 1452 1690 1499 est,

309 1520 435 1582 quasi
471 1517 559 1564 suis
597 1516 765 1563 viribus
793 1526 996 1579 partam,
1031 1515 1214 1574 justitiae
1243 1515 1322 1560 Dei
1346 1515 1568 1574 subjectus
1604 1530 1696 1560 non
1754 1531 1758 1544 ¹

310 1590 446 1636 fieret.
481 1587 731 1651 Oportebat
757 1587 904 1649 itaque
929 1597 976 1633 ut
1014 1586 1163 1633 addito
1199 1584 1437 1641 mandato,
1464 1590 1590 1646 cuius
1614 1600 1698 1631 vox

310 1669 403 1715 est,
431 1679 451 1700 t<
492 1658 591 1704 Non
632 1656 947 1720 coucupisces⁷
971 1677 982 1710 ;
1006 1678 1026 1697 »
1065 1657 1256 1720 superbo
1301 1657 1523 1719 peccatori
1568 1655 1697 1702 etiarn
1755 1708 1759 1722 Ι

308 1728 684 1794 praevaricationis
715 1728 880 1774 crimen
911 1726 1166 1781 accederet;
1197 1737 1325 1789 atque
1357 1727 1416 1772 ita
1438 1725 1590 1786 gratiae
1614 1741 1699 1771 me-
1755 1771 1759 1782 ι

313 1798 508 1846 dicinam
532 1815 621 1845 non
643 1809 793 1844 sanata
815 1815 895 1861 per
913 1799 1071 1858 Legem
1091 1833 1102 1855 ,
1140 1796 1213 1844 sed
1242 1798 1445 1844 convicta
1468 1795 1700 1843 infirmitas
1754 1831 1758 1838 ,

317 1879 549 1934 quaereret.

382 1939 505 1985 Vnt.
532 1936 724 1985 Proinde
749 1954 852 1984 cum
883 1937 1179 1998 omnesjusti,
1202 1937 1288 1984 hoc
1315 1949 1402 1993 est,
1429 1953 1599 1983 veraces
1623 1935 1703 1983 Dei
1755 1940 1758 1996 ξ

317 2009 529 2065 cultores,
554 2009 644 2056 sive
670 2019 769 2055 ante
792 2009 1139 2054 incarnationem
1161 2045 1172 2064 ‚
1199 2008 1288 2054 sive
1311 2018 1411 2071 post
1431 2006 1704 2053 incarnatio·
1755 2014 1758 2066 ξ

319 2096 418 2126 nem
443 2079 630 2134 Christi,
656 2095 736 2124 nec
758 2077 974 2132 vixerint,
1000 2095 1081 2125 nec
1095 2079 1273 2134 vivant,
1295 2077 1378 2123 nisi
1396 2095 1442 2123 ex
1460 2076 1546 2122 fide
1565 2077 1706 2122 incar·

321 2149 510 2196 nationis
536 2149 729 2205 Christi,
757 2149 802 2195 in
822 2166 912 2213 quo
947 2160 1009 2195 est
1038 2149 1189 2209 gratiae
1219 2147 1447 2212 plenitudo
1468 2183 1480 2203 ‚
1508 2145 1706 2210 profecto
1755 2143 1758 2191 ἶ

322 2220 445 2284 quod
463 2220 680 2284 scriptum
699 2231 760 2265 est
778 2257 788 2276 ‚
814 2241 834 2261 «
852 2221 949 2266 Non
968 2237 1055 2266 esse
1080 2219 1196 2265 aliud
1216 2236 1374 2264 nomen
1392 2217 1473 2263 sud
1499 2219 1631 2271 coe10‚
1659 2216 1707 2261 in
1756 2226 1758 2248 ³

324 2311 345 2332 »
369 2307 458 2354 quo
480 2301 655 2354 oportet
673 2289 814 2336 salvos
837 2291 930 2336 fieri
951 2290 1078 2346 υοεδ,
1102 2312 1123 2332 »
1146 2307 1193 2335 ex
1211 2289 1285 2335 illo
1310 2299 1505 2352 tempore
1519 2287 1631 2333 valet
1652 2285 1708 2332 ad
1756 2307 1757 2311 ¹

325 2364 582 2411 salvandum
617 2381 750 2424 genus
781 2365 1053 2421 humanum,
1086 2381 1134 2409 ex
1149 2380 1238 2427 quo
1265 2363 1310 2408 in
1337 2360 1476 2407 Adam
1504 2360 1709 2406 vitiatum
1755 2356 1757 2394 ἶ

325 2445 388 2481 est
410 2452 543 2496 genus
572 2435 834 2483 humanum.
860 2457 880 2478 «
900 2436 1026 2482 Sicut
1057 2436 1172 2481 enim
1195 2435 1242 2481 in
1266 2432 1405 2481 Adam
1439 2448 1588 2478 omnes
1611 2445 1710 2476 mo·
1755 2439 1758 2491 ξ

374 2537 387 2559 ¹
414 2540 489 2570 Aet.
517 2546 571 2569 xv,
600 2547 651 2568 10.
675 2553 718 2559 —
737 2533 754 2557 ²
770 2538 863 2568 Rom.
889 2548 918 2574 1,
940 2545 995 2575 17.
1012 2551 1060 2559 -—
1078 2532 1093 2557 3
1111 2534 1159 2565 ld.
1181 2545 1213 2571 v,
1242 2544 1299 2567 20.
1315 2550 1358 2557 —
1376 2529 1392 2554 ⁴
1416 2531 1520 2566 Galat.
1542 2541 1593 2574 nx,
1613 2539 1648 2564 α.
1663 2533 1708 2551 :-
1756 2554 1757 2559 ,

325 2591 338 2614 ⁵
352 2591 439 2627 thid.
458 2609 501 2617 -
519 2587 647 2638 (sstem.
663 2602 695 2631 x,
711 2593 745 2626 3.
761 2608 807 2617 -
820 2590 834 2615 ⁷
855 2591 959 2624 Exod.
977 2601 1032 2636 xx,
1054 2592 1108 2626 15.
1124 2607 1169 2616 —
1186 2586 1202 2613 ⁸
1219 2591 1292 2623 Aet.
1305 2599 1352 2630 xv,
1373 2598 1425 2621 n.
