1769 3235
31 239 37 332 ι
495 262 710 294 EPISTOLA
743 264 908 295 ccxvii.
1320 269 1412 318 229

40 330 184 390 Quam
219 329 474 377 sententiam
498 329 759 374 catholicam
788 330 988 389 Pelagius
1020 330 1112 394 ipse
1149 334 1210 380 sic
1234 334 1409 392 timuit,

39 413 88 449 ut
110 419 179 448 eos
195 439 205 458 ‚
238 403 315 464 qui
339 401 493 445 dicunt
521 400 701 459 gratiam
724 400 801 445 Dei
830 401 1067 446 secundum
1094 405 1244 450 merita
1267 417 1413 452 nostra

39 471 159 527 dari,
189 472 279 517 sine
303 469 576 516 dubitatione
604 470 858 525 damnaret,
891 487 944 515 ne
963 489 983 515 a
1003 472 1228 520 catholicis
1247 477 1414 534 judici-

37 544 121 589 bus
147 542 442 588 damnaretur.
475 541 712 598 Quomodo
739 541 902 585 dicitur
926 542 1060 600 gratia
1085 545 1163 589 Dei
1193 545 1235 590 in
1262 557 1418 592 natura

37 630 121 660 esse
154 613 280 658 liberi
312 613 483 657 arbitrii
518 612 583 657 vel
614 613 658 656 111
694 614 806 671 Lege
830 623 957 674 atque
987 612 1185 659 doctrina
1211 636 1222 668 3
1254 634 1353 662 cum
1373 630 1416 663 et

36 684 158 730 istam
177 683 430 728 sententiam
455 682 652 741 Pelagius
671 683 763 745 ipse
781 681 1053 728 damnaverit
1072 722 1082 739 ,
1105 686 1263 747 procul
1281 686 1418 733 dubio

21 754 247 818 ¹confitens
278 753 459 813 gratiam
490 754 567 798 Dei
600 753 652 798 ad
685 752 874 812 singulos
902 763 1022 798 actus
1048 754 1166 811 dari,
1188 756 1246 801 eis
1267 758 1417 821 utique

35 825 110 890 qui
127 828 220 884 jam
244 824 384 870 libero
408 825 591 870 arbitrio
613 827 828 870 utuntur?

95 897 217 943 XIX.
260 896 496 953 Quomodo
537 896 700 942 dicitur
733 913 880 942 omnes
920 896 1119 942 homines
1152 916 1248 944 eam
1285 899 1416 946 fuisse

34 978 313 1031 accepturos,
350 968 383 1013 si
419 985 507 1013 non
530 968 624 1024 illi,
665 969 828 1031 quibus
857 984 945 1012 non
975 967 1181 1025 donatur,
1215 988 1307 1016 eam
1339 989 1415 1018 sua

33 1037 254 1084 voluntate
276 1049 554 1100 respuerent,
583 1040 789 1100 quoniam
818 1060 837 1079 «
855 1039 970 1083 Deus
985 1038 1081 1083 vult
1102 1057 1247 1086 omnes
1275 1040 1417 1088 homi-

33 1129 54 1150 »
71 1125 145 1154 nes
168 1109 308 1153 salvos
338 1108 433 1153 fieri
448 1107 494 1161 1;
520 1129 540 1149 n
566 1125 666 1153 cum
701 1109 851 1154 multis
881 1125 967 1153 non
989 1107 1117 1153 detur
1139 1110 1356 1172 parvulis,
1377 1124 1420 1157 et

35 1179 124 1226 sine
146 1179 220 1224 illa
239 1178 438 1242 plerique
459 1180 718 1235 moriantur,
745 1181 821 1242 qui
845 1196 933 1224 non
966 1179 1133 1225 habent
1151 1182 1417 1228 contrariam

31 1249 332 1306 voluntatem,
360 1260 402 1294 et
433 1249 670 1312 aliquando
705 1250 989 1313 cupientibus
1022 1249 1417 1315 festinantibusque

30 1320 316 1384 parentibus,
337 1320 545 1366 ministris
561 1338 738 1384 quoque
762 1321 1011 1366 volentibus
1036 1338 1086 1366 ac
1114 1322 1293 1383 paratis,
1323 1323 1415 1368 Deo

29 1391 203 1437 nolente
222 1408 311 1436 non
330 1391 475 1446 detur,
501 1408 602 1437 cum
623 1403 800 1454 repente
822 1402 1054 1454 antequam
1077 1391 1205 1437 detur
1226 1393 1411 1455 expirat,

27 1478 109 1525 pro
133 1478 240 1525 quo,
269 1472 317 1506 ut
339 1462 576 1524 acciperet,
599 1462 883 1508 currebatur?
907 1461 1033 1507 Unde
1055 1461 1334 1508 manifestum
1352 1474 1415 1509 est

28 1548 98 1577 eos
118 1532 194 1594 qui
210 1531 318 1576 huic
336 1531 542 1577 resistunt
568 1542 656 1577 tam
675 1533 921 1595 perspicuae
939 1531 1111 1577 veritati
1129 1565 1140 1583 ‚
1165 1548 1253 1577 non
1277 1531 1410 1579 intel-

26 1601 156 1661 ligere
187 1601 366 1647 omnino
390 1619 478 1665 qua
511 1602 730 1647 locutione
757 1603 812 1648 sit
835 1601 1033 1656 dictum3
1056 1601 1177 1665 quod
1204 1623 1224 1643 (ι
1248 1601 1413 1648 Omnes

28 1692 49 1714 ι)
66 1672 263 1718 homines
282 1672 379 1718 vult
410 1676 529 1718 Deus
552 1672 692 1718 salvos
712 1673 832 1729 fieri;
865 1695 884 1714 ›>
909 1689 1011 1718 cum
1040 1682 1129 1717 tam
1154 1671 1282 1717 multi
1304 1672 1412 1718 salvi

27 1759 115 1788 non
136 1743 244 1788 fiant
262 1780 273 1798 ‚
292 1760 382 1788 non
407 1743 509 1806 quia
536 1743 620 1806 ipsi
637 1779 647 1798 ,
666 1743 739 1789 sed
764 1745 866 1806 quia
889 1744 1004 1787 Deus
1025 1759 1113 1787 non
1139 1741 1235 1787 vult
1254 1779 1265 1798 ‚
1288 1743 1412 1806 quod

27 1813 114 1858 sine
141 1813 228 1858 ulla
252 1813 435 1873 caligine
468 1813 772 1860 manifestatur
794 1814 838 1859 in
868 1812 1077 1876 parvulis.
1110 1812 1196 1858 Sed
1221 1813 1334 1858 sicut
1353 1813 1413 1859 il-

25 1883 103 1930 lud
125 1883 247 1947 quod
268 1883 439 1929 dictum
469 1895 559 1940 est,
588 1905 608 1925 c<
638 1884 802 1929 Omnes
836 1885 881 1928 in
906 1883 1085 1929 Christo
1115 1883 1414 1928 vivificabun-

27 1976 48 1997 >³
73 1966 146 2000 tur
161 1956 194 2001 2.
221 1976 241 1996 2>
270 1971 373 2000 cum
405 1965 492 2000 tam
517 1955 646 2000 multi
682 1966 843 2000 aeterna
865 1965 1003 2000 morte
1023 1953 1286 2016 puniantur,
1310 1953 1411 2000 ideo

26 2025 193 2072 dictum
211 2036 273 2070 est
292 2062 303 2080 ,
331 2025 434 2088 quia
454 2043 602 2071 omnes
626 2025 898 2088 quicumque
920 2024 1053 2069 vitam
1074 2034 1282 2068 aeternam
1302 2040 1408 2086 per-

25 2097 212 2160 cipiunt,
228 2113 315 2141 non
332 2096 588 2159 percipiunt
613 2096 694 2141 nisi
715 2097 758 2141 in
780 2095 956 2141 Christo
978 2113 989 2140 ε
1011 2095 1073 2139 ita
1096 2093 1216 2157 quod
1236 2094 1406 2140 dictum

25 2178 111 2224 est,
131 2187 150 2207 «
173 2166 338 2211 Omnes
356 2167 554 2212 homines
577 2166 672 2212 vult
697 2168 808 2211 Deus
831 2165 970 2211 salvos
995 2164 1089 2210 fieri
1108 2201 1120 2220 ‚
1149 2185 1170 2205 ›>
1197 2181 1299 2209 cum
1323 2175 1414 2209 tam

25 2236 184 2282 multos
207 2235 316 2281 nolit
342 2236 481 2282 salvos
515 2237 630 2293 fieri,
673 2236 771 2282 ideo
808 2236 976 2282 dictum
1008 2245 1070 2280 est
1090 2272 1100 2290 ‚
1140 2236 1242 2297 quia
1263 2250 1412 2280 omnes

26 2307 103 2370 qui
132 2307 238 2352 salvi
267 2308 380 2352 fiunt
401 2344 412 2363 ‚
448 2307 532 2352 nisi
569 2307 664 2370 ipso
707 2307 877 2352 volente
906 2324 995 2352 non
1028 2307 1172 2359 fiunt;
1205 2316 1245 2350 et
1266 2305 1298 2350 si
1321 2322 1411 2368 quo

27 2377 108 2423 alio
132 2377 264 2423 modo
293 2377 367 2423 illa
389 2378 524 2423 verba
558 2377 797 2441 apostolica
820 2377 1004 2437 intelligi
1027 2386 1211 2440 possunt
1229 2412 1241 2431 ‚
1267 2386 1316 2421 ut
1339 2386 1410 2421 ta-

25 2465 125 2495 men
160 2449 267 2495 huic
307 2449 591 2512 apertissimae
626 2449 827 2509 veritati,
857 2449 903 2495 in
932 2465 1019 2512 qua
1054 2447 1281 2503 videmus,
1314 2457 1404 2492 tam

73 2558 84 2579 ¹
109 2570 122 2589 1
142 2557 432 2597 Τ1111.11,Ι.,,-2
455 2569 466 2588 1
483 2560 559 2590 Cor.
574 2569 625 2598 xv,
646 2570 702 2591 22.
