1769 3235
494 287 706 318 Emsrom
744 287 971 323 ccxxxvn.
1325 281 1410 328 321

39 354 139 420 pisti
156 354 329 400 vincula
359 371 452 400 mea
472 352 520 408 1;
544 375 564 395 »
587 353 705 411 Quid
727 366 789 401 est
810 356 930 403 aliud
954 376 965 404 ε
995 379 1015 401 c<
1046 360 1258 407 Dominus
1286 362 1414 411 solvit

43 425 334 488 compeditos²
352 428 370 472 Ρ
387 447 406 467 »
430 429 522 470 Jam
545 424 709 471 solutos
728 437 869 472 autem
891 430 1123 492 Apostolus
1137 431 1416 481 admonetdi-

43 513 168 543 cens:
194 519 212 537 «
239 497 357 543 State
378 514 477 557 ergo
495 534 505 553 ,
533 507 574 542 ct
597 513 649 542 ne
671 497 823 542 iterum
850 501 1070 546 servitutis
1089 505 1197 562 jugo
1220 503 1412 551 detinea-

41 588 63 611 ›>
81 568 182 613 mini
199 567 216 596 3
240 585 251 613 ι
275 589 295 609 »
315 579 356 612 et
375 567 596 631 apostolus
618 571 772 614 Petrus
791 568 897 614 dicit
922 588 971 615 2«
997 572 1043 617 Si
1062 573 1177 617 enim
1198 573 1417 634 refugien-

40 659 62 683 ³)
85 649 144 684 tes
156 639 529 702 coinquinationes
544 639 696 684 mundi
715 640 758 684 in
773 641 1019 700 cognitione
1037 643 1213 689 Domini
1229 645 1361 690 nostri
1376 655 1417 690 et

42 731 63 753 ›>
81 710 314 755 Salvatoris
338 711 439 755 Jesu
457 710 638 766 Christi,
660 710 728 755 his
746 727 892 756 rursus
907 710 1109 774 impliciti
1131 725 1411 776 superantur,

41 802 62 825 >³
89 780 199 826 facta
229 792 329 827 sunt
346 781 404 826 eis
424 785 684 844 posteriora,
707 782 919 828 deteriora
938 782 1212 846 prioribus&
1236 807 1256 827 »
1280 786 1340 831 sic
1352 803 1416 832 os-

40 851 218 896 tendens
243 867 341 897 cum
365 851 495 897 soluti
520 851 744 909 fuerimus,
776 852 946 912 alligari
973 870 1049 899 nos
1070 853 1235 899 mundo
1262 856 1420 901 iterum

39 937 126 969 non
151 922 321 969 debere.
346 923 461 968 Cum
487 922 633 986 itaque
651 923 729 968 ista
749 923 791 967 in
812 940 997 979 canone,
1029 924 1120 969 sive
1152 941 1198 970 ex
1220 924 1288 970 his
1304 926 1425 971 testi-

38 993 206 1047 moniis,
223 1010 323 1056 quae
340 994 694 1051 commemoravi,
711 994 797 1039 sive
809 1011 856 1039 ex
878 993 971 1040 aliis
984 994 1186 1058 plurimis
1200 996 1424 1043 manifesta

38 1064 122 1110 sint
159 1075 200 1109 et
225 1064 305 1124 legi
331 1075 371 1110 et
397 1063 632 1128 praedicari
667 1082 755 1110 non
781 1075 960 1120 cessent,
990 1065 1097 1128 quid
1131 1076 1192 1112 est
1213 1067 1332 1130 quod
1355 1068 1426 1115 isti

38 1134 158 1181 hunc
177 1135 412 1198 hymnum,
440 1136 534 1192 ubi,
555 1136 858 1181 utsecundum
883 1136 999 1198 ipsos
1017 1136 1184 1199 loquar,
1198 1139 1328 1184 verba
1348 1139 1426 1184 ob-

39 1206 280 1251 scurissime
312 1216 412 1251 sunt
446 1206 600 1269 posita,
628 1216 861 1269 propterea
898 1205 1052 1251 dicunt
1074 1208 1118 1252 in
1143 1224 1307 1254 canone
1334 1225 1422 1254 non

38 1293 139 1330 esse,
161 1294 213 1321 ne
235 1276 482 1321 valerentur
506 1276 788 1322 carnalibus?
824 1293 921 1321 cum
961 1278 1106 1339 potius
1129 1294 1176 1323 ea
1197 1277 1422 1325 videamus

37 1346 80 1392 in
103 1364 267 1393 canone
294 1346 479 1393 revelata
502 1347 573 1401 ;in
593 1346 679 1392 hoc
704 1356 844 1392 autem
861 1346 1030 1408 hymno
1055 1347 1234 1393 omnino
1249 1348 1417 1404 velata;

37 1419 148 1463 sicut
171 1418 254 1482 ipsi
274 1429 480 1473 asserunt,
498 1434 598 1462 nam
621 1417 733 1462 sicut
748 1417 880 1476 magis
904 1416 1059 1462 creden
1077 1417 1181 1463 dum
1198 1429 1277 1473 est,
1296 1436 1416 1481 pror-

37 1504 107 1534 sus
135 1505 222 1534 non
252 1499 352 1534 sunt
386 1489 497 1552 ipsa,
528 1487 600 1533 sed
618 1487 760 1533 nescio
778 1503 879 1551 quae
898 1487 999 1546 alia,
1027 1505 1125 1551 quae
1145 1488 1221 1534 tali
1241 1491 1412 1553 exposi-

37 1559 152 1606 tione
177 1560 314 1606 multo
334 1560 522 1624 amplius
552 1559 727 1615 velant,
762 1569 804 1604 et
826 1558 1011 1604 revelare
1036 1558 1265 1606 fomidant.

101 1630 175 1678 VI.
213 1633 324 1677 Nam
355 1633 506 1695 utique.
531 1631 565 1676 si
590 1630 678 1676 hoc
707 1628 790 1675 illis
821 1629 983 1685 verbis,
1000 1630 1270 1690 significatur
1295 1632 1416 1696 quod

35 1719 112 1748 nos
137 1702 262 1748 solvit
283 1702 496 1748 Dominus
520 1719 542 1747 a
558 1699 886 1747 conversatione
899 1700 1065 1757 saeculi,
1086 1712 1128 1746 et
1157 1712 1304 1748 utnon
1327 1703 1411 1749 ite-

34 1789 129 1819 rum
145 1773 329 1833 ligemur
347 1774 390 1819 in
411 1790 479 1830 eo,
503 1790 591 1818 non
608 1772 824 1818 diceretur
844 1789 853 1816 :
873 1771 1080 1817 «Solvere
1100 1772 1216 1830 volo,
1238 1785 1280 1819 et
1303 1773 1410 1820 solvi

35 1843 162 1897 volo;
183 1865 202 1885 ›>
225 1844 296 1890 sed
319 1844 481 1890 solvere
505 1843 626 1899 volo,
648 1854 688 1889 et
714 1860 783 1889 cos
810 1859 919 1905 quos
938 1842 1121 1899 solvero,
1149 1842 1402 1903 ligarinolO.

37 1915 125 1960 Aut
144 1915 177 1960 si
197 1916 390 1960 membra
412 1932 504 1971 sua,
545 1915 674 1961 idest
708 1913 853 1959 fideles
887 1929 984 1958 suos
1023 1914 1067 1958 iu
1111 1915 1404 1975 transfigurat,

33 1985 404 2048 quemadmodum
430 1986 488 2031 ait
514 2004 525 2031 :
553 2007 571 2026 α
593 1984 779 2040 Esurivi,
809 1994 850 2029 et
874 1982 1051 2028 dedistis
1074 1984 1182 2030 mihi
1216 1985 1407 2033 mandu-

36 2074 57 2095 ›>
79 2072 176 2100 care
195 2055 235 2111 ⁵3
265 2056 426 2101 diceret
443 2057 605 2120 potius,
631 2055 750 2101 Solvi
776 2054 892 2107 volo,
920 2064 962 2099 et
987 2054 1112 2114 ligari
1134 2054 1250 2101 nolO.
1279 2058 1408 2102 Autsi

35 2137 261 2189 propterea
284 2128 375 2189 ipse
407 2128 552 2183 solvit,
582 2138 623 2172 et
648 2127 738 2190 ipse
764 2125 963 2180 solvitur,
990 2125 1091 2189 quia
1115 2126 1407 2190 solvitcaput‚

35 2198 231 2242 membra
250 2198 494 2253 solvuntur,
518 2215 618 2260 quae
642 2196 1001 2261 persequebatur,
1029 2195 1106 2258 qui
1130 2195 1336 2242 clamavit
1359 2198 1413 2244 de

36 2267 147 2313 coelo
168 2285 179 2313 :
201 2269 364 2314 «Saule
381 2269 521 2321 Saule,
539 2269 644 2332 quid
672 2285 737 2313 me
752 2266 1020 2331 persequeris
1038 2266 1055 2294 ⁶
1071 2288 1081 2319 ;
1098 2289 1116 2308 ›>
1136 2266 1220 2312 hoc
1231 2269 1410 2332 quidem

35 2339 268 2385 verborum
289 2340 469 2385 istorum
510 2340 726 2403 expositor
752 2340 828 2383 iste
859 2354 943 2381 non
967 2336 1101 2390 dixit3
1129 2337 1203 2382 sed
1243 2340 1412 2385 etiamsi

35 2406 220 2463 dixisset,
246 2409 289 2454 id
310 2410 345 2455 ei
368 2410 740 2473 responderemus,
769 2406 889 2471 quod
909 2406 1038 2471 paulo
1068 2418 1165 2453 ante
1190 2409 1412 2473 respondi·

34 2493 130 2524 mus
152 2496 162 2523 t
192 2480 412 2537 Quoniam
439 2481 535 2526 haec
560 2481 604 2525 in
630 2479 869 2542 Scripturis
889 2478 1108 2523 canonicis
1127 2478 1329 2538 legimus,
1352 2481 1416 2527 ibi

83 2577 93 2599 ¹
115 2578 193 2611 Psal.
216 2589 288 2615 cxv,
316 2590 349 2618 ¹7
387 2598 426 2603 -
448 2578 462 2600 ‘²
485 2579 531 2610 Irl.
546 2591 639 2620 cmv,
660 2580 693 2611 8.
716 2597 757 2603 -—
773 2575 787 2599 3
808 2576 916 2609 Galat.
937 2587 967 2617 V,
989 2587 1064 2608 1.—
1081 2573 1096 2599 ⁴
1117 2588 1133 2607 2
1154 2581 1238 2611 Petr.
1258 2590 1295 2616 rr,
1318 2591 1421 2612 20.—

35 2629 48 2653 ⁵
67 2628 182 2664 Matth.
203 2645 275 2666 xxv,
301 2635 357 2664 35.
378 2654 411 2658 -
433 2632 446 2653 ‘³
463 2639 650 2670 A<=t.1x,4.

166 2704 348 2735 extrui.
1242 2706 1292 2737 αι
