1769 3235
279 287 377 342 42'1
701 301 736 329 S.
783 297 1027 330 Aueusrmr
1065 301 1265 331 EPISCOPI

279 366 370 411 sine
402 364 751 409 murmuratione
773 400 784 419 ‚
817 375 980 410 etcum
1011 365 1162 410 laetitia
1183 376 1225 410 et
1261 365 1479 412 hilaritate
1510 366 1672 412 facite:
1728 395 1731 409 .

290 437 382 480 Deo
405 435 518 480 enirn
541 434 716 480 creditis
734 471 744 490 ,
773 452 859 480 non
884 435 1051 480 homini
1080 454 1089 480 :
1131 436 1230 498 qnia
1258 436 1328 481 ille
1356 437 1573 498 promittit
1598 452 1674 482 vos
1729 443 1733 496 ξ
1759 465 1769 476 s

291 504 405 550 nihil
426 521 574 549 eorum
598 542 606 550 .
633 521 733 567 quae
752 505 1088 551 misericorditer
1104 505 1270 559 facitis,
1308 505 1578 569 perdituros,
1602 505 1674 551 scd

291 575 336 620 in
358 574 431 619 illo
455 574 524 619 die
544 590 642 619 Cum
672 575 808 620 usuris
826 575 1149 621 immortalibus
1171 586 1435 638 receptuios.
1474 577 1527 621 Et
1560 591 1676 639 quo·
1732 564 1736 632 ἶ,

294 646 408 690 niam
438 646 529 708 ipse
556 645 787 708 Apostolus
808 646 932 697 dicit
954 647 1082 692 <Hoc
1109 657 1249 691 auum
1276 646 1410 691 dieo:
1437 645 1523 703 Qui
1544 662 1675 709 parce
1735 652 1737 658 '

294 737 313 756 D
342 716 554 762 seminat.
587 733 716 778 pirce
739 728 779 760 et
814 734 851 761 n
859 727 956 762 ‹ttt
985 739 1004 756 ›
1031 716 1274 776 Intelligere
1302 716 1469 762 debetis
1503 727 1674 779 tempus
1736 731 1739 774 ξ

292 802 407 840 esse,
434 797 482 830 ut
506 764 668 831 donum
698 788 799 831 vitae
834 796 1035 834 {PlelnP
1072 803 1171 831 cum
1206 786 1354 832 adliuc
1388 787 1432 832 in
1470 786 1550 832 ista
1587 786 1676 831 vita
1737 794 1740 844 ἶ

293 873 467 912 snmus,
501 854 751 901 festinanter
781 868 822 901 et
857 856 1055 902 alacriter
1084 874 1421 920 comparemus:
1446 856 1549 920 quia
1574 872 1676 902 cum
1718 896 1726 900 ,

294 928 392 973 finis
413 926 561 972 saeculi
597 927 783 982 venerit,
811 944 897 972 non
919 927 1100 973 dabitur
1124 929 1206 973 nisi
1241 928 1299 973 cis
1325 927 1401 991 qni
1438 944 1516 991 per
1546 925 1676 973 fidem
1740 961 1743 977 ‚

293 998 379 1044 sibi
397 998 483 1043 hoc
508 1008 707 1043 emerunt
729 1009 958 1062 antequam
980 997 1126 1044 videre
1144 999 1405 1062 potuissent.

359 1069 442 1114 ΠΙ.
478 1068 641 1130 Scripsi
661 1068 787 1114 etiam
807 1069 1090 1132 presbyteris,
1122 1080 1171 1115 ut
1190 1069 1220 1114 si
1246 1069 1353 1132 qnid
1377 1069 1521 1115 minus
1541 1067 1679 1115 fuerit
1742 1065 1745 1132 J

298 1150 397 1202 post
415 1139 691 1184 collationem
709 1140 948 1185 sanctitatis
963 1150 1134 1196 vestrae,
1154 1139 1404 1203 compleant
1426 1157 1471 1186 ex
1491 1156 1540 1185 co
1560 1138 1677 1202 quod

299 1210 435 1254 habet
459 1208 657 1261 ecclesia,
684 1209 789 1255 dum
824 1221 968 1256 tamen
994 1227 1069 1255 vos
1097 1210 1338 1256 secundum
1365 1209 1484 1274 quod
1508 1208 1676 1273 placet,

302 1279 499 1324 hilariter
534 1280 720 1325 offeratis
751 1298 761 1324 ε
788 1281 890 1344 quia
921 1281 1007 1326 sive
1045 1280 1098 1325 de
1130 1291 1269 1325 vestro
1302 1281 1390 1326 sive
1419 1280 1472 1326 de
1502 1278 1681 1325 eoelcsia

310 1350 463 1405 detur,
492 1350 637 1395 omnia
675 1351 752 1396 Dei
777 1362 900 1405 sunt,
938 1363 979 1395 et
1013 1351 1188 1397 dovotio
1226 1363 1368 1396 vestra
1402 1350 1574 1397 dulcior
1600 1350 1681 1395 crit

306 1420 516 1466 thesauris
549 1420 740 1466 ecclesiae
776 1439 787 1466 z
827 1423 938 1466 sicut
982 1421 1210 1484 Apostolus
1246 1421 1383 1476 dicit,
1421 1421 1557 1466 «Non
1579 1420 1680 1484 qnia

302 1512 322 1532 ›·,
346 1507 495 1554 quaero
522 1490 672 1536 datum
692 1528 702 1546 ‚
729 1490 799 1536 sed
828 1493 999 1554 requiro
1026 1491 1272 1537 l'rnctum‘lz
1298 1513 1316 1531 »
1340 1491 1558 1537 laetificate
1581 1506 1681 1549 ergo

307 1577 383 1606 cor
406 1579 569 1616 menni,
596 1562 697 1624 quia
722 1561 775 1606 de
798 1561 1016 1607 fructibus
1037 1562 1186 1607 vestris
1217 1561 1403 1621 gaudere
1425 1561 1571 1625 cupio.
1600 1560 1683 1604 Vos

304 1633 417 1677 enim
443 1633 541 1677 estis
566 1633 739 1677 arbores
767 1631 863 1687 Dei,
892 1649 999 1695 quas
1024 1632 1439 1678 assiduisinibribus
1457 1632 1584 1677 ctiam
1604 1647 1682 1694 per

308 1713 504 1748 nostrum
526 1704 810 1748 ministerium
829 1703 966 1763 rigare
986 1704 1208 1763 dignatur.
1231 1707 1423 1749 Tueatur
1443 1720 1517 1749 vos
1537 1702 1683 1748 Domi-

307 1788 389 1817 nus
414 1773 468 1817 ab
493 1773 608 1817 omni
634 1772 746 1818 malo
763 1783 804 1818 et
826 1773 900 1819 hic
923 1784 964 1818 et
984 1774 1029 1819 in
1049 1775 1198 1819 futuro
1223 1771 1404 1828 saeculo,
1432 1772 1599 1819 domini
1620 1770 1685 1816 di-

310 1841 527 1888 lectissimi
552 1853 590 1887 et
615 1843 991 1899 desiderantfsimi
1013 1845 1179 1889 fratres.

360 1944 366 1963 ¹
391 1941 505 1984 Philip.
529 1953 571 1983 ιιξ
596 1954 643 1981 ¹5-
