1769 3235
317 322 408 378 442
739 338 773 367 s,
819 336 1061 367 Aueusrmi
1098 335 1301 366 EPISCOPI

315 403 512 464 superius
529 401 628 447 inde
648 405 741 461 jam
760 400 847 447 dixi
867 421 878 454 3
899 401 971 447 sed
990 401 1076 446 hoc
1096 397 1392 455 recolendum,
1416 398 1696 464 ubicumque

313 471 393 516 ista
412 472 575 517 locutio
600 473 644 517 in
664 473 766 517 meis
790 472 943 517 litteris
969 471 1202 516 invenitur.

382 541 462 588 lll.
486 543 542 587 Et
564 541 641 587 ubi
660 541 746 587 dixi
769 541 822 587 de
848 542 975 587 Patre
992 552 1033 586 et
1052 540 1158 585 Filio
1176 576 1186 595 ,
1213 542 1477 602 Qlcz'gc'gm't
1496 551 1542 585 et
1555 558 1696 604 quem

309 613 487 672 gignit,
517 629 662 657 uuum
698 624 789 659 est.
822 611 1058 657 dicendum
1090 609 1201 665 fuit,
1232 626 1368 654 unum
1411 620 1539 663 sunt3
1583 610 1696 657 sicut

314 691 460 744 aperte
484 681 578 745 ipsa
595 683 750 728 veritas
772 682 969 746 loquitur
983 718 994 740 ,
1018 681 1192 727 dicens:
1214 680 1336 740 «Ego
1356 691 1399 726 et
1416 680 1546 726 Pater
1558 697 1696 727 unum

312 775 333 796 ›>
355 771 503 801 sumus
517 754 548 800 1.
567 777 587 798 »
611 756 702 802 Nec
724 755 835 801 illud
857 754 967 800 mihi
990 753 1151 816 placet,
1175 752 1293 816 quod
1321 753 1366 798 in
1390 754 1473 799 ista
1492 754 1580 800 vita
1600 758 1696 801 Deo

311 825 532 873 intellecto
554 830 646 887 jam
664 827 838 872 beatam
856 842 943 871 esse
967 824 1155 870 animam
1190 823 1309 880 dixi,
1341 824 1424 870 nisi
1456 824 1569 871 forte
1598 843 1687 889 spe.
1748 812 1752 863 l

312 896 422 942 Item
439 896 560 961 quod
581 896 692 952 dixi,
710 896 797 942 Ad
813 896 1060 958 sapientise
1079 896 1459 956 conjunctionem
1476 912 1574 941 non
1595 913 1696 942 una
1748 919 1763 942 ι,

309 972 393 1013 via
407 971 670 1031 perveniri,
697 984 785 1013 non
809 967 922 1012 bene
941 976 1065 1012 sonat
1085 983 1095 1010 ε
1124 965 1245 1029 quasi
1266 965 1348 1012 alia
1365 966 1435 1013 via
1453 966 1509 1012 sit
1529 977 1695 1030 praeter
1748 986 1753 1038 3

312 1038 539 1085 Christum
558 1076 569 1095 ‚
608 1038 685 1103 qui
718 1037 853 1093 dixit,
895 1058 917 1080 <‹
938 1038 1029 1098 Ego
1059 1053 1153 1083 sum
1180 1037 1249 1083 Via
1263 1035 1295 1083 ¹.
1318 1058 1338 1078 n
1376 1036 1566 1083 Vitanda
1592 1054 1694 1098 ergo

310 1120 401 1155 erat
426 1109 526 1156 haec
549 1110 726 1155 offensio
745 1108 917 1155 aurium
949 1108 1275 1168 religiosarum3
1297 1108 1498 1172 quamvis
1525 1108 1606 1155 alia
1639 1109 1696 1156 sit
1748 1134 1754 1165 ς

310 1180 382 1227 illa
402 1180 653 1226 universalis
677 1180 765 1237 via,
797 1180 893 1226 aliae
917 1191 1060 1227 autem
1080 1180 1178 1235 viae,
1211 1178 1264 1225 de
1280 1179 1444 1242 quibus
1461 1179 1505 1225 in
1520 1179 1692 1226 Psalmo

310 1251 506 1299 canimus
525 1269 535 1297 ε
559 1251 682 1297 «Vias
705 1262 819 1306 tuas,
834 1251 1020 1297 Domine
1038 1289 1048 1307 ‚
1074 1262 1198 1297 notas
1221 1250 1290 1296 fae
1317 1249 1445 1306 mihi,
1463 1260 1504 1295 et
1524 1250 1692 1296 semitas

312 1346 332 1366 ›>
354 1334 448 1369 tuas
466 1323 574 1369 doce
598 1324 742 1370 me‘2.»
771 1324 827 1368 Et
851 1324 897 1369 in
919 1340 968 1368 eo
992 1322 1112 1386 quod
1137 1322 1200 1368 ibi
1221 1321 1391 1367 dictum
1411 1332 1692 1385 est‚l)emtus
1752 1357 1756 1372 ἶ

307 1412 404 1440 esse
435 1399 524 1439 ista
549 1394 791 1439 sensc‘bz‘lza
807 1393 1036 1455 fizgz'elzsla
1053 1430 1063 1448 ‚
1087 1393 1332 1439 cavendum
1357 1391 1441 1438 fuit
1464 1410 1517 1438 ne
1553 1403 1691 1455 puta—
1752 1399 1756 1443 ’ξ

309 1464 584 1510 remurillam
598 1464 837 1528 Porphyrii
856 1463 950 1510 falsi
967 1463 1228 1528 philosophi
1252 1474 1393 1508 tenere
1413 1463 1687 1517 sententiam,
1753 1487 1757 1530 ·Ι

310 1553 396 1598 qua
429 1535 537 1581 dixit
566 1555 576 1582 ε
619 1536 761 1582 Omne
798 1552 959 1599 corpus
985 1552 1073 1581 esse
1109 1533 1379 1594 fugiendum.
1415 1533 1513 1579 Non
1547 1544 1691 1579 autem

309 1606 396 1651 dixi
417 1623 492 1666 ego
517 1606 663 1652 omnia
696 1606 915 1652 sensibilia
933 1643 944 1662 ‚
987 1605 1059 1652 sed
1100 1610 1188 1651 ista
1212 1642 1223 1661 ‚
1252 1605 1339 1650 hoc
1362 1615 1449 1661 est,
1473 1604 1691 1668 corrupti·
1754 1612 1756 1616 ⁴

309 1676 442 1731 bilia;
475 1676 548 1721 sed
572 1676 658 1722 hoc
693 1677 839 1740 potius
869 1675 1107 1722 dicendum
1130 1675 1240 1732 fuit,
1283 1676 1382 1721 Non
1408 1685 1551 1721 autem
1582 1675 1686 1721 talia
1754 1684 1757 1735 3

307 1747 524 1793 sensibilia
548 1746 694 1793 futura
716 1758 815 1793 sunt
839 1747 883 1792 in
906 1745 1045 1793 futuri
1074 1746 1226 1793 saeculi
1243 1746 1357 1793 coelo
1381 1763 1494 1792 novo
1512 1756 1553 1792 et
1577 1757 1690 1792 terra
1753 1749 1757 1776 ³

311 1834 438 1864 nova.
1755 1873 1757 1881 A

373 1891 448 1938 lV.
478 1895 587 1937 Item
605 1891 795 1954 quodam
815 1891 912 1937 1000
939 1891 1027 1937 dixi
1046 1928 1057 1948 ,
1081 1891 1203 1955 quod
1223 1890 1469 1955 disciplinis
1492 1890 1688 1937 liberali-
1755 1935 1757 1941 ,

309 1962 392 2007 bus
431 1961 615 2016 eruditi,
658 1962 748 2008 sine
781 1961 921 2008 dubio
957 1962 1003 2008 in
1049 1979 1091 2007 se
1134 1962 1228 2008 illas
1260 1962 1480 2008 oblivione
1507 1962 1689 2010 *obrutas

305 2043 464 2077 eruunt
490 2032 695 2077 discendo
715 2068 726 2088 ‚
763 2043 804 2078 et
837 2031 1031 2095 quodam
1059 2033 1189 2078 modo
1212 2033 1445 2080 refodiunt.
1485 2032 1567 2078 Sed
1600 2033 1689 2080 hoc
1754 2031 1757 2041 ‘

306 2119 481 2166 quoque
503 2103 709 2166 improbo
738 2121 748 2148 ε
777 2102 1032 2149 credibilius
1055 2115 1118 2149 est
1154 2105 1268 2150 enim
1292 2141 1304 2160 ,
1333 2114 1564 2167 propterea
1588 2121 1688 2150 vera

305 2172 565 2237 respondere
605 2173 657 2219 de
683 2173 951 2237 quibusdam
987 2173 1231 2237 disciplinis
1257 2212 1268 2227 ,
1298 2175 1427 2220 etiam
1462 2175 1687 2238 imperitos

306 2261 484 2301 earum,
516 2245 694 2308 quando
730 2246 842 2291 bene
881 2245 1232 2305 interrogantur,
1268 2247 1372 2309 quia
1409 2262 1595 2310 praesens
1622 2256 1686 2291 est

304 2315 380 2372 eis,
409 2327 624 2379 quantum
647 2316 694 2362 id
718 2332 872 2379 capere
892 2326 1092 2379 possunt,
1114 2316 1261 2361 lumen
1292 2317 1469 2362 rationis
1488 2326 1680 2371 aeternae,

305 2385 383 2431 ubi
400 2385 498 2432 haec
515 2386 811 2433 immutabilia
841 2403 940 2432 vera
964 2387 1267 2450 conspiciunt3
1295 2404 1382 2432 non
1402 2387 1505 2450 quia
1532 2405 1580 2433 ea
1600 2404 1683 2433 no-

304 2467 457 2502 verant
480 2456 716 2520 aliquando
736 2494 747 2512 ‚
775 2468 815 2503 et
840 2456 965 2503 obliti
990 2468 1119 2522 sunt,
1139 2457 1259 2520 quod
1287 2457 1484 2514 Platoni,
1504 2457 1570 2504 vel
1588 2457 1684 2503 tali-

305 2527 388 2574 bus
424 2527 561 2575 visum
593 2539 672 2577 est.
712 2530 879 2576 Contra
909 2545 1095 2592 quorum
1121 2529 1371 2592 opinionem
1405 2539 1570 2593 quanta
1600 2544 1682 2593 pro

354 2637 364 2659 ¹
385 2638 481 2671 Joau.
504 2648 536 2677 x,
559 2638 615 2669 3ο.
633 2654 677 2662 -
693 2635 774 2670 21d.
795 2649 862 2677 xxv,
876 2639 910 2672 6.
928 2656 971 2662 —
988 2635 1004 2660 3
1023 2638 1104 2669 Psal.
1123 2649 1211 2676 xxiv,
1233 2644 1264 2674 4.
