1769 3235
524 247 734 279 Erisrom
771 249 950 280 ccnxm.
1352 238 1451 296 405

31 378 33 389 A

3 380 7 407 Ι
24 377 32 420 iu
72 405 741 419 ωιαΑ-Μωυιαιωιιιιιιςιακννινι,
752 409 799 419 w
814 410 930 421 ιιι-,ἱ
938 412 1319 426 mstsumxzsssu
1327 415 1382 426 “s
1391 416 1448 426 *aa

0 430 30 484 -l

0 500 29 533 Α·

16 619 25 693 l

19 748 22 778 l

477 524 738 567 EPISTOLA
773 525 977 569 CCLXIII
996 528 1027 570 ¹.

68 658 248 697 Dominae
276 658 568 711 religiosissima:
597 669 636 698 et
668 669 805 698 sant-tte
832 660 918 698 filiae
950 660 1102 699 Simoffi
1132 663 1372 703 Aucosrmus
1406 665 1444 702 in

572 721 744 759 Domino
761 720 944 761 salutem.

15 879 17 897 ι
68 854 347 911 Augustinus
373 855 557 911 Sapidoe
585 855 758 911 virgini
780 855 1007 896 renuntiat
1027 869 1069 896 se
1098 857 1307 910 accepisse
1329 859 1444 898 tuni-

124 938 222 964 cam
239 923 376 979 ipsius
399 923 606 964 manibus
623 933 873 964 contest-tam
891 924 1030 980 fratri
1043 956 1052 971 ,
1072 939 1199 978 quem
1221 926 1313 980 ipsa
1328 941 1446 966 mor·

123 999 242 1031 tuum
264 990 456 1048 lugebat,
477 993 665 1046 jamque
689 1007 806 1039 eum,
832 992 941 1046 quod
964 992 1138 1048 Sapida
1151 993 1342 1048 prwbere'
1358 993 1444 1034 sita·

122 1058 332 1101 solatium
358 1061 597 1116 expetierat
614 1092 624 1108 ‚
655 1062 868 1108 imtm'sse;
895 1072 1096 1101 caeterum
1121 1061 1362 1102 adhortans
1384 1062 1443 1101 ad

125 1126 370 1169 uberiorem
392 1129 693 1183 verioremque
709 1129 1044 1171 consolationem
1068 1129 1372 1185 usurpandam
1388 1145 1441 1171 ea:

121 1193 463 1252 Scripturarum
480 1196 747 1238 divinarum
768 1196 871 1253 side.

130 1347 163 1394 l.
193 1349 353 1393 Accam
385 1347 503 1411 quod
543 1347 596 1393 de
619 1348 749 1408 Justis
773 1359 815 1394 et
841 1349 926 1412 piis
964 1348 1192 1394 laboribus
1226 1366 1436 1395 manuum

62 1428 234 1465 tuarum
256 1436 322 1465 me
345 1419 542 1482 accipere
566 1419 762 1475 voluisti,
790 1437 842 1465 ne
868 1431 907 1465 te
927 1419 1097 1479 gravius
1114 1419 1432 1476 contristarem,

61 1507 194 1554 quam
213 1490 358 1554 potius
391 1489 701 1536 consolandam
725 1490 935 1547 viderem3
965 1490 1206 1554 praesertim
1228 1490 1330 1554 quia
1350 1491 1439 1537 hoc

60 1562 205 1625 ipsum
230 1571 353 1607 tuum
376 1578 464 1607 non
487 1578 673 1625 parvum
695 1561 1013 1625 deputastiesse
1029 1561 1250 1615 solatium,
1273 1562 1306 1607 si
1327 1579 1435 1617 eam,

60 1650 191 1697 quarn
213 1650 415 1693 germano
440 1643 515 1679 tuo
537 1644 687 1679 sancto
713 1634 792 1679 Dei
823 1633 1021 1679 ministro
1053 1632 1212 1678 feceras
1240 1633 1435 1680 tunicam

60 1721 136 1765 ego
155 1704 376 1758 induerem
396 1721 494 1750 cum
511 1708 602 1765 jam
622 1723 642 1750 a
662 1716 774 1750 terra
791 1704 1070 1750 morientium
1093 1702 1295 1749 recedens
1307 1704 1436 1750 nullis

60 1776 188 1821 rebus
213 1775 577 1839 corruptibilibus
599 1775 824 1836 indigeret.
866 1775 965 1820 Feci
989 1792 1089 1835 ergo
1113 1773 1230 1837 quod
1264 1774 1436 1820 deside-

59 1846 184 1898 rasti,
208 1857 248 1891 et
269 1846 588 1910 qualecumque
608 1847 693 1892 hoc
711 1846 1015 1892 existimaveris
1033 1884 1043 1903 ,
1062 1845 1128 1890 vel
1146 1845 1438 1909 quantulum-

60 1935 249 1982 cumque
276 1918 477 1964 solatium
500 1955 510 1974 ‚
540 1929 614 1964 tuo
636 1936 732 1979 erga
766 1918 939 1964 fratrem
962 1917 1131 1981 pectori
1151 1934 1239 1962 non
1264 1918 1431 1976 negavi.

61 1990 234 2035 Missam
262 1989 338 2035 abs
377 2000 416 2035 te
453 1989 645 2036 tunicam
680 1989 861 2053 accepi,
901 1999 942 2034 et
976 1987 1154 2051 quando
1182 1987 1279 2033 haec
1314 1987 1369 2033 ad
1397 1999 1436 2034 te

58 2059 230 2123 scripsi,
264 2077 312 2105 ea
338 2077 404 2105 me
427 2061 581 2106 vestire
601 2063 692 2120 jam
720 2077 956 2124 coeperam.
986 2061 1110 2104 Bono
1144 2059 1288 2104 animo
1315 2070 1436 2113 esto;

57 2131 130 2177 sed
149 2130 286 2176 multo
307 2131 576 2186 melioribus,
605 2131 831 2195 multoque
859 2130 1099 2191 majoribus
1123 2129 1437 2175 consolationi-

58 2202 140 2248 bus
175 2212 321 2256 utere,
366 2212 413 2246 ut
443 2202 648 2247 nubilum
682 2202 745 2247 tui
786 2200 931 2247 cordis
959 2201 1154 2246 humana
1186 2200 1439 2246 infirmitate

59 2283 335 2320 contractum
356 2310 366 2326 ‚
406 2284 626 2319 serenetur
657 2273 916 2319 auctoritate
951 2271 1114 2318 divina.
1162 2272 1215 2316 Et
1240 2288 1440 2334 perseve-

57 2355 203 2391 ranter
220 2345 278 2389 ita
298 2344 411 2401 vive,
437 2355 485 2390 ut
505 2361 606 2390 cum
625 2345 753 2391 fratre
771 2344 907 2399 vivas,
927 2342 1134 2407 quoniam
1160 2342 1221 2388 sic
1240 2353 1440 2389 mortuus

57 2426 119 2462 est
140 2426 240 2461 tuus
255 2414 412 2471 frater„
445 2426 494 2461 ut
517 2417 648 2461 vivat.

124 2488 183 2533 11.
227 2487 302 2532 Est
335 2486 513 2550 quidem
549 2487 747 2534 materies
771 2486 1096 2550 lacrymarum,
1127 2483 1245 2550 quod
1270 2501 1439 2546 germa-

105 2586 225 2619 ¹Alias
243 2598 376 2619 cctvur.
406 2598 476 2631 quae
499 2594 605 2620 autem
634 2590 699 2620 263
726 2594 814 2626 erat,
844 2598 930 2620 nunc
957 2588 1035 2620 230.
