1769 3235
332 219 417 266 168
745 234 779 263 5.
828 233 1068 265 AUGUS'HM
1105 236 1311 266 Eriscom

327 311 395 346 tus
415 300 646 364 Apostolus
670 299 824 363 plenus
854 300 1091 346 visceribus
1114 302 1337 348 charitatis
1359 304 1634 362 confiteatur,
1656 316 1698 352 et

328 371 446 417 dieat
467 393 485 411 «
515 371 623 428 Quis
649 371 894 416 infirmatur
913 383 954 415 et
973 389 1058 416 non
1085 390 1160 432 ego
1181 373 1416 419 infirmor?
1458 375 1554 437 quis
1571 393 1698 421 scan-

330 464 350 483 ›>
372 441 600 496 dalizatur,
631 452 672 486 et
709 459 794 486 non
836 458 913 500 ego
951 441 1081 486 uror4
1104 445 1121 487 ἶ)
1147 464 1165 483 »
1203 443 1327 488 Γῃάθ
1358 445 1482 489 etiam
1508 462 1584 504 ego
1608 446 1700 509 ipse

329 522 639 575 compunctus,
669 522 709 556 et
733 529 813 574 pro
841 523 933 565 tua,
960 529 1059 574 quae
1086 513 1129 557 in
1157 513 1333 558 Christo
1357 524 1434 568 est,
1464 513 1597 560 salute
1614 515 1699 560 sol-

325 583 487 639 licitus,
512 582 592 627 has
615 581 680 627 vel
702 582 1023 636 consolatorias,
1045 582 1113 627 vel
1141 583 1452 629 exhortatorias
1466 584 1628 630 litteras
1647 585 1702 630 ad
1765 606 1769 635 ;

330 665 450 699 tuam
490 653 761 699 sanctitatem
798 653 963 698 dandas
995 654 1147 716 putavi
1177 654 1413 717 :quoniam
1439 656 1491 714 in
1523 656 1703 702 Domini

328 725 466 770 nostri
501 727 599 769 Jesu
626 723 794 769 Christi
831 740 1013 787 corpore
1031 760 1040 778 ,
1068 723 1187 786 quod
1209 734 1270 768 est
1296 724 1486 770 Ecclesia
1527 729 1618 784 ejus
1663 737 1704 772 et

326 796 468 842 unitas
483 795 780 841 membrorum
802 798 908 854 ejus,
931 795 1253 854 germanissima
1273 795 1400 840 nobis
1420 793 1533 842 facta
1550 813 1591 841 es
1604 813 1705 860 quae
1748 813 1751 820 ·

331 878 543 930 tanquam
577 865 838 911 honorabile
859 865 1105 910 membrum
1127 872 1172 910 ln
1198 869 1288 924 ejus
1317 882 1528 928 compage
1551 865 1707 927 dilige·
1748 874 1751 911 ἶ

329 939 407 994 ris,
429 949 472 983 et
486 937 718 982 nobiscum
734 935 852 982 illius
871 946 1020 981 saneto
1045 935 1214 998 Spiritu
1231 936 1355 981 vivis.

392 1009 451 1054 ΙΙ.
472 1007 598 1053 Unde
616 1018 654 1053 te
669 1006 880 1052 admoneo
899 1023 951 1051 ne
963 1006 1134 1066 gravius
1157 1006 1426 1069 perturberis
1443 1007 1512 1053 his
1528 1007 1708 1054 scanda-
1749 1008 1769 1056 'i-s'

326 1079 395 1135 lis,
414 1078 625 1141 quaeideo
644 1088 826 1124 ventura
848 1076 1062 1140 praedicta
1079 1088 1197 1133 sunt,
1220 1088 1268 1122 ut
1288 1077 1469 1140 quando
1491 1079 1706 1135 venirent,

331 1149 706 1195 reminisceremur
724 1165 811 1195 esse
830 1148 1062 1212 praedicta,
1090 1159 1131 1193 et
1162 1165 1248 1194 non
1289 1148 1346 1193 eis
1368 1148 1493 1194 valde
1512 1166 1712 1194 commo-

331 1238 544 1267 veremur.
573 1221 685 1266 Nam
700 1221 799 1266 haec
825 1221 916 1283 ipse
952 1220 1165 1265 Dominus
1188 1220 1235 1264 in
1266 1220 1501 1279 Evangelio
1522 1220 1580 1266 ita
1601 1237 1711 1283 prae-
1750 1229 1769 1265 5·

333 1292 464 1347 dixit3
485 1292 594 1337 «Vae
610 1291 776 1337 mundo
792 1290 847 1337 ab
863 1290 1077 1336 scandalis
1098 1308 1108 1334 :
1130 1300 1302 1353 oportet
1317 1290 1460 1336 venire
1479 1290 1707 1337 scandala:
1750 1291 1761 1333 ζ

334 1386 354 1405 »
378 1380 446 1409 vae
472 1374 615 1408 autem
649 1362 820 1407 bomini
845 1361 906 1406 illi
932 1378 1008 1424 per
1037 1377 1166 1424 quem
1191 1359 1447 1406 scandalum
1475 1362 1594 1407 venit
1613 1362 1631 1390 ²
1658 1380 1669 1406 ι
1691 1384 1711 1403 »

336 1436 425 1493 Qui
446 1445 547 1481 sunt
570 1434 653 1497 ipsi
677 1433 900 1489 homines,
925 1432 1005 1477 nisi
1027 1431 1080 1477 de
1103 1431 1267 1494 quibus
1291 1430 1401 1477 dicit
1436 1432 1670 1495 Apostolus
1698 1450 1708 1477 :

335 1528 354 1548 «
377 1507 465 1552 Sua
494 1515 759 1568 quaerentes,
799 1520 886 1549 non
917 1519 1016 1566 quae
1043 1505 1143 1547 Jesu
1179 1501 1345 1546 Christi
1381 1500 1414 1547 3.
1439 1522 1459 1542 ›>
1502 1501 1588 1548 Alii
1613 1512 1714 1548 sunt

336 1594 436 1637 ergo
456 1577 531 1640 qui
554 1587 784 1639 propterea
802 1584 949 1618 tenent
965 1571 1201 1636 pastorales
1220 1570 1463 1629 cathedras,
1481 1582 1528 1618 ut
1548 1571 1714 1618 Christi

337 1648 540 1708 gregibus
584 1645 837 1697 consulant;
869 1644 939 1690 alii
972 1660 1072 1689 vero
1109 1643 1185 1706 qui
1224 1653 1457 1705 propterea
1492 1643 1537 1688 in
1561 1643 1619 1689 eis
1647 1660 1715 1688 se-

332 1718 453 1776 dent,
480 1729 528 1763 ut
550 1717 636 1763 suis
661 1716 904 1762 honoribus
934 1713 1249 1777 temporalibus
1281 1724 1324 1757 et
1358 1712 1600 1759 commodis
1626 1730 1715 1759 533-

338 1788 562 1834 cularibus
598 1786 827 1847 gaudeant.
888 1788 972 1830 Ista
1013 1784 1102 1829 duo
1134 1800 1287 1843 genera
1322 1794 1546 1846 pastorum
1569 1819 1581 1839 ,
1626 1783 1718 1829 aliis

341 1859 646 1914 morientibus,
674 1857 767 1903 aliis
789 1856 1086 1911 nascentibus,
1117 1854 1158 1900 in
1195 1854 1287 1917 ipsa
1305 1854 1534 1900 Catholica
1551 1871 1718 1900 neeesse

341 1942 403 1977 est
425 1947 562 1994 usque
583 1929 638 1975 ad
679 1930 808 1975 finem
833 1928 979 1974 saeculi
1004 1938 1045 1973 et
1062 1942 1196 1990 usque
1221 1925 1277 1970 ad
1301 1925 1479 1971 Domini
1495 1925 1718 1985 judicium

342 2010 628 2066 perseverent.
661 1999 706 2045 Si
738 1999 849 2044 enim
877 1997 1149 2061 temporibus
1190 1995 1500 2058 Apostolorum
1541 1996 1718 2042 fuerunt

342 2073 463 2127 tales,
486 2071 598 2116 inter
617 2086 726 2133 quos
745 2069 872 2115 falsos
885 2069 1036 2114 fratres
1061 2066 1294 2130 Apostolus
1315 2077 1518 2126 gemeret,
1546 2067 1719 2114 etdice-

344 2154 436 2190 ret:
465 2163 484 2183 α
508 2140 716 2187 periculis
733 2140 777 2185 in
805 2139 921 2185 falsis
937 2138 1149 2184 fratribus
1170 2137 1216 2192 43
1244 2158 1263 2178 ›>
1278 2154 1356 2182 nec
1378 2153 1448 2182 eos
1468 2155 1547 2200 per
1562 2155 1720 2201 super-

340 2214 460 2259 biam
479 2221 712 2275 separaret,
730 2210 802 2257 secl
844 2227 922 2274 per
953 2208 1225 2255 tolerantiam
1267 2207 1516 2265 sustineret3
1553 2219 1719 2271 quanto

1751 2055 1755 2086 -Ἴ
1751 2026 1756 2045 ς
1751 1980 1755 2014 -Ἲ
1750 1483 1758 1972 -ν--ᾐη-..νυ--.ηη-ῄςῃψ-η-τ-
1750 1427 1757 1474 „vm
1750 1362 1754 1419 ..τῇ
1750 1349 1752 1355 -

344 2284 479 2344 magis
497 2282 768 2346 temporibus
786 2280 940 2326 nostris
964 2296 1131 2325 necesse
1154 2289 1216 2323 est
1232 2288 1279 2323 ut
1304 2279 1516 2334 sint,cum
1537 2278 1591 2324 de
1615 2290 1718 2324 tem·
1752 2306 1757 2313 ·

346 2371 452 2418 pore
469 2354 599 2413 hujus
621 2351 788 2407 saeculi,
810 2349 930 2415 quod
965 2350 1238 2413 propinquat
1267 2347 1320 2393 ad
1344 2348 1494 2405 finem,
1533 2351 1718 2413 apertis·
1752 2377 1757 2382 ·

346 2425 451 2471 sime
482 2424 695 2471 Dominus
733 2422 851 2469 dicat
875 2440 886 2467 :
909 2443 929 2463 «
956 2420 1178 2479 Quoniam
1220 2419 1469 2466 abundabit
1491 2421 1716 2485 iniquitas,

399 2526 410 2546 ¹
436 2536 445 2554 ι
468 2526 542 2557 Cor.
564 2535 614 2568 xx,
635 2535 692 2565 29.
722 2542 765 2547 —
785 2522 800 2545 ²
827 2522 946 2556 Manli.
967 2533 1059 2566 mu,
1083 2534 1111 2562 7.
1136 2539 1180 2546 ——
1197 2519 1211 2543 3
1233 2521 1350 2565 Philip.
1375 2532 1399 2553 ιι
1414 2546 1425 2563 ,
1442 2533 1496 2554 21.
1511 2536 1556 2544 -·
1575 2519 1588 2544 ⁴
1605 2533 1622 2553 2
1641 2524 1718 2557 Cor.
1752 2527 1755 2557 J

349 2593 381 2614 xi
398 2605 406 2620 ,
426 2583 482 2613 26.
