1769 3235
325 236 416 283 508
732 253 767 282 s.
811 251 1056 285 AUGuani
1093 253 1300 285 EPlSCOPI

324 327 433 363 rant.
457 317 565 362 Item
585 316 706 381 quod
724 316 830 374 dixi,
850 318 1005 364 Nemo
1026 321 1167 382 igitur
1191 320 1379 365 beatam
1403 323 1537 366 witam
1558 326 1700 378 novit,

327 398 372 430 et
395 390 537 431 miser
558 398 657 442 est;
683 387 830 443 novit,
860 387 945 434 dixi
966 426 975 442 ,
1004 389 1226 453 quomodo
1250 390 1466 436 noscenda
1486 401 1562 438 est.
1591 393 1704 438 Nam

326 457 424 519 quis
442 474 532 502 eam
560 457 732 521 penitus
756 459 913 516 nescit,
942 477 1091 506 eorum
1111 461 1320 507 duntaxat
1339 461 1518 523 quijam
1541 462 1706 508 ratione

329 537 536 581 utuntur3
560 528 738 591 quando
755 528 933 591 quidem
952 531 1100 577 beatos
1126 548 1167 577 se
1187 548 1274 577 esse
1298 531 1403 577 velle
1423 536 1672 578 noverunt?

395 613 547 644 xxxvi.
580 599 644 643 De
662 597 892 646 nutrienda
911 601 1138 647 charitate.
1164 601 1252 646 Ubi
1272 600 1382 656 dixi,
1415 606 1545 648 Deus
1569 604 1711 664 egitur

328 679 374 713 et
398 672 588 713 animus
605 686 700 732 quo
724 682 927 729 amatur,
953 672 1159 717 charitas
1176 675 1378 735 proprie
1407 673 1710 737 diciturpur-

324 740 566 801 gatissima
601 750 646 784 et
689 752 1021 785 consummant
1043 776 1052 793 ‚
1097 746 1139 787 si
1172 741 1297 787 nslzil
1330 741 1467 786 aliud
1501 753 1703 789 cantatur.

331 806 463 864 Quod
482 808 515 853 si
536 825 686 855 verum
706 820 790 865 est,
808 809 1032 872 quomodo
1051 827 1151 871 ergo
1173 810 1402 874 Apostolus
1423 811 1482 857 ait
1505 829 1515 856 :
1535 833 1554 853 «
1573 812 1711 858 Nemo

329 898 350 920 ›>
369 894 562 942 unquam
597 897 771 925 carnem
801 897 923 925 suam
948 881 1048 927 odio
1074 880 1268 927 habuit1
1289 884 1308 927 Ρ
1335 902 1354 923 ›>
1379 883 1434 927 Et
1454 899 1500 927 ex
1523 882 1611 928 hoc
1634 882 1713 928 ad-

330 960 474 996 monet
494 961 541 996 ut
560 950 799 1010 diligantur
819 968 979 998 uxores.
1001 953 1085 998 Sed
1110 953 1207 999 ideo
1226 952 1394 998 dictum
1419 955 1715 1017 est‚pr0prc'e

331 1021 518 1066 dilectio
548 1020 734 1077 dicitur,
772 1024 979 1086 quoniam
1008 1041 1110 1070 caro
1151 1023 1346 1084 diligitur
1384 1024 1593 1087 quidem,
1634 1041 1712 1070 nec

333 1100 475 1136 tamen
506 1092 705 1155 proprie,
751 1093 820 1139 sed
860 1105 1044 1158 propter
1086 1095 1276 1140 animam
1315 1094 1387 1140 cui
1422 1094 1620 1154 subjacet
1661 1093 1716 1140 ad

335 1177 475 1208 usum.
514 1163 624 1208 Nam
667 1164 742 1210 etsi
776 1176 958 1229 propter
992 1183 1034 1211 se
1062 1166 1201 1230 ipsam
1238 1164 1412 1211 videtur
1437 1165 1588 1225 diligi,
1615 1182 1716 1211 cum

335 1250 426 1277 eam
455 1233 658 1279 nolumus
693 1252 778 1280 esse
812 1236 1048 1282 deformem
1069 1273 1078 1291 ‚
1110 1236 1164 1282 ad
1205 1235 1324 1283 aliud
1358 1235 1630 1282 referendum
1656 1246 1719 1281 est

336 1302 469 1348 decus
493 1308 608 1364 ejus,
652 1305 704 1350 ad
732 1306 840 1352 illud
865 1307 1053 1358 scilicet,
1083 1326 1104 1352 a
1133 1324 1221 1371 quo
1247 1307 1405 1353 decora
1428 1317 1528 1352 sunt
1550 1306 1712 1353 omnia.
1762 1351 1766 1356 Α

404 1392 577 1421 xxxvu.
623 1377 684 1422 De
702 1394 873 1441 semper
891 1388 1007 1424 nato.

402 1462 592 1493 xxxviii.
637 1447 700 1492 De
721 1449 1066 1494 conformatione
1092 1450 1262 1497 animae,

405 1534 558 1563 xxxix.
597 1518 659 1581 De
688 1518 921 1567 alimentis,

406 1605 473 1634 xL.
507 1588 619 1633 Cum
659 1589 902 1635 animarum
928 1601 1080 1636 natura
1112 1607 1199 1636 una
1224 1590 1311 1646 sit,
1342 1588 1457 1635 unde
1491 1588 1719 1634 hominum

338 1659 520 1705 diversae
544 1659 805 1707 voluntates.

403 1747 490 1776 xm.
532 1732 643 1775 Cum
675 1730 823 1776 omnia
860 1732 975 1777 Deus
1006 1731 1154 1777 fecerit
1175 1767 1186 1785 ,
1219 1748 1353 1796 quare
1385 1748 1471 1776 non
1496 1728 1722 1793 aequaliter

338 1801 501 1847 fecerit.

401 1889 508 1917 xm.
556 1872 940 1928 Quemadmodum
977 1873 1056 1919 Dei
1096 1873 1309 1937 sapientia
1350 1872 1564 1918 Dominus
1602 1875 1722 1917 Jesus

336 1942 535 1988 Christus
561 1953 602 1987 et
630 1942 674 1988 in
708 1953 835 1989 utero
860 1945 1007 1990 matris
1029 1943 1160 1989 fuerit
1177 1956 1220 1990 et
1242 1945 1287 1989 in
1311 1944 1449 1990 coelis.

406 2030 530 2060 me.
575 2013 721 2070 Quare
751 2015 884 2060 Filius
911 2016 988 2061 Dei
1014 2016 1058 2061 in
1082 2015 1259 2061 homine
1284 2014 1512 2079 apparuit,
1540 2023 1581 2059 et
1610 2013 1718 2076 Spi-

340 2084 449 2130 ritus
479 2094 652 2130 sanctus
678 2085 720 2130 in
745 2085 953 2131 columba
974 2087 1008 2132 2.

406 2171 523 2201 xmv.
547 2155 695 2211 Quare
722 2166 841 2201 tanto
864 2167 961 2220 post
985 2156 1102 2202 venit
1124 2156 1338 2202 Dominus
1355 2156 1477 2201 Jesus
1498 2155 1719 2201 Christus,

341 2226 427 2270 Ubi
448 2242 548 2270 curn
579 2226 743 2286 generis
767 2227 949 2273 humani
978 2237 1186 2290 tanquam
1207 2227 1334 2273 unius
1357 2226 1550 2272 hominis
1575 2236 1723 2271 aetates

337 2313 725 2343 commemorarem
745 2335 756 2354 ‚
791 2297 879 2344 dixi
907 2315 916 2343 ε
953 2302 1054 2345 Nec·
1084 2303 1289 2361 oportuit
1317 2301 1469 2342 venire
1500 2295 1723 2341 (livinitus

341 2370 648 2430 ηιαςιζςίνιιιη,
672 2371 809 2431 cujus
840 2373 1102 2415 imitatione
1127 2374 1173 2415 in
1208 2387 1358 2415 mores
1393 2374 1592 2433 oplc'mos
1610 2368 1722 2426 for-

334 2450 556 2495 maretur,
595 2444 690 2486 nisi
715 2452 923 2505 tempore
940 2441 1213 2503 juvencalis.
1253 2443 1307 2488 Et
1342 2440 1520 2501 adJ‘unxi
1556 2438 1722 2485 adhoc

333 2510 472 2556 valere
496 2511 615 2574 quod
640 2512 873 2576 Apostolus
895 2512 1026 2567 dixit,
1051 2513 1134 2559 sub
1160 2515 1270 2574 Lege
1293 2523 1500 2576 tanquam
1522 2510 1606 2556 sub
1628 2525 1720 2575 pae·

382 2593 390 2614 ¹
416 2592 530 2636 Ephes.
552 2605 582 2635 v,
609 2606 663 2635 29.
689 2614 732 2619 —
758 2594 773 2617 ²
796 2596 915 2628 Matih.
938 2607 992 2633 ιιι,
1025 2596 1075 2627 ιδ,
1180 2580 1190 2594 ’
