1769 3235
504 287 715 321 EPISTOLA
752 289 957 321 CLXXXIX.
1352 288 1400 336 17

40 372 120 419 pax
147 356 338 404 humana
359 366 442 402 tam
466 354 605 401 dulcis
633 366 693 402 est
724 372 805 419 pro
830 353 1057 418 temporali
1081 352 1216 400 salute
1236 364 1403 401 morta-

37 426 142 473 lium
163 465 173 482 ,
203 437 367 492 quanto
389 436 450 471 est
472 425 644 471 dulcior
677 443 760 489 pax
795 425 942 472 divina
968 442 1050 488 pro
1084 435 1243 470 aeterna
1268 425 1403 471 salute

42 497 335 558 Angelorum?
361 499 511 559 Itaque
543 496 711 542 hostem
745 506 1009 559 pugnantem
1043 495 1266 540 necessitas
1284 497 1404 558 peri-

38 579 152 623 mat,
177 585 263 614 non
285 567 498 615 voluntas.
529 567 653 613 Sicut
675 565 903 613 rebellanti
928 576 970 610 et
995 565 1206 610 resistenti
1234 565 1402 611 violen-

37 638 95 684 tia
114 639 329 695 redditur,
346 639 404 683 ita
418 638 532 683 victo
552 638 617 684 vel
637 648 768 701 capto
783 636 1179 695 misericordiajam
1199 635 1401 692 debetur,

37 708 215 754 maxime
233 709 275 754 iu
304 725 390 771 quo
414 708 534 771 pacis
559 707 834 771 perturbatio
855 724 944 752 non
968 706 1158 754 timetur.

100 778 198 825 VII.
229 780 368 825 Ornet
385 795 522 824 mores
544 789 639 824 tuos
664 777 880 842 pudicitia
900 777 1140 837 conjugalis
1155 814 1165 834 ,
1199 787 1323 823 ornet
1345 794 1411 823 so·

35 848 193 895 brietas
211 860 252 895 et
270 849 494 910 frugalitas
522 867 532 894 ε
560 849 687 895 valde
708 849 822 895 enim
850 859 978 912 turpe
996 859 1085 905 est,
1112 859 1299 912 utquem
1322 865 1411 894 non

34 918 170 965 vincit
192 919 354 977 homo,
385 919 532 966 vincat
560 919 727 973 libid03
756 929 797 964 et
817 920 1032 965 obruatur
1064 919 1194 976 vino,
1222 919 1296 982 qui
1324 935 1413 964 non

34 989 224 1036 vincitur
246 991 374 1036 ferro.
397 990 574 1037 Divitiae
589 990 815 1037 saeculares
837 991 871 1036 si
896 990 1077 1045 desunt,
1101 1008 1186 1036 non
1204 1008 1281 1054 per
1300 989 1413 1035 mala

34 1077 165 1123 opera
184 1072 438 1124 quaerantur
467 1062 511 1107 in
547 1061 734 1118 mund03
760 1061 793 1106 si
816 1072 959 1107 autem
992 1061 1174 1116 adsunt,
1198 1078 1277 1125 per
1296 1061 1414 1106 bona

33 1146 164 1194 opera
180 1142 402 1178 serventur
416 1132 458 1177 in
479 1132 609 1179 coelo.
638 1132 842 1177 Animum
863 1132 1029 1177 virilem
1052 1133 1412 1187 etchristianum,

33 1217 111 1246 nec
131 1201 289 1247 debent
308 1239 319 1258 ,
341 1201 373 1247 si
401 1202 615 1247 accedunt
634 1238 643 1257 ,
667 1201 865 1247 extollere
883 1222 894 1255 ;
918 1220 997 1247 nec
1018 1203 1180 1247 debent
1197 1202 1411 1262 frangere,

33 1271 64 1318 si
89 1272 310 1320 recedunt.
337 1273 452 1319 Illud
485 1273 630 1336 potius
660 1273 900 1332 cogitemus
924 1272 1046 1336 quod
1074 1273 1288 1319 Dominus
1312 1272 1371 1318 ait
1400 1290 1408 1316 :

33 1362 51 1382 «
78 1341 162 1387 Ubi
181 1353 244 1388 est
268 1343 495 1389 thesaurus
516 1353 613 1389 tuus
632 1380 642 1397 ,
666 1343 729 1389 ibi
746 1343 826 1388 erit
842 1353 884 1388 et
904 1360 980 1388 cor
1005 1353 1132 1389 tuum
1150 1342 1193 1396 1;
1219 1365 1239 1384 »
1263 1353 1304 1389 et
1325 1343 1416 1388 uti-

33 1428 116 1476 que
138 1429 238 1459 cum
270 1414 469 1460 audimus
498 1425 547 1459 ut
574 1431 648 1460 cor
678 1430 849 1460 sursum
879 1413 1122 1460 habeamus
1140 1451 1149 1469 ‚
1178 1431 1264 1460 non
1296 1431 1414 1460 men-

33 1482 197 1529 daciter
218 1483 476 1548 respondere
503 1483 711 1530 debemus
730 1520 740 1539 ,
775 1483 896 1546 quod
924 1483 1041 1529 nosti
1081 1484 1183 1548 quia
1220 1501 1407 1548 respon-

35 1552 205 1602 demus,

97 1625 223 1671 VIII.
256 1625 310 1671 Et
326 1625 371 1671 in
388 1624 457 1671 his
471 1624 646 1688 quidem
664 1626 775 1671 bene
792 1624 1036 1671 studiosum
1053 1635 1094 1670 te
1107 1641 1191 1671 esse
1204 1626 1408 1685 cognovi,

31 1707 71 1742 et
88 1695 200 1742 fama
222 1707 297 1742 tua
319 1696 505 1742 multum
523 1696 733 1752 delector,
759 1696 1036 1760 multumque
1056 1695 1137 1741 tibi
1158 1695 1201 1741 in
1224 1697 1412 1743 Domino

33 1766 243 1825 gratulor,
264 1767 324 1813 ita
348 1778 397 1812 ut
414 1767 512 1813 haec
538 1766 730 1829 Epistola
757 1767 892 1826 magis
911 1767 993 1812 tibi
1012 1766 1066 1811 sit
1086 1766 1312 1829 speculum
1332 1767 1411 1813 ubi

31 1836 171 1900 qualis
207 1838 260 1883 sis
285 1837 454 1892 videas,
479 1853 609 1899 quam
638 1836 714 1882 ubi
750 1836 890 1882 discas
925 1835 1066 1900 qualis
1096 1853 1181 1881 esse
1217 1835 1407 1883 debeas:

31 1917 328 1953 verumtamen
360 1907 579 1971 quidquid
615 1907 701 1952 sive
740 1907 785 1953 in
833 1907 914 1952 ista
957 1905 1044 1952 sive
1083 1905 1128 1951 in
1169 1905 1410 1970 Scripturis

31 1978 189 2025 sanctis
212 1979 428 2025 inveneris
448 2016 459 2035 ‚
483 1978 600 2041 quod
623 1978 703 2023 tibi
722 1978 772 2024 ad
800 1978 962 2023 bonam
987 1978 1120 2023 vitam
1148 1977 1296 2025 adhuc
1321 1980 1408 2026 mi-

29 2064 111 2094 nus
142 2058 229 2105 est,
259 2048 368 2095 insta
393 2059 439 2094 ut
465 2049 663 2112 acquiras
687 2058 728 2094 et
751 2048 917 2109 agendo
939 2058 979 2094 et
1008 2047 1192 2105 orando;
1223 2060 1264 2095 et
1287 2068 1335 2096 ex
1358 2050 1408 2097 iis

29 2133 129 2182 quae
148 2119 285 2166 habes
302 2119 459 2181 gratias
485 2137 558 2180 age
577 2121 668 2166 Deo
695 2130 901 2183 tanquam
919 2119 1029 2165 fonti
1055 2119 1263 2166 bonitatis
1290 2121 1406 2168 unde

30 2187 190 2243 habes;
218 2199 344 2253 atque
363 2190 408 2236 in
436 2191 641 2236 omnibus
666 2191 792 2236 bonis
818 2190 987 2237 actibus
1008 2190 1092 2236 tuis
1108 2190 1171 2235 illi
1193 2191 1246 2237 da
1272 2191 1407 2238 clari-

30 2269 178 2317 tatem,
196 2260 600 2315 tibihumilitatem,
621 2260 745 2308 Sicut
759 2261 871 2307 enim
889 2262 1172 2325 scriptumest
1194 2279 1204 2307 t
1225 2283 1244 2303 <‹
1263 2263 1406 2310 Omne

31 2349 52 2372 ³>
75 2330 226 2377 datum
244 2331 458 2396 optimum
477 2369 487 2389 ,
519 2342 558 2377 et
581 2349 708 2378 omne
729 2332 892 2378 donum
918 2331 1155 2396 perfectum
1181 2331 1404 2381 desursum

31 2420 52 2444 >2
75 2413 162 2459 est,
183 2402 443 2449 descendens
467 2421 490 2448 a
514 2404 641 2449 Patre
658 2403 921 2450 luminum2.
949 2425 967 2444 >2
989 2403 1407 2470 Quantumcumque

32 2484 170 2521 autern
196 2476 239 2521 in
271 2475 343 2521 Dei
366 2486 407 2521 et
426 2475 609 2539 proximi
642 2475 856 2521 charitate
887 2486 1016 2538 atque
1041 2475 1086 2520 in
1115 2493 1213 2522 vera
1242 2479 1403 2541 pietate

32 2545 286 2608 profeceris,
314 2545 508 2609 quandiu
538 2545 580 2590 in
608 2545 692 2591 hac
713 2546 799 2592 vita
826 2545 1090 2592 conversaris
1108 2546 1197 2592 sine
1223 2561 1402 2610 peccato

79 2629 87 2650 ¹
110 2629 409 2668 Mauh.x-1,21.m
430 2630 494 2661 '²21³
519 2629 568 2661 oli.
593 2642 620 2669 ι,
648 2641 694 2667 ¹7

189 2701 370 2731 exemi.
1245 2707 1281 2734 2⁴
