1769 3235
0 1815 2 1865 ι

0 1872 3 1931 Ι

0 1936 5 2026 i

1 2030 7 2096 ἲ

3 2099 9 2243 ¹2

6 2245 11 2298 ι

8 2300 12 2372 i

512 329 721 360 EPISTOLA
758 330 902 361 cxciv.
1336 314 1395 361 65

26 403 232 455 »homo3
261 397 358 463 quis
398 412 466 441 me
501 395 703 440 liberabit
743 394 796 440 de
825 410 1009 457 corpore
1052 396 1201 441 mortis
1234 396 1401 455 hujus?

27 495 48 515 ›>
75 472 227 518 Gratia
256 470 331 515 Dei
353 484 428 531 per
445 471 589 512 Jesum
617 465 840 510 christum
859 464 1097 510 Dominum
1124 476 1321 512 nostrum
1338 465 1407 512 1.»

34 544 172 590 Nemo
196 542 342 603 itaque
359 538 514 583 liberat
533 554 556 581 a
581 535 835 581 vulneribus
853 535 972 580 illius
992 535 1272 582 trucidatoris
1292 574 1302 593 ‚
1327 535 1410 582 nisi

30 614 162 673 hujus
182 611 318 672 gratia
345 608 592 655 Salvatoris.
635 608 771 652 Nemo
813 606 971 651 liberat
1007 606 1296 653 venumdatos
1328 607 1410 653 sub

31 692 212 748 peccato
231 699 253 726 a
272 677 459 726 vinculis
482 676 744 740 captivantis
765 713 775 731 ‚
804 676 886 721 nisi
911 676 1047 735 gratia
1078 676 1344 724 redimentis.

102 752 266 800 XXIX.
309 754 374 796 Ac
402 765 480 812 per
503 748 591 792 hoc
629 747 849 803 universi,
877 747 952 809 qui
985 763 1027 792 se
1058 747 1102 792 in
1142 747 1345 811 nequitiis
1370 759 1412 794 et

34 821 341 886 iniquitatibus
359 828 577 864 excusatos
594 817 763 873 volunt,
784 817 881 862 ideo
895 818 1131 876 justissime
1146 819 1413 882 puniuntur,

35 893 242 957 quoniam
271 891 346 954 qui
371 889 631 945 liberantur,
660 888 831 934 nonnisi
853 888 988 948 gratia
1006 888 1263 936 liberantur.
1295 889 1410 935 Nam

38 962 72 1009 si
95 961 309 1008 excusatio
334 959 422 1006 illie
445 963 561 1020 justa
587 969 722 1014 esset,
767 975 854 1004 non
886 958 989 1005 inde
1015 962 1105 1020 jam
1145 961 1278 1020 gratia
1297 996 1308 1016 ‚
1342 959 1418 1006 sed

37 1034 205 1093 justitia
222 1033 442 1078 liberaret.
460 1031 573 1075 Cum
594 1045 695 1074 vero
716 1046 802 1074 non
823 1029 1005 1086 liberat,
1024 1030 1104 1075 nisi
1126 1031 1282 1090 gratia,
1301 1029 1416 1076 nihil

33 1107 197 1164 justum
224 1101 389 1149 invenit
406 1101 449 1146 in
467 1118 515 1146 eo
530 1117 657 1164 quem
682 1099 868 1155 liberat,
891 1117 978 1146 non
1000 1101 1268 1147 voluntatem
1294 1137 1304 1157 ‚
1330 1117 1419 1146 non

42 1174 360 1238 operationem,
398 1188 485 1217 non
525 1171 670 1216 saltem
699 1171 839 1234 ipsam
874 1173 1192 1217 excusationem
1221 1189 1232 1217 :
1262 1189 1362 1218 nam
1383 1171 1418 1217 si

43 1245 272 1305 haecjusta
297 1253 359 1289 est
376 1279 388 1298 ,
410 1241 606 1306 quisquis
627 1258 675 1286 ea
695 1241 851 1294 utitur,
872 1242 1026 1287 merito
1044 1260 1131 1288 non
1149 1243 1287 1302 gratia
1307 1243 1422 1288 libe-

40 1325 177 1361 ratur.
205 1314 415 1360 Novimus
440 1312 553 1357 enim
581 1311 757 1357 liberari
789 1329 868 1375 por
896 1312 1078 1372 gratiam
1105 1312 1266 1358 Christi
1294 1329 1407 1375 quos

43 1384 141 1432 dam
168 1385 295 1431 etiam
318 1400 467 1429 eorum
488 1420 498 1439 ‚
522 1384 597 1446 qui
619 1382 774 1428 (licunt
793 1420 802 1437 ‚
833 1404 852 1424 «
875 1382 994 1440 Quid
1013 1382 1162 1429 adhuc
1186 1382 1426 1446 conqueri-

45 1478 66 1500 »
84 1459 189 1503 tur?
212 1456 323 1501 Nam
348 1453 565 1501 voluntati
591 1457 680 1514 ejus
705 1454 800 1516 quis
826 1453 980 1500 resistit
1000 1457 1013 1478 ²
1035 1457 1090 1500 ἓ»
1123 1454 1234 1511 Quae
1259 1454 1425 1515 siJ'usta

49 1538 116 1574 est
134 1526 349 1572 excusatio
365 1562 375 1581 ,
397 1541 484 1570 non
502 1528 592 1584 jam
614 1524 799 1585 gratuita
821 1525 970 1585 gratia,
994 1524 1066 1570 sed
1087 1535 1269 1588 propter
1288 1525 1424 1585 hujUs

47 1596 334 1645 excusationis
351 1595 561 1656 justitiam
588 1595 843 1642 liberantur.
878 1596 923 1641 Si
942 1607 1084 1642 autem
1106 1596 1242 1656 gratia
1260 1606 1322 1642 est
1340 1612 1427 1659 qua

49 1669 311 1725 liberantur,
343 1667 540 1732 profecto
561 1667 658 1713 haec
685 1667 901 1713 excusatio
919 1670 1041 1728 justa
1066 1685 1154 1713 non
1191 1678 1266 1715 est.
1298 1667 1428 1713 Tunc

48 1741 163 1787 enim
185 1758 282 1787 vera
304 1739 438 1800 gratia
468 1749 529 1785 est
553 1777 562 1795 ‚
587 1756 673 1802 qua
695 1739 829 1784 homo
848 1738 1077 1793 liberatur,
1097 1739 1129 1785 si
1152 1756 1237 1784 non
1264 1755 1422 1784 secun-

50 1811 158 1858 dum
183 1811 382 1857 debitum
401 1810 580 1870 Justitiae
607 1809 884 1855 retribuitur.
917 1809 1040 1855 Nihil
1060 1827 1159 1870 ergo
1184 1810 1232 1854 fit
1250 1809 1295 1854 in
1329 1809 1388 1854 eis
1411 1846 1422 1861 ,

45 1883 121 1947 qui
145 1882 300 1929 dicunt
317 1919 328 1938 ‚
369 1903 388 1923 «
409 1881 530 1938 Quid
556 1881 704 1927 adhuc
728 1881 1012 1944 conqueritur
1033 1884 1051 1926 ,ὓ
1085 1898 1183 1926 nam
1211 1878 1427 1925 voluntati

47 1974 67 1995 >>
85 1956 176 2014 ers
198 1952 295 2016 quis
317 1952 473 1998 resistit
492 1955 510 1998 3
530 1974 548 1993 n
577 1951 657 1997 nisi
683 1951 802 2015 quod
828 1951 986 2011 legitur
1005 1951 1050 1997 in
1076 1951 1191 1997 libro
1224 1949 1424 1996 Salomo-

46 2023 111 2069 nis
127 2059 138 2080 ,
162 2044 182 2064 α
203 2022 455 2086 lnsipientia
483 2022 563 2068 viri
581 2021 713 2068 violat
737 2022 827 2068 vias
849 2025 941 2083 ejils
965 2039 977 2068 ε
996 2027 1135 2069 Deum
1156 2032 1301 2068 autern
1321 2036 1424 2067 cau-2

47 2114 69 2136 >)
85 2104 204 2140 satur
229 2093 273 2139 in
291 2093 422 2139 corde
440 2110 516 2138 suo
533 2093 567 2145 ³,
596 2114 616 2135 ))

112 2164 252 2211 XXX.
295 2163 507 2220 Quamvis
525 2163 671 2227 itaque
689 2168 807 2209 Deus
830 2163 959 2210 facitu
978 2180 1075 2210 vasa
1099 2165 1174 2210 irae
1199 2164 1243 2210 in
1268 2162 1423 2227 perdi-

48 2234 228 2290 tionem,
246 2244 296 2279 ut
312 2233 509 2279 ostendat
526 2234 652 2289 iram,
675 2244 716 2280 et
739 2234 1002 2280 demonstret
1021 2235 1261 2299 potentiam
1280 2251 1421 2289 suam,

51 2322 137 2370 qua
157 2305 267 2350 bene
292 2305 422 2350 etiam
461 2305 596 2351 utitur
622 2306 743 2351 malis
766 2325 775 2362 3
805 2317 846 2351 et.
875 2317 923 2351 ut
948 2317 1071 2352 notas
1096 2305 1228 2351 faciat
1253 2304 1427 2350 divitias

9 2374 14 2444 Q
55 2376 204 2437 gloriae
229 2393 318 2422 suae
340 2376 385 2421 in
408 2393 509 2422 vasa
547 2376 871 2433 misericordiae,
900 2394 1001 2440 quae
1020 2377 1124 2422 sarcit
1145 2376 1188 2421 in
1212 2376 1423 2421 bonorem

6 2489 10 2491 .
56 2463 147 2492 non
180 2446 425 2492 damnabili
442 2464 592 2493 massae
614 2447 811 2492 debitum
827 2484 837 2503 ‚
860 2448 928 2492 sed
947 2464 1034 2492 sune
1057 2447 1206 2506 gratiae
1230 2446 1428 2506 largitate

13 2567 17 2585 ἡ
53 2516 263 2564 donatum
289 2535 300 2562 ι
331 2528 469 2563 tamen
494 2518 537 2563 in
555 2517 714 2563 eisdem
745 2518 821 2563 irae
852 2518 961 2563 vasis
980 2555 989 2572 ‚
1018 2527 1201 2581 propter
1224 2517 1428 2562 meritum

14 2590 18 2636 i
59 2604 206 2635 massae
229 2588 273 2635 in
299 2588 605 2635 contumeliam
636 2587 828 2634 debitam
852 2588 975 2634 {netis
998 2626 1006 2641 ,
1035 2587 1076 2633 id
1104 2598 1165 2632 0<t
1187 2624 1196 2637 ἦ
1226 2587 1266 2632 in
1289 2585 1430 2632 homi-

105 2673 225 2705 ‘Rmtk
248 2683 303 2710 ψ’,
323 2679 425 2709 242&
455 2672 460 2684 ³
480 2676 501 2704 31,
520 2684 570 2705 xus,
592 2684 632 2703 ῖς,
660 2685 706 2710 γρ,
782 2670 901 2703 3Prov.
922 2681 987 2706 xffxz,
1009 2673 1035 2702 3

17 2728 20 2772 i
219 2743 402 2772 eximii.
1283 2726 1308 2763 Β
