1769 3235
545 271 755 302 EmsroLA
792 273 889 302 ccv.
1326 263 1412 325 159

39 336 284 388 commissio
296 346 480 400 peccato
495 335 711 396 infligeret
727 353 926 399 poenam,
945 354 1074 401 quam
1102 341 1216 387 Deus
1234 353 1413 390 servatae

33 407 214 470 justitiae
241 406 362 452 daret
387 423 608 452 coronam.

101 479 180 525 XI.
212 476 338 522 Unde
362 476 577 522 Dominus
610 477 813 523 Christus
850 496 929 542 per
954 497 1028 525 nos
1064 480 1114 527 ad
1153 498 1228 527 nos
1266 485 1409 540 venit,

38 563 138 600 cum
156 546 175 576 ²
198 557 449 610 peccatores
475 550 617 606 J‘ustus
646 547 840 603 invenit,
875 566 954 612 per
979 561 1159 596 stratum
1191 553 1411 615 quodam-

37 617 168 667 modo
191 616 452 663 humilitatis
469 627 648 673 nostrae,
670 617 743 662 sed
761 635 848 663 non
871 635 971 664 cum
996 621 1150 666 morbo
1168 621 1411 684 iniquitatis

37 699 209 737 nostrae.
252 689 365 734 Nam
399 705 479 751 per
501 688 686 734 animale
712 689 869 746 nobis,
907 690 993 735 hoc
1026 701 1087 736 est
1124 709 1202 755 per
1232 694 1413 739 mortale

37 775 196 823 corpus
216 758 451 822 apparuit;
479 758 555 821 qui
588 759 738 822 utique
763 759 797 804 si
820 759 1052 816 voluisset,
1090 777 1191 806 cum
1229 779 1413 825 corpore

35 829 270 877 immortali
305 829 510 893 primitus
534 829 788 876 advenisset.
819 831 902 877 Sed
930 832 1031 895 quia
1058 850 1134 877 nos
1166 832 1412 879 humilitate

38 901 135 948 Filii
156 902 237 947 Dei
255 901 397 948 sanari
419 901 683 964 oportebat,
719 919 854 966 usque
880 904 935 949 ad
960 916 1148 949 nostram
1173 905 1412 951 infirmita-

37 983 120 1018 tem
150 971 394 1028 descendit,
425 982 466 1017 et
493 971 596 1017 fidei
630 983 788 1018 nostroe
827 975 1029 1019 meritum
1067 993 1114 1020 ac
1145 977 1378 1037 praemium
1396 1012 1408 1032 ,

0 1060 1 1063 ’
33 1042 193 1091 virtute
218 1058 308 1088 suae
329 1041 656 1088 resurrectionis
679 1042 881 1090 ostendit.
913 1044 1017 1090 Ideo
1050 1045 1246 1107 sequitur
1265 1047 1412 1109 Apos-

34 1111 146 1158 tolus
161 1122 204 1158 et
221 1111 331 1157 dicit
349 1129 361 1157 z
385 1133 406 1154 «
427 1111 697 1158 Novissimus
723 1112 864 1159 Adam
888 1114 935 1159 in
956 1114 1157 1178 spiritum
1180 1115 1412 1162 vivifican-

0 1204 2 1224 ι
34 1202 56 1227 a
75 1183 189 1230 tem2
208 1200 220 1228 ι
238 1203 258 1224 ,υ
279 1181 367 1229 sive
388 1180 658 1241 intelligatur
679 1183 850 1245 primus
864 1184 1003 1230 Adam
1024 1221 1034 1240 ‚
1056 1186 1134 1248 qui
1157 1186 1210 1231 de
1231 1187 1412 1249 pulvere

35 1263 131 1299 ante
147 1252 355 1298 formatus
373 1262 461 1307 est;
485 1251 744 1298 novissimus
775 1264 920 1299 autem
943 1254 1080 1300 Adam
1098 1293 1108 1311 ,
1144 1257 1221 1318 qui
1246 1257 1299 1302 de
1319 1259 1412 1303 vir-

34 1323 130 1384 gine
151 1333 406 1387 procreatus
431 1333 523 1368 est:
548 1322 637 1368 sive
663 1324 711 1369 in
736 1340 1006 1388 unoquoque
1037 1326 1215 1372 homine
1236 1339 1412 1373 utrum-

33 1411 117 1458 que
145 1394 420 1458 compleatur
436 1430 448 1450 ,
484 1404 533 1439 ut
557 1393 728 1456 primus
755 1395 897 1440 Adam
927 1396 981 1441 sit
1003 1397 1138 1442 homo
1159 1398 1201 1442 in
1227 1415 1413 1462 corpore

5 1496 7 1503 ι
33 1465 230 1522 mortali,
255 1464 517 1511 novissimus
536 1463 677 1510 Adam
698 1464 814 1510 idem
836 1465 928 1528 ipse
951 1467 995 1511 in
1025 1483 1209 1530 corpore
1231 1468 1414 1514 immor-

35 1535 137 1585 tali:
158 1546 303 1581 tamen
321 1535 433 1581 inter
446 1534 638 1580 animam
657 1534 872 1581 viventem
889 1547 929 1582 et
956 1537 1156 1600 spiritum
1178 1537 1411 1584 vivifican-

36 1615 118 1666 tem
139 1606 227 1652 hoc
245 1605 445 1652 interesse
465 1604 604 1651 voluit
620 1642 632 1660 ,
661 1616 709 1652 ut
732 1605 822 1652 illic
847 1607 901 1652 sit
925 1624 1085 1671 corpus
1104 1609 1288 1655 animale
1304 1647 1314 1665 ‚
1336 1610 1411 1656 hic

33 1676 237 1740 spiritale.
267 1676 422 1723 Anima
444 1676 612 1740 quippe
627 1676 673 1721 in
694 1694 877 1740 corpore
898 1679 1073 1724 animali
1088 1680 1195 1724 vivit
1207 1680 1406 1743 quidem,

34 1747 108 1794 sed
127 1764 215 1793 non
231 1748 427 1794 vivificat
447 1764 580 1811 usque
604 1746 658 1792 ad
685 1748 964 1795 auferendam
987 1750 1330 1812 corruptionem.
1360 1753 1412 1796 ln

33 1832 214 1883 corpore
242 1836 342 1866 vero
371 1818 588 1882 spiritali,
616 1820 822 1882 quoniam
848 1821 1038 1883 perfecte
1069 1821 1295 1867 adhaerens
1318 1824 1411 1867 Do-

34 1889 174 1947 mino,
196 1907 309 1936 unus
327 1890 504 1953 spiritus
524 1889 610 1935 est3
629 1926 640 1945 ,
671 1890 732 1935 sie
752 1891 946 1936 vivificat
963 1901 1011 1936 ut
1034 1892 1227 1954 spiritale
1247 1909 1409 1955 corpus

0 1983 1 1987 ¹
33 1961 205 2018 efficiat,
228 1978 445 2007 assumens
463 1977 636 2007 omnem
657 1962 1005 2024 corruptionem,
1027 1962 1192 2007 nullam
1217 1974 1412 2009 metuens

34 2031 361 2096 separationem.

95 2102 199 2149 XII.
230 2101 423 2147 Proinde
445 2101 666 2165 sequitur,
687 2122 707 2142 «
723 2101 808 2147 Sed
827 2119 915 2147 non
940 2103 1060 2165 prius
1076 2102 1193 2165 quod
1219 2104 1411 2166 spiritale

34 2191 58 2215 >2
73 2182 135 2218 est
153 2209 166 2228 ‚
195 2171 268 2217 sed
291 2171 411 2236 quod
437 2171 647 2226 animale3
678 2182 825 2234 postea
846 2173 964 2234 quod
989 2173 1195 2235 spiritale.
1238 2174 1411 2220 Primus

35 2242 205 2290 »homo
229 2243 282 2289 de
313 2254 426 2288 terra
451 2253 646 2288 terrenus
665 2279 675 2297 ‚
707 2243 923 2288 secundus
946 2244 1080 2289 homo
1107 2244 1160 2289 de
1185 2244 1298 2290 coelo
1322 2262 1412 2292 coe-

0 2353 1 2358 ,
35 2334 57 2357 »ι
70 2313 196 2361 lestis.
216 2314 368 2371 Qualis
387 2324 597 2367 terrenus,
618 2313 722 2359 tales
742 2324 782 2358 et
802 2314 959 2358 terreni
975 2352 985 2368 ,
1007 2325 1047 2359 et
1064 2314 1186 2377 quals
1208 2313 1410 2375 coelestis,

34 2404 56 2427 »
78 2384 180 2431 tales
202 2396 244 2431 et
278 2384 488 2431 coelestes.
521 2383 646 2429 Sicut
670 2384 942 2447 portavimus
966 2385 1197 2444 imaginem
1219 2387 1406 2443 terreni,

0 2471 2 2520 j
36 2467 299 2521 »portemus
322 2466 364 2502 et
385 2455 619 2516 imaginem
650 2459 741 2515 eJus
767 2456 845 2519 qui
871 2454 924 2501 de
954 2456 1068 2502 coelo
1093 2454 1202 2502 est4.
1233 2477 1253 2497 ›>
1288 2457 1410 2515 Quid

80 2556 93 2580 ¹
122 2559 216 2590 Forte
242 2567 337 2602 quos.
366 2572 409 2581 -·
435 2554 452 2578 2
479 2567 494 2589 1
524 2558 600 2589 Cor.
627 2566 685 2599 xv,
711 2557 769 2592 45.
799 2573 844 2582 --
869 2553 885 2580 3
914 2556 964 2591 Id.
998 2567 1052 2596 vt,
1082 2567 1137 2598 17·
1161 2574 1206 2583 —
1237 2553 1252 2579 ⁴
1280 2557 1329 2591 Id.
1359 2570 1415 2605 xv,

37 2613 154 2655 4649.
