1769 3235
14 276 25 315 ¹:
431 271 798 308 RETRACTATloNU
804 277 835 308 M
870 276 960 309 Lm.
1002 276 1054 309 11.
1322 261 1415 327 559

20 339 174 390 vitate
201 358 248 388 ac
273 339 492 387 celeritate
516 342 751 405 respondi,
779 342 985 402 adjuncto
1011 342 1161 390 eodem
1183 361 1414 393 sermonen

19 394 184 487 =capite
212 412 500 476 responsionis
522 430 660 469 meae,
686 425 727 459 et
751 414 964 460 adhibitis
985 414 1038 460 ad
1065 415 1232 475 singzuli
1259 433 1414 462 nume-

17 479 119 554 ]ris,
154 485 567 547 quibusinspectis‚
595 484 914 548 quidcuiloco
934 486 1262 550 responderim,
1291 488 1415 534 facile

16 556 176 623 ,possit
198 554 379 601 adverti.
418 555 502 600 Hic
535 555 678 611 liber,
710 567 810 619 post
842 573 991 602 eorum
1017 574 1254 603 sermonem
1292 560 1368 621 qui
1392 578 1415 605 a

15 627 182 696 *capite
214 625 447 685 adjunctus
474 636 564 682 est,
604 626 663 671 sic
690 626 887 690 incipit.
927 632 1105 672 Eorum
1133 630 1418 692 plcececlentc

15 708 17 727 ¹
15 696 346 767 disputati'om
367 697 456 742 leae
482 697 807 761 disputatione
830 696 1111 760 lmespondeo

12 863 14 868 ¹
39 866 1041 884 uzssmswxszwsmbumwsmmunzmmmw
1052 867 1291 880 mmmm
1301 866 1418 882 mm

12 894 16 925 1

9 937 15 1077 ἱ
574 972 753 1017 CAPUT
782 971 887 1016 Lm.

73 1096 135 1141 De
156 1097 337 1154 Nuptiis
359 1107 398 1141 et
426 1097 788 1154 Concupiscentia
806 1100 865 1141 ad
887 1097 1121 1143 Valerium
1143 1101 1383 1151 Comitem,

614 1166 720 1208 libri
742 1167 840 1210 duo.

112 1309 282 1356 Scmpst
314 1308 423 1356 duos
441 1308 578 1355 libros
607 1308 662 1355 ad
687 1308 898 1356 illustrem
931 1310 1074 1357 virum
1096 1311 1309 1356 Comitem
1330 1310 1420 1357 Va-

43 1381 200 1430 lerium
219 1419 230 1439 ,
258 1398 359 1428 cum
384 1381 596 1428 audissem
622 1381 874 1441 Pelagianos
898 1381 936 1427 ei
968 1383 1112 1428 nescio
1139 1382 1247 1446 quid
1275 1382 1422 1446 scrip-

46 1453 144 1499 sisse
168 1451 221 1498 de
244 1452 372 1498 nobis
390 1489 401 1508 ,
434 1451 553 1515 quod
575 1451 738 1497 scilicet
760 1452 936 1514 nuptias
959 1452 1280 1509 damnaremus,
1314 1470 1421 1498 asse-

46 1522 182 1569 rendo
221 1521 428 1582 originale
473 1533 743 1585 peceatum:
789 1539 978 1585 quorum
1015 1522 1231 1570 librorum
1269 1523 1422 1569 titulus

47 1603 141 1647 est,
174 1592 231 1638 de
274 1596 461 1656 N⁰ztptczs
486 1604 529 1637 et
557 1596 960 1656 Concupiscentla.
987 1594 1231 1640 Bonitatem
1257 1593 1424 1657 quippe

49 1663 318 1710 defendimus
365 1663 653 1743 nuptiarum,
690 1681 743 1709 ne
768 1673 998 1727 putaietur
1038 1681 1185 1709 earum
1226 1680 1312 1709 esse
1356 1664 1425 1709 xi-

49 1735 159 1781 tium
190 1728 546 1798 concupiscentia
573 1734 713 1780 carnis
736 1772 746 1791 ‚
785 1745 826 1780 et
851 1734 950 1780 lex
939 1751 985 1780 m
1022 1735 1229 1780 membris
1264 1750 1427 1797 repug-

50 1824 159 1854 nans
192 1806 276 1867 legi
308 1807 493 1863 mentis,
533 1823 621 1870 quo
668 1806 783 1852 malo
818 1806 1016 1852 libidinis
1052 1806 1162 1852 bene
1200 1806 1338 1852 utitur
1370 1805 1426 1851 ad

51 1880 162 1926 filios
196 1879 488 1943 procreandos
515 1879 732 1944 pudicitia
766 1880 1021 1940 conjugalis.
1063 1881 1121 1926 Ut
1158 1891 1303 1926 autem
1339 1878 1426 1925 duo

50 1951 155 1997 libri
177 1962 334 2007 essent,
357 1951 528 2015 primus
552 1951 670 1998 venit
692 1951 738 1997 in
764 1951 925 1997 Juliani
948 1951 1169 2012 Pelagiani
1194 1968 1365 2007 manus,
1387 1960 1429 1996 et

54 2022 229 2086 scripsit
260 2021 465 2069 adversus
498 2039 598 2068 eum
632 2022 769 2068 libros
797 2033 1014 2086 quatuor,
1060 2040 1106 2068 ex
1139 2021 1299 2085 quibus
1325 2021 1428 2085 qui-

54 2092 155 2139 dam
179 2093 389 2139 nonnulla
417 2093 659 2157 decerpsit,
699 2103 741 2139 et
770 2094 932 2139 Comiti
964 2093 1135 2139 Valerio
1176 2091 1321 2148 misit,
1359 2091 1431 2137 ille

55 2180 157 2210 vero
178 2163 233 2209 ad
253 2181 344 2211 nos.
381 2164 494 2222 Quae
529 2181 630 2210 cum
653 2164 911 2227 accepissem
931 2201 941 2220 ‚
965 2164 1049 2209 alio
1069 2164 1184 2209 libro
1209 2163 1263 2208 ad
1280 2161 1428 2208 eadem

54 2233 149 2298 ipsa
174 2234 393 2298 respondi.
425 2236 567 2294 Hujus
599 2235 759 2299 Operis
792 2236 960 2298 primus
996 2235 1107 2280 liber
1142 2234 1202 2279 sic
1239 2233 1428 2296 incipit:

57 2309 397 2352 Hoeteticinovi
411 2343 421 2360 ‚
439 2305 736 2352 dilectissime
744 2308 834 2368 fili
849 2310 897 2351 V
892 2306 1021 2352 (deri.
1046 2304 1274 2352 Secundus
1290 2315 1432 2350 autem

57 2376 119 2423 Sic
139 2394 149 2422 :
177 2381 305 2423 [nter
324 2378 498 2424 militae
518 2389 605 2426 lccoe
630 2396 781 2426 curas.
