1769 3235
540 285 747 314 EpisToLA
785 287 932 317 cxcix.
1342 272 1427 318 133

55 367 118 397 res
139 361 303 406 autem‚
326 348 403 413 qui
423 349 505 394 sub
525 348 644 394 nulla
657 359 757 393 sunt
774 360 989 411 potestate
1005 351 1202 395 Romana
1222 388 1232 406 ,
1255 366 1432 414 prorsus

57 439 134 469 nec
158 421 361 481 religione
385 420 624 466 christiana
644 419 690 464 in
719 436 895 466 suorum
916 421 1137 483 aliquibus
1162 419 1426 477 detinentur,

54 509 193 555 neque
217 492 305 537 ullo
324 491 454 536 modo
470 501 584 535 recte
597 489 685 536 dici
706 501 875 553 potest,
894 492 998 537 istos
1021 491 1075 536 ad
1099 493 1430 554 promissionem

55 563 132 610 Dei
155 579 243 607 non
262 562 495 625 pertinere.

119 633 301 679 XLVlt.
334 633 430 677 Non
451 631 564 676 enim
583 633 805 677 Romanos
819 669 829 687 ,
854 631 925 677 sed
953 649 1100 677 omnes
1118 643 1260 692 gentes
1277 633 1435 677 Domi-

54 721 135 752 nus
153 704 304 749 semini
336 702 533 748 Abrahae
553 740 562 752 ,
592 702 733 748 media
756 720 931 767 quoque
949 703 1170 762 juratione
1197 703 1395 766 promisit
1420 721 1430 747 :

55 792 101 820 ex
126 791 212 837 qua
236 774 522 837 promissione
537 777 627 833 jam
648 773 811 819 factum
831 785 891 820 est
906 811 916 830 ,
945 785 992 819 ut
1013 774 1238 820 nonnulla:
1261 785 1404 833 gentes
1422 812 1433 830 ‚

55 864 156 910 quae
182 864 271 892 non
297 856 498 891 tenentur
524 846 689 892 ditione
712 848 911 893 Romana
930 885 940 896 .
970 848 1212 910 reciperent
1237 847 1436 906 Evange-

54 918 160 965 lium
176 955 187 973 ,
210 927 251 963 et
270 917 615 976 adjungerentur
636 917 863 973 Ecclesiae,
881 935 981 981 quae
1004 917 1243 963 fructificat
1266 927 1307 961 et
1327 933 1435 962 cres-

54 988 114 1034 cit
144 988 190 1033 in
211 987 413 1032 universo
438 987 618 1034 mundo.
653 988 812 1033 Adhuc
837 988 951 1033 enim
975 988 1112 1033 babet
1134 1004 1221 1050 quo
1243 998 1431 1043 crescat,

55 1059 193 1104 donec
225 1059 301 1103 fiat
331 1057 452 1121 quod
473 1058 525 1103 de
548 1059 722 1104 Christo
740 1059 783 1104 in
811 1059 1053 1104 Salomonis
1073 1060 1208 1118 figura
1234 1058 1437 1121 prophe-

56 1140 191 1175 tatum
230 1138 319 1173 est:
343 1149 362 1168 «
382 1128 695 1174 Dominabitur
720 1147 742 1174 a
777 1130 885 1174 mari
917 1147 1051 1193 usque
1087 1129 1142 1175 ad
1177 1146 1318 1185 mare,
1347 1140 1389 1174 et
1413 1147 1436 1174 a

55 1223 74 1243 n
99 1198 278 1245 flumine
309 1215 445 1261 usque
482 1198 534 1243 ad
566 1200 774 1245 terminos
812 1200 931 1245 orbis
967 1199 1132 1245 terrae1.
1162 1202 1197 1245 A
1217 1199 1396 1245 flumine
1415 1222 1434 1241 ›)

55 1270 220 1316 scilicet
245 1269 324 1314 ubi
344 1269 600 1331 buptizatus
619 1280 679 1314 est
697 1307 707 1325 ,
735 1270 839 1333 quia
864 1269 965 1315 inde
988 1270 1128 1332 coepit
1151 1268 1435 1328 Evangelium

57 1339 299 1404 praedicare
328 1357 337 1383 :
365 1342 440 1384 «A
467 1339 576 1384 mari
610 1350 752 1385 autem
787 1356 923 1402 usque
959 1339 1014 1384 ad
1044 1356 1162 1383 mare
1183 1360 1202 1379 »
1238 1349 1354 1383 totus
1377 1350 1439 1384 est

55 1411 173 1457 orbis
212 1427 313 1456 cum
352 1410 557 1455 omnibus
593 1411 796 1470 gentibus
813 1448 823 1466 ,
864 1411 1071 1474 quoniam
1109 1411 1218 1454 mari
1261 1410 1438 1455 Oceano

55 1481 245 1541 cingitur
264 1481 501 1527 universus.
524 1480 761 1537 Quomodo
781 1492 924 1526 autem
948 1481 1208 1544 implebitur
1230 1480 1436 1526 aliterilla

56 1551 291 1615 prophetia
311 1569 321 1596 ε
345 1572 366 1591 α
387 1550 550 1596 Omnes
582 1562 728 1611 gentes
754 1563 975 1614 quotquot
1000 1552 1140 1597 fecisti
1161 1555 1334 1597 venient
1353 1590 1363 1607 ‚
1395 1563 1436 1597 et

57 1644 76 1664 »
104 1622 353 1667 adorabunt
381 1638 527 1666 coram
563 1633 628 1677 te,
668 1623 912 1667 D01nine2t³
934 1644 954 1664 »
976 1623 1076 1668 Non
1101 1621 1215 1667 enim
1248 1621 1301 1667 de
1331 1621 1436 1667 locis

55 1694 141 1738 suis
158 1692 385 1753 migrando
405 1693 578 1738 venient
591 1729 601 1748 ‚
625 1692 697 1738 sed
714 1694 757 1737 in
775 1693 883 1738 locis
901 1693 986 1738 suis
1001 1692 1234 1739 credendo.
1257 1694 1320 1738 De
1339 1709 1437 1738 cre-

56 1763 261 1809 dentibus
295 1763 464 1826 quippe
497 1763 712 1808 Dominus
746 1763 852 1809 dixit
879 1782 888 1808 :
919 1785 939 1805 «
964 1766 1101 1809 lN‘emo
1126 1773 1269 1825 potest
1292 1763 1438 1808 venire

57 1855 78 1875 »
103 1832 158 1878 ad
190 1849 282 1887 me,
317 1832 399 1878 nisi
429 1831 580 1878 datum
606 1832 736 1879 fuerit
757 1834 831 1878 eia
853 1835 982 1879 Patre
1002 1851 1096 1879 meo
1110 1833 1142 1879 3.
1173 1854 1193 1874 ›>
1219 1833 1438 1896 Propheta

57 1915 201 1949 autem
230 1903 340 1949 dicit
365 1921 374 1948 :
404 1906 497 1949 «Et
526 1904 774 1949 adorabunt
805 1921 903 1950 eum
927 1905 1227 1968 unusquisque
1263 1904 1435 1950 deloco

57 1997 78 2017 »
98 1992 354 2030 suo,omnes
369 1974 522 2020 insulae
541 1975 734 2034 gentium
747 1974 778 2018 Α.
803 1996 824 2016 »
843 1979 1006 2021 Omnes
1025 1975 1179 2020 insulae
1195 1974 1321 2031 dixit,
1341 1985 1436 2020 tan-

56 2063 187 2110 quam
202 2045 390 2101 diceret,
415 2046 541 2091 etiam
563 2046 880 2092 omnesinsulae
897 2066 908 2100 ;
927 2047 1033 2092 hinc
1057 2045 1284 2091 ostendens
1303 2062 1435 2108 quam

57 2116 177 2162 nulla
198 2115 470 2179 relinquatur
497 2127 724 2171 terrarum,
741 2117 816 2162 ubi
838 2134 926 2162 non
946 2118 1000 2162 sit
1022 2115 1232 2171 Ecclesia,
1255 2116 1434 2178 quando

58 2187 177 2233 nulla
202 2187 463 2250 relinquitur
486 2187 724 2233 insularum
740 2224 751 2243 ,
778 2204 963 2251 quarum
986 2187 1215 2233 nonnullae
1236 2188 1364 2232 etiam
1390 2188 1436 2232 in

62 2259 237 2304 Oceano
259 2270 360 2303 sunt
379 2259 651 2311 constitutae,
671 2270 713 2304 et
740 2259 952 2322 quasdam
980 2275 1129 2304 earum
1157 2257 1439 2317 Evangelium

54 2333 142 2389 jam
164 2331 398 2392 suscepisse
418 2329 670 2376 didicimus,
698 2331 840 2393 Atque
861 2331 919 2375 ita
951 2340 991 2376 et
1020 2329 1063 2374 in
1088 2327 1239 2373 insulis
1264 2328 1442 2387 singulis

61 2401 307 2463 quibusque
341 2400 552 2463 impletur
575 2400 694 2463 quod
719 2401 887 2447 dictum
918 2412 979 2447 est
1004 2419 1014 2445 :
1038 2421 1057 2441 «
1079 2398 1395 2444 Dominabitur
1418 2418 1441 2445 a

62 2492 81 2512 »
105 2471 212 2516 mari
234 2487 369 2533 usque
389 2470 442 2516 ad
459 2487 575 2516 mare
589 2509 600 2527 ‚
620 2492 640 2512 ›>
657 2488 743 2534 quo
764 2487 1041 2535 unaquaeque
1060 2468 1201 2514 insula
1222 2468 1438 2528 cingitur3

62 2540 172 2587 sicut
194 2541 238 2586 in
265 2541 462 2588 universo
487 2541 592 2587 orbe
617 2552 829 2588 terrarum
846 2581 855 2598 ,
889 2559 989 2606 quae
1011 2552 1220 2603 tanquam
1243 2539 1437 2585 omnium

111 2626 119 2646 ¹
138 2625 217 2656 Psai.
232 2635 319 2658 mixi,
339 2626 368 2657 8.
383 2623 519 2656 —21d.
538 2636 654 2661 mxxv,
675 2637 708 2666 9.
725 2645 766 2650 —
786 2624 800 2648 3
820 2629 917 2659 Joan.
936 2637 979 2660 vr.
1000 2630 1053 2660 344,
1072 2642 1113 2646 -·-
1135 2621 1147 2643 ⁴
1171 2622 1302 2664 sophon
1332 2633 1365 2656 Η,
1387 2634 1439 2657 11.
