1769 3235
317 274 410 335 490
726 288 760 318 S.
806 287 1050 318 AUGUSTINI
1084 288 1287 319 EPISCOPI

317 368 418 398 cum
438 352 594 415 perdat
613 370 786 399 omnem
815 352 893 415 qui
911 351 1152 400 fornicatur
1177 355 1233 400 ab
1268 371 1332 400 eo,
1370 353 1455 400 Sed
1484 366 1694 418 quatenus

313 421 592 482 intelligenda
625 434 755 486 atque
778 422 1010 468 limitanda
1037 424 1090 469 sit
1108 424 1205 470 haec
1225 423 1468 477 fornicatio,
1488 436 1530 470 et
1548 436 1694 470 utrum

322 493 448 538 etiam
475 505 656 557 propter
686 494 804 539 lianc
828 493 955 539 liceat
978 494 1193 540 dimittere
1219 512 1389 540 uxorem
1410 533 1420 550 ‚
1453 495 1696 541 latebrosis-

323 564 430 609 sima
462 565 647 628 quaestio
682 575 756 610 est.
788 564 937 610 Licere
970 574 1114 610 tamen
1153 575 1334 628 propter
1361 565 1485 610 istam
1525 582 1625 628 quae
1652 565 1697 611 in

326 633 370 678 in
391 635 552 697 stupris
579 633 890 689 committitur,
912 633 1032 678 nulla
1065 635 1249 696 quaestio
1280 644 1354 679 est.
1393 635 1448 679 Et
1480 635 1556 679 ubi
1580 634 1695 690 dixi,

322 702 411 748 1100
445 705 702 766 permissum
733 721 819 750 esse
840 741 851 759 ‚
889 720 975 748 non
1007 707 1212 762 jussum3
1247 721 1332 749 11011
1371 703 1536 750 attendi
1574 704 1700 750 aliam

320 775 593 838 Scripturam
616 813 627 832 ‚
659 775 874 821 dicentem
894 811 904 830 ‚
951 795 970 814 «
991 775 1080 831 Qui
1102 785 1216 820 tenet
1236 775 1476 821 adulteram
1496 812 1506 831 ‚
1544 776 1702 822 stultus

325 866 345 887 »
365 856 408 891 et
440 847 601 910 impius
627 845 737 893 est1.
765 867 785 887 »
822 845 911 890 Nec
944 862 1044 890 sane
1087 845 1329 891 adulteram
1358 846 1537 891 dixerim
1575 846 1703 892 fuisse

324 916 622 980 deputandam
652 916 771 962 illam
798 915 1023 961 mulierem
1057 917 1185 962 etiam
1214 927 1362 981 postea
1381 934 1511 980 quam
1539 917 1706 963 audivit

327 1005 350 1032 a
370 988 560 1033 Domino
578 1024 588 1043 ,
619 1008 639 1028 «
662 986 753 1032 Nec
772 1002 849 1046 ego
878 996 916 1030 te
940 985 1161 1031 damnabo
1177 1024 1187 1043 ‚
1210 986 1321 1033 vade
1339 1023 1350 1042 ‚
1390 987 1594 1050 deinceps
1613 990 1705 1047 jam

325 1078 345 1098 »
367 1056 454 1102 noli
473 1074 655 1120 peccare
677 1057 714 1112 ²,
737 1078 757 1098 »
776 1057 809 1102 si
831 1056 917 1101 1100
938 1056 1191 1101 obedienter
1211 1056 1394 1103 audivit.

392 1126 490 1173 Vll.
510 1128 628 1172 Loco
649 1126 731 1172 alio
744 1136 972 1189 peccatum
998 1126 1145 1171 fratris
1169 1126 1222 1172 ad
1249 1137 1429 1172 mortem
1444 1125 1614 1189 ‚dequo
1636 1126 1708 1171 di-

329 1197 389 1242 cit
404 1197 594 1243 Joannes
617 1197 857 1261 apostolus,
886 1218 907 1238 «
921 1197 1018 1243 Non
1031 1214 1111 1259 pro
1130 1197 1204 1242 illo
1217 1197 1317 1243 dico
1332 1207 1378 1243 ut
1390 1207 1509 1256 roget
1529 1196 1630 1260 quis
1646 1195 1710 1252 3,»

330 1267 389 1312 ita
410 1266 590 1313 definivi
615 1278 664 1312 ut
701 1267 919 1323 dicerem,
956 1271 1209 1312 Peccatum
1223 1270 1400 1326 fratris
1421 1268 1489 1311 acl
1513 1278 1709 1312 mortem

325 1348 443 1401 puto
467 1354 582 1393 esse,
608 1355 715 1383 cum
729 1348 843 1400 post
858 1342 1143 1399 agnitionem
1172 1341 1263 1382 Dec·
1273 1354 1371 1400 per
1382 1338 1588 1399 gratiam
1610 1341 1712 1381 Do-

333 1410 453 1453 mini
473 1413 619 1454 nostri
653 1412 762 1453 Jeszc
791 1408 964 1453 Clerc'slc'
994 1425 1189 1471 qumque
1219 1418 1469 1471 oppugnat
1486 1409 1714 1465 fraterni-

334 1490 498 1534 tatem,
534 1490 581 1526 ec
599 1480 824 1524 aduersus
851 1481 989 1524 astam
1010 1484 1221 1540 graciam
1254 1496 1349 1542 (succ
1385 1478 1714 1523 reconciliatus

342 1560 410 1594 est
427 1553 558 1607 Deo,
591 1551 863 1595 inm'dentioe
882 1551 1084 1609 ⁸facibus
1123 1554 1347 1612 agitatur.
1380 1549 1513 1606 Quod
1538 1547 1716 1611 quidem

336 1637 423 1665 non
442 1621 718 1678 confirmavi,
741 1621 948 1683 quoniam
964 1620 1051 1666 hoc
1070 1632 1228 1684 putare
1248 1637 1315 1666 me
1334 1619 1420 1666 dixi
1441 1638 1452 1665 z
1479 1618 1553 1665 sed
1573 1630 1717 1665 tamen

335 1689 588 1737 addendum
610 1691 722 1746 fuit,
749 1691 783 1736 si
807 1691 851 1735 in
874 1690 960 1736 hae
980 1701 1067 1736 tam
1094 1690 1301 1737 scelerata
1326 1690 1481 1736 mentis
1509 1689 1717 1753 perversi-

341 1771 426 1807 tate
444 1763 606 1807 finierit
622 1762 739 1807 hanc
759 1761 918 1807 vitam:
941 1762 1152 1825 quoniam
1170 1761 1223 1807 de
1240 1778 1520 1825 quocumque
1536 1760 1719 1824 pessimo

338 1833 384 1878 in
408 1833 493 1879 hac
512 1834 600 1879 vita
625 1833 865 1878 constituto
891 1850 981 1878 non
1004 1844 1066 1878 est
1086 1833 1238 1896 utique
1257 1831 1578 1896 desperandum
1602 1868 1613 1887 ,
1641 1848 1721 1877 nec

338 1921 420 1968 pro
441 1904 516 1950 illo
537 1904 838 1967 imprudenter
861 1915 1028 1959 oratur,
1056 1904 1110 1949 de
1124 1920 1213 1968 quo
1238 1920 1327 1949 non
1351 1903 1619 1967 desperatur.

406 1974 529 2021 Vlll.
561 1976 614 2020 In
636 1974 829 2020 seeundo
849 1974 953 2020 item
971 1974 1119 2021 libro:
1148 1974 1305 2029 Nulli,
1333 1973 1539 2037 inquam,
1565 1973 1725 2018 licebit

341 2048 558 2108 &gnorare
584 2049 680 2091 Dec·
705 2062 902 2107 regnum
921 2082 931 2100 ‚
968 2062 1075 2091 cum
1103 2044 1207 2107 ejus
1240 2046 1517 2107 Umgeffzisus
1535 2061 1632 2088 non
1650 2060 1725 2088 so—

343 2117 443 2162 lum
484 2116 843 2179 inlellzgc'bllitel‘
862 2152 872 2171 ‚
900 2115 982 2160 sed
1003 2120 1146 2160 etiam
1173 2115 1424 2161 vzlu'bditer
1447 2119 1495 2159 ιἸι
1532 2115 1726 2159 homine

345 2191 599 2233 Domz'm'eo
619 2188 678 2231 de
701 2186 816 2233 coelo
835 2190 1036 2242 venerc'l,
1053 2187 1361 2248 judicaturus
1381 2190 1511 2231 vivos
1532 2195 1578 2230 el
1598 2201 1724 2230 mor-

347 2269 466 2305 tuos.
505 2257 589 2303 Sed
609 2273 700 2303 non
723 2256 850 2302 video
876 2267 1024 2302 utrum
1046 2268 1161 2302 recte
1184 2256 1357 2302 dicatur
1379 2257 1524 2301 lzomo
1553 2257 1725 2302 Domi—

349 2333 481 2373 m'cus
498 2365 508 2383 ‚
541 2327 618 2391 qui
642 2337 704 2372 est
723 2327 937 2372 Mediator
961 2327 1040 2372 Dei
1063 2337 1105 2372 et
1130 2326 1360 2372 hominum
1379 2364 1391 2383 ‚
1418 2326 1551 2371 homo
1577 2325 1726 2372 Chris-

349 2410 418 2443 tus
442 2399 594 2454 Jesus;
627 2415 728 2444 cum
753 2398 809 2443 sit
840 2398 990 2461 utique
1023 2398 1251 2444 Dominus.
1292 2397 1552 2443 Dominicus
1582 2407 1726 2442 autem

350 2472 486 2517 homo
505 2472 602 2535 quis
632 2472 678 2516 in
704 2476 797 2531 ejus
827 2482 974 2517 sancta
1011 2471 1173 2516 familia
1206 2488 1293 2516 non
1332 2481 1473 2534 potest
1509 2469 1635 2516 dici?
1673 2471 1728 2515 Et

349 2543 435 2589 hoc
458 2543 708 2606 quidemnut
729 2542 918 2590 dicerem
940 2581 950 2599 ‚
983 2542 1103 2606 apud
1124 2541 1337 2606 quosdam
1363 2542 1445 2602 legi
1479 2552 1729 2588 tractatores

395 2628 406 2650 Ι
428 2629 523 2659 Prov.
538 2636 635 2669 xvm,
655 2637 711 2661 22.
728 2643 775 2650 —
791 2624 806 2648 2
820 2629 917 2660 Joan.
934 2637 1009 2666 vm,
1032 2637 1061 2658 1.
1075 2643 1122 2650 —-
1139 2622 1153 2648 3
1176 2637 1190 2657 1
1211 2627 1308 2660 Joan.
1328 2636 1359 2664 v,
1379 2626 1431 2656 16.
