1769 3235
318 279 378 325 90
744 277 778 306 S.
822 274 1066 306 AUGUSTINI
1100 272 1304 305 EPISCOPI

314 363 337 384 »
359 341 465 386 civit
484 340 517 388 ².
542 362 562 382 »
597 339 832 397 Quomodo
849 339 923 385 hic
942 339 1179 402 appellavit
1197 337 1429 402 Apostolus
1444 338 1582 385 Israel
1601 353 1689 384 nou
1756 333 1758 372 ἶ

315 410 563 456 credentem
589 421 630 455 et
654 408 1044 465 contradicentem,
1089 409 1124 454 si
1148 408 1387 454 Christiani
1421 419 1522 453 sunt
1563 407 1698 454 Israel

316 480 384 526 vel
421 480 642 543 quomodo
660 496 702 524 se
729 478 966 542 appellavit
1009 478 1279 524 israelitam?
1308 477 1531 541 Numquid
1566 494 1613 523 ex
1647 493 1697 523 eo

315 551 437 614 quo'd
456 550 734 596 Christianus
748 549 887 593 factus
901 551 1020 593 erat?
1037 565 1125 593 non
1143 549 1295 611 utique
1313 566 1325 600 ς
1345 547 1419 593 sed
1435 564 1482 592 ex
1504 563 1552 593 eo
1569 545 1691 610 quod

317 620 557 666 secundum
585 635 760 664 carnem
793 617 937 663 fuerat
959 635 1006 663 ex
1031 618 1190 664 semine
1223 617 1470 671 Abraham,
1496 617 1550 662 de
1570 616 1694 663 tribu

1755 378 1759 399 i
1768 403 1769 408 t

315 689 571 749 Benjamin3
592 687 711 751 quod
727 703 814 732 non
828 703 975 732 sumus
988 704 1066 732 nos
1081 686 1322 732 secundum
1344 703 1535 744 carnem,
1547 701 1700 749 quam*

319 759 383 805 vis
400 758 637 803 secundum
662 757 793 802 fidem
818 757 951 801 simus
967 773 1110 802 semen
1137 756 1357 810 Abrahae;
1384 774 1433 803 ac
1452 774 1530 820 per
1550 757 1637 802 hoc
1658 765 1701 801 et
1754 766 1769 814 ,2

319 828 472 875 Israel.
497 827 583 873 Sed
607 826 726 872 aliud
751 837 812 872 est
841 826 962 889 quod
997 827 1188 886 agnoscit
1223 827 1386 872 altioris
1419 825 1702 887 intelligentia

321 897 596 952 sacramenti,
620 895 738 941 aliud
760 896 882 959 quod
895 896 1088 958 exposcit
1109 896 1367 958 quotidiana
1385 895 1702 942 cousuetudine

321 967 546 1015 vocabuli.

385 1037 504 1084 XVI.
535 1036 734 1098 Denique
761 1039 902 1097 Aptus
921 1034 1000 1079 iste
1011 1034 1155 1079 nescio
1175 1034 1289 1098 quis,
1309 1034 1458 1098 dequo
1472 1032 1699 1096 scripsisti,

317 1107 438 1172 quod
460 1106 616 1151 doceat
634 1105 859 1164 judaizare
882 1105 1180 1160 Christianos,
1205 1121 1253 1150 eo
1277 1104 1410 1150 modo
1439 1121 1482 1150 se
1506 1104 1620 1151 sicut
1655 1103 1702 1149 in

318 1176 509 1223 sinuavit
532 1176 736 1221 sanctitas
759 1186 850 1229 tua,
867 1174 1075 1220 Judaeum
1096 1185 1137 1219 et
1153 1175 1397 1220 israelitam
1416 1185 1561 1230 vocat,
1584 1183 1632 1219 ut
1646 1172 1702 1219 ab

320 1246 426 1292 escis
456 1245 710 1309 prohibeat,
737 1262 757 1289 a
778 1244 941 1306 quibus
964 1261 1046 1307 pro
1074 1245 1278 1307 temporis
1315 1244 1430 1289 illius
1453 1259 1702 1302 congruenss
1751 1256 1769 1282 ⁴·

322 1319 383 1362 tia
400 1318 486 1362 Lex
506 1332 584 1378 per
602 1325 800 1360 sanctum
818 1313 1030 1359 famulum
1059 1315 1137 1360 Dei
1164 1318 1347 1377 Moysen
1364 1313 1467 1359 data
1490 1312 1703 1377 prohibe·

320 1387 416 1440 bat,
442 1397 486 1431 et
512 1396 689 1430 caeteras
724 1385 838 1430 illius
864 1384 1072 1447 temporis
1102 1384 1440 1440 observationes,
1473 1388 1564 1444 jam
1585 1396 1702 1429 nune

321 1456 442 1520 apud
461 1455 736 1501 Christianos
760 1455 944 1500 abolitas
975 1465 1264 1518 remotasque,
1286 1454 1565 1518 persuadeat,
1594 1470 1702 1517 quas

316 1528 497 1574 umbras
530 1526 776 1571 futurorum
802 1525 994 1588 appellat
1031 1526 1285 1588 Apostolus,
1312 1535 1359 1571 ut
1391 1535 1432 1570 et
1468 1525 1702 1588 prophetia

317 1598 363 1644 in
389 1597 473 1643 illis
500 1596 792 1655 intelligatur,
827 1606 870 1640 et
911 1612 1062 1640 eorum
1101 1595 1347 1642 observatio
1365 1599 1456 1655 jam
1492 1606 1701 1640 evacuata

318 1677 580 1713 monstretur
603 1667 620 1695 ²
651 1684 660 1711 :
700 1665 817 1711 uncle
856 1676 1040 1728 apparet
1077 1683 1210 1728 quare
1251 1683 1293 1711 se
1317 1666 1395 1711 iste
1424 1667 1562 1727 Aptus
1594 1664 1697 1710 velit

319 1736 562 1782 Israelitam
599 1735 895 1798 Judaeumque
936 1736 1144 1791 vocitari,
1191 1752 1279 1781 non
1314 1735 1581 1799 spiritaliter,
1624 1734 1696 1780 sed

319 1807 496 1851 omnino
522 1806 764 1851 carnaliter.
807 1806 895 1850 Nos
929 1816 1068 1850 autem
1109 1822 1188 1851 nec
1224 1805 1340 1851 illius
1378 1804 1696 1850 observationi-

314 1876 417 1931 bUS‚
439 1892 539 1939 quae
564 1877 690 1921 Novo
711 1877 989 1921 Testamento
1008 1876 1197 1921 revelato
1222 1885 1445 1921 evacuatae
1478 1886 1603 1930 sunt,
1634 1885 1702 1920 te-

314 1962 470 1991 nemur
506 1946 723 1999 obstricti,
740 1956 784 1990 et
806 1957 1025 2008 praecepta
1060 1946 1203 2005 Legis,
1227 1946 1334 1991 huic
1356 1946 1487 1991 etiam
1515 1945 1702 2008 tempori

312 2015 566 2069 necessaria,
584 2015 731 2077 qualia
749 2025 852 2059 sunt
875 2032 884 2058 :
915 2035 934 2055 α
958 2015 1055 2059 Non
1079 2015 1366 2070 adulterabis,
1399 2016 1494 2060 Non
1515 2014 1700 2060 homiciu

314 2085 472 2131 »dium
502 2085 649 2140 facies,
681 2085 778 2129 Non
813 2085 1095 2147 concupisces
1120 2086 1156 2140 3,
1179 2108 1198 2128 n
1230 2096 1273 2131 et
1295 2086 1328 2131 si
1357 2085 1480 2148 quod
1501 2095 1563 2130 est
1582 2084 1700 2131 aliud

313 2157 588 2211 mandatum,
615 2155 736 2219 quod
757 2157 801 2200 in
820 2155 905 2200 hoc
919 2172 1116 2201 sermone
1134 2156 1477 2219 recapitulatur:
1501 2177 1521 2196 «
1542 2156 1701 2215 Diliges

315 2247 336 2266 »
361 2226 608 2287 proximum
644 2235 766 2270 tuum
801 2235 1008 2288 tanquam
1048 2236 1088 2270 te
1119 2226 1265 2288 ipsum
1287 2225 1373 2280 43»
1407 2242 1492 2271 non
1529 2225 1700 2270 viribus

313 2295 533 2349 humanis,
561 2296 685 2358 quasi
705 2305 895 2340 nostram
917 2296 1226 2342 constituentes
1244 2296 1481 2355 justitiam,
1507 2296 1579 2341 sed
1598 2311 1699 2355 graa-

311 2365 369 2410 tia
399 2366 473 2410 liei
515 2383 593 2427 per
614 2365 760 2410 Jesuni
792 2365 1021 2410 Christum
1050 2366 1286 2411 Dominum
1328 2374 1524 2411 nostrum
1544 2401 1555 2419 ,
1580 2365 1624 2409 in
1650 2380 1699 2410 ea
1744 2373 1745 2398 ³

305 2435 493 2492 justitia,
509 2435 748 2497 quaenobis
774 2435 828 2480 ab
853 2434 927 2479 illo
958 2446 1036 2491 est,
1061 2435 1332 2482 observanda
1351 2451 1436 2481 esse
1457 2435 1699 2481 didicimus
1741 2444 1743 2477 ὃ

312 2515 356 2549 et
379 2503 599 2551 docemus.
624 2506 712 2550 Nec
730 2515 873 2552 tamen
898 2504 995 2550 ideo
1012 2523 1088 2550 nos
1105 2523 1308 2565 negamus
1325 2522 1466 2552 semen
1485 2504 1694 2559 Abrahae,

365 2605 373 2624 ¹
394 2606 488 2636 Rom.
511 2614 556 2640 xi,
578 2614 605 2636 1.
624 2622 665 2628 -
686 2602 700 2624 2
715 2604 834 2635 coloss.
857 2615 892 2640 ii,
917 2615 970 2643 17.
992 2621 1035 2627 -
1053 2601 1066 2626 3
1083 2605 1183 2637 Exod.
1202 2616 1256 2643 xx,
1281 2607 1332 2638 13.
1348 2602 1422 2629 -—⁴
1447 2606 1521 2634 Luc.
1542 2614 1573 2642 x,
1591 2614 1648 2642 27·
