1769 3235
338 229 425 279 126
561 256 571 267 ·
754 240 789 271 s,
831 238 1081 270 Aucusrim
1115 239 1319 272 EPISCOPI

333 332 354 353 »
376 306 590 356 videbunt
625 305 766 353 filium
792 305 984 351 hominis
1010 307 1256 353 venientem
1281 307 1326 353 in
1352 306 1470 352 nube
1491 323 1593 354 cum
1616 324 1707 371 po-

335 403 354 423 »
374 390 522 426 testate
550 395 704 438 magna
725 388 766 422 et
784 375 1046 435 majestate1.
1070 398 1090 419 »

399 447 626 495 XXXVII.
646 447 880 492 Videamus
894 446 1040 509 itaque
1057 462 1110 493 ne
1129 447 1240 494 forte
1255 448 1408 495 melius
1420 449 1703 509 intelligatur,

334 537 424 566 non
446 537 493 566 ea
518 518 649 564 modo
674 516 848 580 impleri
870 553 880 572 ‚
920 533 1020 579 quae
1044 518 1256 581 praedicta
1293 531 1395 566 sunt
1418 519 1501 566 illis
1528 519 1672 565 verbis
1692 555 1703 575 ‚
1751 505 1754 562 J

334 590 408 637 sed
436 601 540 636 tunc
562 589 704 650 potius
731 604 818 633 esse
841 597 1024 634 ventura
1043 624 1055 644 ,
1083 588 1262 652 quando
1286 590 1348 634 sic
1381 591 1463 634 erit.
1482 589 1708 636 tribulatio
1752 644 1755 658 1

337 662 537 707 universo
557 659 653 705 orbi
675 696 686 715 ,
713 670 761 704 ut
788 657 843 704 ad
867 658 1107 704 Ecclesiam
1138 660 1353 722 pertineat
1384 676 1487 722 quae
1510 660 1710 707 universo

339 732 444 777 orbe
464 729 750 777 tribulabitur
769 764 780 786 ‚
805 745 892 774 non
916 727 970 773 ad
989 746 1059 774 eos
1081 729 1157 792 qui
1184 729 1463 775 tribulabunt
1483 747 1593 776 eam.
1619 730 1711 793 lpsi
1753 748 1756 792 j

338 804 453 849 enim
477 801 638 848 dicturi
673 810 773 846 sunt
798 836 809 854 ‚
845 802 972 845 «Pax
1000 809 1041 844 et
1076 800 1350 854 securitas3»
1377 812 1426 846 ut
1459 802 1713 864 repentinus
1753 853 1757 865 ι

338 872 424 918 illis
449 870 723 935 superveniat
742 869 941 914 interitus
957 906 968 925 ‚
1000 879 1041 914 et
1059 886 1130 914 eos
1156 869 1366 916 adventus
1395 871 1573 917 Domini
1601 871 1713 917 sicut
1754 906 1757 930 ;

337 943 408 989 fur
429 942 475 987 in
497 951 623 987 nocte,
645 938 1024 1002 comprehendat3
1052 939 1229 1001 quando
1253 957 1274 985 e
1299 942 1516 988 contrario
1545 940 1711 1001 gaude-
1753 954 1764 996 «ζ

340 1014 482 1069 bunt,
524 1023 566 1057 et
594 1010 854 1056 exultabunt
875 1009 952 1072 qui
984 1009 1175 1069 diligunt
1198 1010 1585 1058 manifestationem
1618 1013 1713 1058 Do-
1754 1025 1757 1042 1

339 1083 465 1132 mini.
491 1083 620 1127 Nunc
645 1090 788 1126 autem
823 1079 905 1125 ista
929 1079 1042 1125 mala
1065 1116 1076 1135 ‚
1102 1096 1203 1142 quae
1238 1090 1447 1144 tanquam
1483 1099 1652 1128 summa
1672 1092 1717 1127 et
1755 1072 1759 1095 ³

339 1164 524 1201 extrema
547 1150 788 1197 creduntur
805 1186 817 1206 ‚
855 1149 1031 1213 utrique
1054 1150 1171 1210 genti
1203 1161 1245 1196 et
1270 1151 1442 1215 utrique
1476 1169 1608 1212 regno
1629 1188 1639 1208 ‚
1672 1161 1715 1197 et

343 1223 510 1270 Christi
532 1222 695 1268 scilieet
718 1231 759 1267 et
779 1219 976 1277 diaboli,
1000 1220 1198 1268 ridemus
1228 1239 1315 1268 esse
1334 1223 1595 1271 communia.
1627 1225 1714 1270 Pa-
1764 1224 1769 1247 '³

338 1297 443 1342 riter
460 1293 628 1359 quippe
646 1292 716 1338 his
736 1302 777 1337 et
806 1292 914 1338 boni
934 1292 1184 1352 affliguntur
1211 1303 1254 1338 et
1280 1293 1411 1348 mali,
1437 1311 1517 1340 nec
1549 1305 1612 1340 est
1639 1294 1716 1357 qui
1755 1287 1769 1342 ΞΖ

341 1366 459 1413 dicat
474 1401 486 1420 ,
517 1384 538 1407 c<
557 1365 645 1409 Pax
667 1373 709 1408 et
727 1363 934 1408 securitas
951 1400 961 1418 ,
984 1384 1004 1403 2>
1040 1362 1308 1426 ubicumque
1331 1364 1620 1424 contingunt,
1647 1365 1716 1411 vel

342 1437 551 1483 metuitur
583 1450 636 1479 ne
673 1433 942 1494 contingant.
976 1434 1095 1478 Inter
1120 1450 1221 1496 quae
1251 1444 1394 1479 tamen
1429 1434 1543 1480 mala
1568 1434 1717 1481 adhuc
1765 1452 1769 1481 ἴ

342 1519 652 1570 usquequaque
687 1502 1019 1566 frequentantur
1063 1503 1283 1549 luxuriosa
1317 1504 1551 1562 convivia,
1580 1503 1717 1552 fervet
1763 1519 1769 1549 1:

341 1577 564 1625 ebriositas
581 1612 593 1630 ‚
615 1574 797 1622 avaritia
814 1584 1031 1634 grassatur
1049 1611 1059 1629 ‚
1079 1584 1360 1638 perstrepunt
1375 1574 1527 1621 lascivi
1545 1587 1714 1635 cantus,

342 1664 501 1709 organa
519 1683 531 1702 ,
556 1644 679 1691 tibiae
697 1680 707 1700 ‚
734 1643 843 1707 lyrae
862 1681 873 1700 ‚
900 1644 1103 1700 citharae,
1133 1655 1302 1690 tesserae
1325 1682 1336 1701 ‚
1361 1644 1500 1693 multa
1523 1656 1566 1692 et
1597 1648 1719 1693 varia

342 1735 494 1780 genera
524 1731 730 1762 sonorum
767 1725 896 1778 atque
919 1714 1143 1762 ludorum.
1179 1715 1396 1761 flocci-ne
1434 1726 1495 1762 est
1530 1734 1719 1764 arescere

342 1807 439 1854 prae
455 1788 634 1843 timooe,
657 1803 711 1832 an
733 1785 879 1849 potius
897 1785 1142 1832 madescere
1160 1802 1256 1849 prae
1273 1785 1492 1833 libidine?
1517 1787 1602 1834 Sed
1620 1787 1719 1835 haec

343 1861 423 1907 filii
446 1859 724 1905 tenebrarum
744 1855 1042 1903 abundantius
1065 1856 1297 1903 habebunt
1318 1893 1330 1913 ‚
1354 1867 1398 1903 et
1417 1858 1682 1906 exercebunt
1702 1897 1713 1917 ,

344 1948 444 1983 cum
471 1928 656 1976 dixerint
676 1965 689 1981 ,
713 1947 732 1968 ε(
753 1928 842 1972 Pax
865 1938 908 1972 et
926 1927 1147 1974 securitas,
1176 1949 1196 1969 »

407 1998 660 2047 XXXVIII.
699 1997 819 2054 Quid
839 1997 923 2060 ipsi
950 1997 1030 2043 filii
1063 1997 1174 2043 lucis
1196 2007 1236 2043 et
1271 1997 1352 2045 fili-i
1379 1997 1499 2055 diei,
1531 2000 1608 2063 qui
1629 2018 1719 2048 non

344 2071 510 2120 suntin
529 2068 714 2115 tenebris
736 2105 747 2124 ‚
778 2078 826 2113 ut
857 2085 927 2113 eos
952 2079 1164 2131 tanquam
1189 2067 1260 2114 fur
1286 2068 1378 2114 dies
1402 2068 1476 2116 ifle
1511 2088 1716 2135 compre-

343 2142 509 2189 hendat
531 2160 543 2194 ;
568 2156 712 2185 nonne
733 2137 880 2185 adhuc
906 2149 1090 2184 utuntur
1107 2139 1194 2185 hoc
1215 2138 1383 2184 mundo
1401 2150 1608 2204 tanquam
1628 2160 1719 2189 non

344 2213 546 2260 utentes?
573 2210 690 2267 Quia
711 2209 787 2255 etsi
815 2220 910 2256 ante
934 2208 1092 2255 multos
1121 2225 1255 2254 annos
1279 2210 1590 2272 Apostolorum
1610 2223 1717 2259 tem-

342 2284 526 2350 poribus
562 2281 731 2328 dictum
767 2290 828 2327 est
846 2316 858 2336 ‚
898 2280 972 2343 pia
1006 2291 1150 2327 tamen
1189 2279 1480 2328 sollicitudine
1524 2284 1717 2344 cogitant

342 2354 462 2420 quod
503 2352 671 2398 dictum
707 2361 767 2398 est
789 2387 800 2407 ‚
858 2371 879 2393 c<
900 2351 1092 2414 Tempus
1136 2351 1267 2396 breve
1304 2363 1365 2397 est
1380 2352 1416 2398 2.
1447 2375 1466 2394 »
1504 2354 1658 2400 Nonne
1691 2373 1716 2402 a

338 2426 526 2473 maxima
550 2432 674 2486 parte
705 2438 855 2468 eorum
892 2420 1162 2476 novellatur,
1203 2420 1480 2479 aedificatur,
1520 2425 1738 2485 emitur„

338 2494 586 2563 possidetur
608 2529 619 2549 ,
645 2503 856 2553 geruntur
875 2491 1022 2538 adhuc
1042 2491 1232 2539 honores
1247 2529 1258 2550 ,
1283 2492 1508 2542 ducuntur
1532 2499 1714 2545 uxores?

386 2580 398 2605 ¹
422 2591 436 2611 1
458 2577 569 2611 Thess.
589 2586 622 2619 v,
644 2577 674 2608 3.
692 2594 734 2600 —
751 2573 767 2597 ²
786 2587 800 2607 1
818 2576 893 2610 Cor.
913 2585 1047 2616 v11‚29.
