1769 3235
321 251 414 313 376
723 265 757 292 s.
803 262 1044 294 mausum
1080 264 1281 295 EP15COP1

320 330 459 376 facere
482 339 682 393 oportet,
707 328 801 374 utsi
825 329 906 375 tibi
930 330 1112 390 contigit
1130 341 1337 393 tanquam
1357 330 1543 387 homini,
1569 331 1691 395 quod
1740 345 1741 350 ’

321 401 472 464 utique
494 401 628 445 homo
662 400 742 445 Dei
772 399 881 446 dicit
910 402 955 447 in
978 401 1150 446 Psalmo
1169 438 1180 454 ‚
1209 422 1229 442 «
1248 401 1470 446 Turbatus
1503 411 1565 447 est
1599 419 1692 465 prae

321 492 341 512 »
365 471 428 516 ira
455 470 607 516 oculus
626 487 745 516 meus
760 469 797 526 1,
819 492 840 512 »
862 471 1070 516 exclames
1089 471 1144 516 ad
1166 471 1399 517 Dominum
1417 508 1429 526 ,
1457 472 1693 518 «Miserere
1745 511 1747 515 Α

324 563 345 583 ›>
367 541 470 596 mci,
498 541 685 586 Domine
705 578 716 597 ‚
745 541 953 604 quoniam
981 542 1180 587 infirmus
1212 541 1406 594 sum23»
1433 552 1481 587 ut
1499 542 1695 605 porrigat
1738 576 1748 589 ..

320 611 402 658 tibi
431 612 644 658 dexteram
667 629 788 658 suam
809 650 820 669 ‚
847 623 887 658 et
912 612 1175 675 comprimat
1197 611 1469 658 iracundiam
1492 623 1632 668 tuam,
1653 623 1696 658 et
1745 650 1749 655 .

320 682 573 747 tranquillet
620 693 804 728 mentem
845 694 964 728 tuam
1005 682 1058 728 ad
1098 681 1328 727 videndam
1367 681 1696 746 faciendamque
1748 719 1750 746 7

315 755 541 815 justitiam.
571 754 693 800 Sicut
715 754 829 800 enim
857 754 1070 816 scriptum
1089 763 1150 797 est
1171 773 1182 806 3
1207 774 1227 793 «
1247 753 1481 799 Iracundia
1503 753 1582 799 viri
1604 754 1696 814 jus·
1743 751 1754 808 ,Ῐ

322 825 501 870 »titiam
538 825 618 870 Dei
647 843 734 871 non
760 823 1010 887 operatur-3.
1031 844 1051 864 »
1077 824 1167 868 Nec
1191 823 1413 869 arbitreris
1449 823 1547 870 ideo
1572 824 1699 870 nobis

321 913 408 942 non
429 912 552 959 posse
569 895 802 958 subrepere
825 895 1029 954 injustam
1056 894 1396 940 commotionem
1416 930 1427 950 ,
1456 895 1559 957 quia
1579 895 1699 958 epis-
1744 887 1747 903 ³

320 967 423 1029 copi
449 983 612 1012 sumus.
645 965 729 1011 Sed
751 965 898 1029 potius
914 964 1154 1024 cogitemus
1178 964 1289 1010 inter
1304 965 1480 1028 laqueos
1502 965 1701 1011 tentatio·
1746 967 1750 1020 ξ

317 1054 423 1083 num
451 1054 528 1082 nos
560 1036 922 1100 periculosissime
954 1036 1099 1080 vivere
1121 1072 1131 1090 ‚
1162 1036 1265 1099 quia
1305 1035 1504 1081 homines
1532 1052 1694 1083 sumus,

323 1107 456 1155 Auser
487 1108 632 1171 itaque
656 1108 785 1153 Gesta
809 1106 1121 1162 ecclesiastica,
1157 1124 1257 1170 quae
1280 1107 1578 1170 perturbatior
1611 1107 1701 1153 sor·
1748 1117 1754 1146 ἑ

323 1190 429 1225 tasse
451 1178 611 1232 fecisti,
635 1188 678 1223 et
694 1178 839 1224 redeat
860 1178 972 1223 inter
994 1195 1069 1222 vos
1088 1177 1277 1223 charitas
1295 1214 1305 1233 ‚
1340 1194 1470 1240 quam
1491 1194 1592 1223 cum
1627 1177 1702 1223 illo
1750 1197 1754 1220 ι

319 1262 360 1297 et
384 1249 724 1295 catechumenus
742 1249 951 1295 habuisti.
979 1247 1110 1293 Aufer
1129 1247 1247 1293 litem
1278 1259 1318 1294 et
1340 1265 1495 1294 revoca
1514 1264 1667 1311 pacem
1687 1284 1698 1303 ,

324 1339 377 1366 ne
399 1320 477 1366 tibi
502 1329 651 1383 pereat
673 1320 806 1364 homo
833 1319 996 1364 amicus
1015 1354 1026 1372 ‚
1049 1328 1090 1362 et
1115 1317 1168 1363 de
1188 1319 1311 1363 vobis
1334 1318 1519 1378 gaudeat
1542 1317 1704 1363 diabo-

323 1393 391 1438 lus
413 1391 631 1437 inimicus.
672 1391 832 1435 Potens
854 1400 915 1435 est
938 1399 1079 1434 autem
1114 1388 1408 1434 misericordia
1435 1388 1511 1434 Dei
1535 1388 1699 1442 nostri,

323 1480 423 1525 quae
447 1474 488 1508 et
512 1480 579 1508 me
603 1461 802 1507 exaudiat
829 1471 1022 1506 orantem
1049 1497 1060 1515 ,
1095 1477 1148 1505 ne
1184 1477 1277 1505 mea
1302 1459 1475 1505 tristitia
1495 1459 1548 1505 de
1579 1459 1705 1505 vobis

327 1544 535 1594 augeatur
553 1571 563 1588 ‚
586 1533 658 1579 sed
677 1533 824 1596 potius
845 1548 944 1594 quae
961 1541 1023 1576 est
1039 1541 1183 1575 exorta
1204 1541 1395 1587 sanctur,
1417 1542 1458 1576 et
1477 1531 1612 1591 erigat
1627 1547 1706 1592 per

329 1605 508 1664 gratiam
528 1622 669 1658 suam,
694 1613 735 1649 et
751 1602 943 1648 laetificet
960 1604 1234 1661 juventutem
1257 1612 1376 1647 tuam
1398 1618 1485 1647 non
1502 1610 1702 1648 contem-—

329 1687 499 1722 nentem
526 1685 787 1722 senectutem
812 1690 966 1719 meam.
1001 1670 1115 1718 Vale.

379 1778 387 1799 ¹
408 1776 487 1808 Psal.
506 1788 547 1813 u,
567 1779 583 1806 8
612 1793 651 1800 —
668 1773 785 1808 21bid.
806 1776 838 1806 3.
862 1792 904 1797 —
920 1770 935 1794 ³
953 1770 1067 1805 Jacob.
1084 1783 1108 1811 ι,
1133 1784 1187 1804 ao.
