1769 3235
314 280 407 339 460
730 295 763 326 s.
809 294 1051 326 Achs‘rlm
1086 293 1290 326 muscorl

317 382 401 409 non
426 362 664 408 existiment
687 363 790 407 novi
828 361 1024 407 haeretici
1059 361 1308 420 Pelagiani‚
1346 359 1585 406 secundum
1620 377 1692 407 eos

318 450 405 478 esse
429 433 613 479 dictum.
654 433 815 478 Verum
846 442 908 477 est
941 432 1055 477 enim
1093 432 1269 476 omnino
1288 467 1299 486 ‚
1327 447 1473 475 omnes
1496 430 1694 477 homines

316 503 404 549 hoc
424 520 548 566 posse
565 540 576 559 ,
601 503 634 548 si
648 502 804 559 velint3
835 501 907 547 sed
926 512 1203 564 praepar3.tur
1220 500 1421 546 voluntas
1439 518 1463 546 a
1482 500 1689 557 Domino,

319 584 361 619 et
388 584 558 619 tantum
585 585 764 633 augetur
796 589 974 618 munere
996 571 1249 626 charitatis,
1279 582 1327 616 ut·
1348 571 1542 634 possint,
1574 571 1695 634 quod

316 644 390 689 hic
425 643 523 689 ideo
546 643 715 689 dictum
741 660 828 689 non
850 654 913 688 est
935 679 945 697 ‚
967 642 1174 705 quoniam
1191 641 1396 703 praesenti
1410 642 1695 686 necessarium

322 732 410 760 non
433 725 524 759 erat
546 714 794 777 quaestioni,
826 713 959 770 Quod
989 729 1089 757 vero
1122 711 1185 756 ibi
1208 711 1394 771 legitur,
1429 711 1697 757 benedictio·
1736 749 1744 756 .

316 801 415 829 nem
442 784 520 829 Dei
543 801 629 847 qua
653 784 824 830 dictum
848 794 932 837 est,
963 782 1185 826 «Crescite
1203 792 1244 826 et
1266 780 1696 844 multiplicamini1„»

316 857 361 900 in
383 854 600 900 carnalem
618 853 954 900 foecunditatem
975 862 1075 915 post
1094 862 1327 915 peccatum
1346 868 1596 896 conversam
1611 868 1698 897 esse

318 924 600 980 credendam,
627 924 660 969 si
682 941 769 969 non
789 933 932 986 potest
964 922 1047 967 alio
1071 920 1202 967 modo
1222 920 1390 966 dictum
1424 920 1586 977 videri,
1617 921 1699 966 nisi

323 1006 372 1039 ut
396 1004 608 1057 putentur
633 993 696 1039 illi
717 993 917 1038 homines
942 1009 1029 1037 non
1047 991 1246 1037 habituri
1269 990 1398 1036 fuisse
1417 990 1528 1036 filios
1550 991 1700 1036 homi-

317 1081 388 1109 nes
416 1064 496 1109 nisi
528 1073 802 1126 peccassent,
831 1063 1010 1108 omnino
1040 1079 1129 1107 non
1155 1061 1376 1124 approbo,
1412 1060 1530 1106 lllud
1570 1061 1700 1107 etiam

316 1151 406 1178 non
447 1145 509 1179 est
541 1150 838 1197 consequens,
882 1144 931 1178 ut
966 1132 1063 1179 ideo
1092 1132 1392 1192 intelligatur,
1430 1132 1475 1177 in
1499 1131 1702 1192 allegoria

317 1204 624 1250 tantummodo
656 1222 741 1250 esse
772 1204 1077 1268 accipiendum
1093 1239 1103 1259 ‚
1130 1203 1251 1267 quod
1281 1203 1433 1248 herbae
1457 1203 1640 1258 virides,
1660 1213 1702 1248 et

317 1274 433 1334 ligna
450 1273 675 1320 fructifera
692 1275 810 1320 omni
827 1274 970 1335 generi
990 1274 1245 1328 bestiarum,
1257 1284 1298 1318 et
1311 1273 1515 1318 omnibus
1533 1273 1702 1330 avibus,

320 1355 361 1390 et
385 1345 590 1390 omnibus
613 1345 888 1408 serpentibus
908 1345 953 1390 in
972 1344 1087 1389 libro
1121 1345 1332 1390 Geneseos
1362 1343 1525 1389 dantur
1552 1343 1605 1389 ad
1635 1343 1702 1390 ci-

319 1416 428 1461 bum
451 1453 462 1472 ‚
486 1417 589 1479 quia
617 1427 717 1461 sunt
744 1428 785 1461 et
818 1415 1123 1480 quadrupedia
1146 1426 1188 1460 et
1209 1414 1403 1461 volatilia
1426 1452 1437 1471 ‚
1474 1431 1573 1478 quae
1605 1413 1703 1460 solis

321 1486 527 1531 carnibus
547 1488 691 1532 vivere
715 1486 960 1532 videantur.
989 1487 1102 1532 Fieri
1120 1486 1232 1532 enim
1253 1497 1396 1549 posset
1417 1496 1465 1531 ut
1487 1485 1704 1531 alerentur

324 1557 379 1602 ab
409 1556 664 1602 hominibus
683 1557 813 1602 etiam
835 1557 888 1603 de
908 1557 1128 1603 fructibus
1148 1568 1300 1612 terrae,
1333 1557 1367 1602 si
1395 1567 1578 1620 propter
1601 1556 1704 1601 obe-

321 1627 527 1673 dientiam
543 1664 553 1683 ‚
574 1644 662 1691 qua
679 1628 764 1691 ipsi
784 1628 983 1674 homines
1008 1629 1097 1674 Deo
1125 1628 1214 1673 sine
1241 1627 1329 1673 ulla
1347 1627 1579 1690 iniquitate
1603 1644 1698 1672 ser-

320 1699 488 1754 virent,
529 1710 795 1745 mererentur
831 1699 988 1745 bestias
1020 1711 1061 1745 et
1097 1716 1193 1745 aves
1227 1699 1346 1744 omni
1383 1698 1515 1744 modo
1541 1698 1704 1743 habere

320 1768 564 1814 servientes.
591 1769 699 1814 Item
719 1787 892 1816 movere
914 1780 1056 1833 potest
1089 1768 1312 1848 quomodo
1336 1768 1516 1814 dixerim
1541 1768 1595 1814 de
1617 1785 1703 1831 po-

320 1839 425 1903 pulo
455 1839 629 1885 Israel:
656 1839 826 1886 Acllzuc
853 1841 1093 1905 corporalc
1111 1843 1466 1885 ι·”’ῐ16ιι]η(ί’.ςιοηθ
1489 1851 1535 1884 et
1555 1856 1703 1884 accerc-

305 1911 464 1972 sicci&
499 1921 727 1974 tanquam
769 1930 817 1956 m
855 1929 976 1956 mall
1004 1923 1215 1975 genuum
1243 1912 1456 1973 populus
1497 1910 1575 1955 zlle
1614 1909 1708 1971 legc

320 1979 574 2033 s'emzelmm
612 1981 973 2045 quandoquidem
1011 1981 1129 2045 apud
1167 1992 1311 2041 gentes
1339 1981 1583 2026 sacrificare
1615 1996 1704 2025 non

325 2061 495 2114 poterat
518 2069 528 2096 ε
553 2052 667 2097 sicut
684 2068 753 2098 eos
773 2063 813 2097 et
828 2070 947 2098 nunc
967 2053 1164 2099 videmus
1184 2052 1274 2097 sine
1297 2051 1520 2097 sacrificiis
1536 2068 1704 2096 reman-

325 2122 450 2174 sisse;
480 2122 561 2167 nisi
584 2122 694 2168 forte
711 2124 831 2186 quod
857 2142 935 2187 per
955 2124 1118 2188 pascha
1145 2123 1247 2186 (28)
1281 2122 1509 2168 immolant
1546 2138 1670 2168 ovem
1691 2157 1702 2179 ‚

323 2193 409 2237 hoc
429 2192 474 2237 in
492 2193 706 2239 sacrificio
728 2194 980 2257 deputetur.

388 2263 470 2309 III.
521 2264 572 2308 In
598 2264 788 2310 secundo
813 2265 939 2310 etiam
966 2264 1080 2310 libro
1106 2263 1215 2309 illud
1238 2301 1249 2319 ‚
1286 2263 1405 2326 quod
1430 2262 1556 2326 posui
1580 2299 1590 2317 ‚
1619 2279 1703 2308 no-

326 2334 442 2379 mine
466 2334 622 2397 pabuli
642 2335 876 2395 significari
906 2353 1028 2400 posse
1052 2337 1187 2380 vitam
1203 2373 1212 2384 ,
1235 2352 1335 2380 cum
1356 2334 1544 2380 melioris
1567 2334 1704 2379 inter-

327 2405 584 2467 pretationis
609 2406 784 2452 codices
808 2425 896 2453 non
918 2406 1110 2452 habeant
1138 2405 1354 2468 pabulum
1372 2443 1382 2461 ‚
1416 2405 1490 2450 sed
1512 2404 1699 2460 foenum,

325 2491 412 2519 non
439 2475 539 2519 satis
564 2486 661 2538 apte
681 2476 850 2523 dictum
873 2477 1056 2522 videtur.
1098 2477 1194 2522 Non
1223 2476 1336 2521 enim
1365 2476 1567 2535 congruit
1594 2473 1703 2520 foeni

320 2561 477 2589 nomen
519 2546 824 2604 significationi
851 2547 954 2594 vitae
976 2585 986 2604 ‚
1024 2546 1247 2610 quomodo
1282 2545 1450 2610 pabuli.
1494 2547 1601 2591 [teni
1631 2547 1701 2590 vi-

370 2628 484 2660 ¹(3e11.
513 2639 541 2665 1,
558 2630 611 2658 23.
