1769 3235
508 253 723 284 Er1s'ronA
758 255 918 288 ccxxx.
1301 241 1391 303 295

28 334 113 371 tam
133 322 316 383 gloriosa
334 356 345 374 ‚
369 329 454 364 tam
481 318 664 364 maxima
686 355 697 374 ,
720 320 892 383 scriptis
911 331 949 366 te
965 322 1046 367 tuis
1062 322 1218 368 intueri
1236 321 1395 368 malui-

30 410 124 441 mus
145 430 156 447 ,
182 410 280 439 cum
307 407 391 436 una
415 388 550 443 mihi,
572 399 698 452 atque
718 389 814 435 haec
836 391 977 436 brevis
1005 393 1192 455 Epistola
1218 403 1313 443 tua„
1336 409 1399 438 ar-

31 463 146 512 doris
185 474 326 509 tantas
355 459 583 508 flammas,
616 459 902 522 incendiaque
933 463 1242 517 commoverit,
1279 462 1405 508 Unde

33 533 316 597 deprecamur
336 542 375 576 te
392 568 401 577 .
438 547 486 574 ac
513 540 601 575 tota
629 541 770 575 mente
794 530 1095 593 deposcimus,
1120 543 1165 577 ut
1195 533 1404 596 quoniam

35 604 210 667 gentiles
230 605 338 649 ritus
353 613 390 647 te
410 600 536 645 etiam
559 600 762 659 legendo,
783 611 829 649 ut
846 618 1069 663 nunquam
1089 602 1212 657 alias,
1233 602 1408 647 abunde

36 674 284 739 affatimque
309 671 651 735 contempsimus
676 689 687 716 ι
715 672 1005 734 tQuanquam
1032 673 1144 717 enim
1173 690 1192 717 a
1214 673 1411 736 patenti-

35 745 140 799 bus,
168 746 224 790 ab
242 744 330 789 avis
350 781 359 798 ,
385 753 426 787 et
444 753 659 806 postrema
682 759 817 805 usque
839 742 974 801 gentis
995 742 1121 805 prole
1137 743 1297 789 christi
1313 746 1414 801 jura

37 815 312 880 percepimus
329 851 338 866 ‚
365 823 504 858 tamen
538 812 764 875 aYiquoties
796 812 989 857 sensibus
1010 813 1164 857 nostris
1182 813 1415 874 superssuae

39 882 356 948 superstitionis
387 883 576 945 superba
610 883 776 928 vanitas
797 883 1031 928 inerrabat.
1053 884 1067 943 )
1091 884 1198 928 Peto
1221 893 1268 928 ut
1292 882 1418 927 etiam

15 960 17 962 ’
45 954 380 1000 Confessionum
409 954 540 999 libros
571 972 592 999 a
629 965 666 999 te
697 954 990 1017 perscriptos,
1020 954 1147 998 nobis
1172 953 1339 999 mittere
1373 968 1422 998 ac

43 1023 212 1072 donare
245 1024 449 1084 digneris.
484 1025 529 1070 Si
565 1025 678 1070 enim
714 1025 786 1070 alii
826 1042 1005 1087 quoque
1043 1041 1183 1087 prono
1209 1023 1351 1070 animo
1377 1039 1425 1067 ac

49 1095 237 1155 benigna
259 1106 493 1140 mentetua
513 1096 640 1141 nobis
657 1097 816 1159 scripta
835 1096 976 1155 largiti
995 1106 1121 1151 sunt,
1143 1106 1308 1158 quanto
1333 1111 1429 1140 ma·-

47 1166 108 1228 gis
127 1166 180 1212 de
205 1166 285 1211 tuis
301 1165 391 1229 ipse
413 1183 612 1211 excusare
633 1183 719 1211 non
737 1166 898 1212 debes?
921 1188 940 1208 n

117 1237 168 1284 V.
201 1238 396 1282 «Fertur
417 1247 602 1299 satrapae
619 1273 629 1289 ‚
658 1253 728 1281 seu
748 1237 855 1295 regis
878 1237 1024 1299 potius
1050 1235 1276 1296 cujusdam
1299 1234 1427 1296 Epis-

0 1308 5 1338 ἕ
52 1306 189 1362 tola2‚
215 1308 354 1352 Deum
374 1307 614 1352 Dominum
636 1307 862 1352 Christum
885 1308 1158 1370 deprecantis
1173 1343 1183 1361 ‚
1205 1322 1303 1350 curn
1322 1305 1435 1349 intra

0 1431 1 1447 χ
54 1377 224 1424 Judaeae
248 1378 440 1438 regiones
469 1378 616 1424 adhuc
640 1389 898 1431 versaretur,
925 1389 967 1423 et
990 1377 1177 1423 necdum
1201 1376 1244 1421 in
1270 1375 1434 1421 coelum

58 1466 183 1496 suum
205 1460 493 1504 remeaverat,
519 1450 725 1512 quoniam
747 1449 781 1494 is
807 1450 860 1495 ad
882 1466 980 1494 eum
1000 1449 1060 1494 ire
1088 1466 1136 1493 ac
1156 1463 1332 1511 pergere
1361 1462 1440 1508 per

0 1571 3 1583 ³
57 1519 361 1579 aegritudinem
390 1519 726 1583 praepediretur,
749 1530 789 1564 et
817 1520 956 1565 sanari
986 1518 1107 1564 aliter
1129 1535 1170 1563 se
1197 1534 1320 1581 posse
1350 1533 1437 1561 non

0 1585 2 1646 ζ
57 1590 277 1646 crederet,
310 1590 364 1636 ad
384 1607 425 1635 se
444 1628 455 1646 ,
489 1592 523 1636 si
547 1590 801 1651 dignaretur
822 1589 978 1636 mundi
1007 1590 1120 1635 salus
1144 1607 1194 1635 ac
1224 1586 1439 1634 medicina

0 1711 1 1723 ζ
59 1661 334 1715 decurreret;
355 1670 394 1707 et
411 1678 465 1706 ne
483 1672 616 1707 tantae
631 1662 845 1722 majestati
862 1699 873 1718 ‚
896 1679 1028 1725 quarn
1053 1661 1226 1721 ignarus
1241 1676 1310 1705 rex
1328 1674 1438 1722 pro-

58 1732 184 1788 vida,
211 1731 284 1777 sed
312 1748 399 1777 non
426 1732 621 1794 perfecta
651 1744 792 1778 mente
811 1770 820 1787 ‚
850 1743 1134 1795 conceperat,
1156 1730 1317 1790 injuria
1343 1728 1435 1774 fieri

61 1802 304 1858 videretur,
328 1801 525 1848 laudasse
559 1803 739 1866 insuper
771 1820 890 1848 suam
928 1802 1092 1848 dicitur
1120 1802 1365 1856 ci·'itatem‚
1394 1810 1444 1845 ut

0 1873 1 1897 ³
60 1871 392 1938 pulchritudine
411 1873 533 1918 urhis
551 1884 592 1918 et
613 1874 721 1933 regis
735 1873 929 1936 hospitio
947 1874 1061 1919 Deus
1078 1873 1271 1929 illectus,
1289 1887 1438 1935 preces

63 1942 275 2007 supplicis
297 1960 383 1988 non
399 1942 722 2003 dedignaretur.
749 1945 886 1990 Affuit
902 1946 1018 1990 Deus
1036 1944 1151 2004 regi,
1171 1954 1344 1989 sanatus
1359 1952 1439 1998 est,

67 2024 109 2061 et
141 2012 408 2077 amplificato
449 2015 672 2077 petitionis
709 2032 911 2071 munere,
958 2032 1037 2079 per
1077 2014 1316 2078 Epistolam
1360 2030 1448 2058 non

70 2084 200 2131 modo
227 2084 411 2130 salutem
437 2097 486 2130 ut
509 2086 722 2150 supplici,
753 2086 824 2132 sed
846 2087 973 2132 etiam
997 2087 1268 2132 securitatem
1297 2095 1345 2130 ut
1365 2083 1450 2143 regi

73 2156 322 2202 transmisit.
349 2158 482 2202 Jussit
500 2157 678 2221 insuper
696 2162 788 2218 ejus
808 2158 961 2204 urbem
986 2158 1041 2203 ab
1062 2157 1262 2202 hostibus
1285 2157 1329 2201 in
1349 2172 1453 2219 per-

74 2237 255 2290 petuum
284 2243 371 2271 esse
396 2244 444 2272 ac
464 2245 633 2291 semper
651 2229 906 2275 immunem.
939 2228 1059 2284 Quid
1079 2228 1147 2272 his
1168 2226 1269 2273 addi
1290 2225 1458 2271 benefi-

76 2297 335 2360 ciispotest‘?
359 2298 446 2357 Ego
464 2298 661 2355 humilis,
680 2311 719 2345 et
734 2317 880 2359 regum
896 2316 1059 2354 servus,
1079 2316 1098 2343 a
1112 2310 1150 2343 te
1166 2314 1260 2342 meo
1278 2296 1458 2349 domino

79 2379 202 2432 peto,
220 2377 268 2412 ut
298 2368 415 2430 apud
438 2369 565 2415 istum
583 2371 808 2416 Christum
838 2387 886 2415 ac
911 2370 1156 2432 principem
1183 2369 1321 2413 Deum
1343 2383 1458 2431 quo-

81 2438 186 2484 tidie
209 2455 290 2501 pro
316 2439 418 2483 meis
443 2441 632 2502 peccatis
663 2440 928 2486 intercedere
955 2457 1007 2484 ne
1034 2439 1274 2492 cuncteris,
1295 2455 1344 2484 ac
1376 2454 1458 2502 pro

83 2526 150 2556 me
170 2508 406 2555 indefessus
427 2527 538 2566 ores,
565 2529 612 2558 ac
628 2523 749 2576 petas
771 2511 989 2576 quidquid
1006 2510 1099 2574 ipse
1116 2510 1318 2557 volueris.
1341 2531 1361 2550 ›>

131 2593 143 2616 ²
158 2592 312 2635 Ahagaris
325 2592 408 2635 regis
420 2594 555 2637 epistola
568 2595 608 2628 ad
627 2596 789 2630 Christum
807 2622 817 2639 ,
840 2595 880 2627 de
896 2606 958 2638 qua
977 2594 1093 2629 Euseb.
1111 2594 1168 2628 lib.
1190 2606 1222 2628 ι.
1239 2605 1268 2628 c.
1291 2594 1345 2629 13.
