1769 3235
334 258 425 319 496
753 270 786 298 s.
835 268 1075 298 AUGUSTINI
1113 268 1320 300 EPISCOPI

332 349 394 383 est
413 336 525 381 enim
546 334 666 397 quod
693 335 736 379 in
770 351 963 379 sermone
983 335 1243 394 Evangelico
1272 335 1314 380 in
1334 347 1479 382 monte
1500 338 1710 384 Dominus

334 406 442 451 dicit
468 423 477 450 :
506 404 734 450 «Audistis
754 405 854 467 qnia
873 404 1039 449 dictum
1056 406 1322 468 estantiquis
1345 406 1449 462 hoc,
1471 424 1547 467 ego
1568 420 1707 453 autem

338 476 477 522 »dico
503 475 625 520 vobis
650 474 664 503 1
693 493 702 519 ε
736 501 751 516 υ
776 475 807 520 si
851 474 962 519 nihil
988 474 1078 536 ipse
1110 475 1296 537 amplius
1325 479 1553 540 praecepit,
1578 495 1710 541 quam

338 557 606 611 praeceptum
629 557 690 591 est
710 546 755 590 in
790 544 874 590 illis
906 545 1124 590 veteribus
1145 545 1305 591 libris?
1337 547 1501 593 Deinde
1531 566 1711 608 regnum

335 617 548 663 coelorum
566 616 805 679 illipopulo
825 615 951 661 fuisse
975 616 1236 678 promissum
1264 633 1349 661 non
1377 617 1557 677 legimus
1587 620 1632 664 in
1664 619 1713 664 iis

337 705 437 751 qua:
477 687 687 750 promissa
730 697 828 732 sunt
868 688 978 745 Lege
1019 685 1120 730 data
1161 704 1237 748 per
1278 688 1455 750 Moysen
1494 689 1539 733 in
1569 699 1714 734 monte

339 758 492 813 Sina²‚
534 757 652 821 qnod
678 758 856 821 proprie
881 757 1011 800 Vetus
1036 756 1199 801 dicitur
1222 758 1565 814 Testamentum,
1589 759 1707 822 quod

335 831 663 894 praefiguratum
681 830 790 873 dicit
812 827 1041 889 Apostolus
1054 845 1132 890 per
1152 828 1356 873 ancillam
1373 829 1491 874 Sarae
1515 830 1714 876 etlilium
1768 889 1769 892 Ἴ

339 905 430 960 ejus
455 901 470 928 3
493 918 502 944 :
530 899 599 945 sed
626 911 666 944 et
692 900 752 944 il›i
777 899 1009 956 figuratum
1037 909 1096 943 cst
1121 909 1162 943 et
1187 915 1347 944 novum
1374 917 1451 962 per
1473 900 1609 963 ipsam
1633 900 1716 946 Sa-

337 989 429 1017 ram
450 981 489 1016 et
516 971 656 1015 filium
676 973 779 1028 ejus.
806 968 996 1013 Proinde
1016 970 1047 1013 si
1066 969 1218 1028 figurae
1232 969 1540 1025 discutiantur,
1572 971 1715 1016 omnia

335 1042 399 1088 ibi
430 1041 693 1104 prophetata
725 1040 1028 1102 reperiuntur,
1064 1057 1162 1102 quae
1199 1051 1298 1085 sunt
1323 1052 1611 1103 praesentata,
1652 1041 1719 1087 vel

338 1121 620 1175 expectantur
658 1109 960 1173 praesentanda
996 1127 1075 1172 per
1119 1110 1359 1157 Christum.
1410 1111 1718 1157 Verumtamen

338 1193 520 1247 propter
555 1181 758 1244 quaedam
793 1192 1016 1244 praecepta
1043 1198 1129 1226 non
1168 1182 1351 1241 figurata
1372 1220 1381 1236 ‚
1418 1182 1489 1227 sed
1518 1183 1715 1246 propria,

340 1271 440 1317 quae
463 1270 546 1298 non
570 1254 613 1298 in
633 1252 783 1297 Vetere
805 1253 1098 1305 Testamento‚
1119 1252 1190 1297 sed
1214 1252 1258 1297 in
1279 1253 1717 1307 Novoinveniuntur,

341 1325 509 1370 cautius
533 1334 571 1369 et
595 1322 859 1369 moderatius
896 1322 1131 1378 diceretur,
1159 1340 1268 1386 pene
1287 1323 1426 1377 nulla,
1451 1340 1581 1386 quam
1603 1323 1721 1370 nulla

337 1396 410 1442 hic
431 1412 516 1441 esse
530 1412 631 1458 qnae
648 1411 734 1439 non
754 1394 839 1439 sint
863 1404 905 1438 et
929 1394 1018 1439 illic
1039 1411 1048 1438 :
1071 1394 1269 1456 quamvis
1294 1394 1382 1440 illic
1413 1394 1498 1439 sint
1528 1394 1601 1440 illa
1632 1395 1721 1440 duo

339 1476 560 1530 praecepta
587 1464 640 1510 de
674 1464 907 1509 dilectione
947 1465 1023 1509 Dei
1050 1475 1090 1509 et
1132 1465 1336 1527 proximi,
1378 1482 1465 1527 qno
1491 1465 1722 1511 rectissime

339 1537 486 1582 omnia
517 1546 558 1580 et
589 1535 795 1595 Legitima
817 1547 858 1580 et
884 1535 1148 1598 prophetica
1169 1546 1210 1580 et
1232 1535 1489 1595 Evangelica
1510 1547 1551 1581 et
1577 1538 1721 1599 Apos-

340 1607 469 1653 tolica
490 1606 751 1652 referuntur.

411 1679 492 1723 Ill.
518 1679 624 1722 Item
646 1675 765 1738 quod
783 1675 883 1730 dixi,
910 1676 1075 1720 Tribus
1095 1677 1247 1721 modis
1261 1678 1307 1720 in
1323 1678 1721 1739 Scrz'pmrl‘sscelec-

343 1753 399 1794 tis
423 1748 638 1810 filiorum
653 1763 823 1791 nornen
839 1748 1099 1809 accipitur:
1121 1748 1262 1791 minus
1276 1746 1540 1792 considerate
1552 1746 1718 1792 dictum

341 1830 416 1865 est.
447 1819 500 1863 Et
519 1817 622 1862 alios
642 1817 755 1862 enim
781 1816 991 1879 quosdam
1024 1816 1175 1862 modos
1197 1817 1285 1862 sine
1307 1816 1445 1862 dubio
1472 1819 1719 1881 praetermi-

340 1893 493 1945 simus,
524 1889 636 1935 sicut
665 1888 826 1934 dicitnr
847 1889 962 1933 silius
987 1889 1198 1948 gehennae
1217 1888 1254 1944 4,
1299 1888 1364 1934 vel
1404 1888 1518 1935 filius
1541 1889 1719 1953 adopti—

338 1980 420 2009 vus
439 1982 449 2016 ;
473 1977 573 2024 quae
593 1960 744 2023 utique
767 1977 845 2005 nec
866 1959 1104 2005 secundum
1143 1971 1362 2014 naturam,
1380 1976 1458 2005 nec
1479 1961 1717 2006 secundum

341 2032 606 2087 doctrinam,
635 2048 714 2075 nec
735 2030 974 2076 secundum
1000 2031 1286 2076 imitationem
1307 2030 1516 2076 dicuntur
1536 2031 1568 2078 5.
1592 2032 1718 2087 Quo-

339 2120 437 2149 rum
458 2102 588 2147 trium
622 2100 853 2146 modorum
884 2111 1090 2163 tanquam
1114 2101 1201 2146 sola
1227 2101 1310 2146 sint
1339 2101 1532 2165 exempla
1570 2102 1718 2147 reddi-

338 2174 515 2221 dimus:
543 2171 782 2217 secundum
814 2182 1032 2227 naturam,
1063 2172 1174 2216 sicut
1208 2172 1352 2218 ,ludaei
1383 2172 1462 2217 filii
1499 2172 1714 2228 Abrahae;

341 2244 581 2291 secundum
612 2243 876 2297 doctrinam,
899 2244 1009 2288 sicut
1036 2242 1147 2287 filios
1171 2259 1268 2288 suos
1295 2259 1404 2305 quos
1431 2243 1715 2303 Evangelium

345 2316 498 2362 docuit
515 2315 553 2369 6,
581 2313 817 2378 Apostolus
839 2324 987 2368 vocat3
1011 2312 1251 2358 secundum
1279 2313 1582 2366 imitationem,
1606 2314 1718 2359 sicut

341 2386 419 2432 filii
436 2384 628 2432 Abrahae
658 2401 736 2429 nos
771 2400 917 2429 sumus
931 2383 964 2440 7,
987 2387 1111 2443 cujus
1139 2383 1364 2429 imitamur
1400 2384 1546 2430 fidem.
1585 2383 1716 2441 Quod

341 2468 484 2503 autem
503 2455 588 2501 dixi
612 2473 621 2500 :
647 2476 667 2495 c<
693 2455 808 2500 Cum
826 2453 1018 2500 induerit
1034 2455 1409 2517 incorruptionem
1427 2465 1470 2500 et
1482 2454 1715 2500 immorta-

385 2558 397 2579 1
417 2555 537 2592 Manh.
554 2566 585 2598 v,
608 2566 663 2587 21.
679 2573 723 2579 —
741 2553 756 2575 2
773 2554 952 2593 Exod.x1x,
967 2565 998 2585 2.
1013 2571 1056 2578 —-
1077 2551 1090 2575 3
1117 2555 1222 2586 Galat.
1238 2566 1284 2597 xv,
1312 2562 1368 2591 24.
1392 2573 1436 2578 —
1455 2552 1468 2576 ⁴
1486 2554 1602 2587 Manli.
1619 2566 1712 2599 xxiii,

338 2614 391 2647 15.
405 2629 450 2636 --
464 2609 478 2634 ⁵
494 2613 589 2644 Rom.
611 2621 683 2650 vui,
700 2611 755 2651 37.
771 2628 818 2634 —
833 2608 848 2633 ὅ
872 2622 885 2642 1
905 2612 978 2644 Cor.
993 2620 1039 2653 ιν,
1062 2617 1116 2648 14.
1131 2629 1177 2635 —
1192 2609 1206 2633 ⁷
1224 2611 1329 2645 Galat.
1351 2622 1396 2654 ιν,
1418 2612 1471 2645 28.
