1769 3235
542 292 755 327 EpisrorA
789 297 883 328 ccv.
1331 282 1412 334 161

47 387 68 408 «
89 359 250 409 Omnes
269 359 448 427 quidem
479 361 742 408 dormiemus
755 397 768 418 ,
788 379 877 407 non
911 372 1055 409 tamen
1081 382 1226 412 omnes
1254 366 1418 414 immu-

0 451 2 454 ·
49 457 70 478 »
92 435 301 481 tabimur.
323 456 343 476 ›>
364 434 491 479 Hanc
518 432 866 479 immutationem
887 443 1034 479 utrum
1057 435 1102 480 in
1128 436 1338 494 deterius,
1363 455 1418 484 an

47 505 92 552 in
120 504 272 550 melius
295 504 476 564 intelligi
507 503 721 560 voluerit,
756 501 960 549 inferiora
980 503 1291 554 demonstrant.
1319 529 1340 550 ‹<
1365 509 1419 553 ln

49 585 190 621 atomo
206 612 216 630 ‚
240 596 260 617 »
293 575 463 638 inquit,
490 574 577 620 hoc
606 584 669 619 est
691 574 735 619 in
755 584 921 636 puncto
945 577 1176 638 temporis,
1205 578 1323 641 quod
1347 577 1419 623 di—

47 644 137 692 vidi
159 662 245 690 non
264 656 427 708 potest3
449 666 468 686 c<
491 645 542 689 In
561 644 653 690 ictu
677 644 804 700 ocul,
821 665 841 685 ›>
865 643 952 689 hoc
975 655 1037 689 est
1057 645 1100 690 in
1128 664 1296 693 summa
1313 647 1421 693 cele-

47 714 238 769 leritate3
276 737 296 757 «
317 716 369 760 In
400 715 631 760 novissima
666 714 803 772 tuba,
831 736 851 756 ›>
889 714 976 760 hoc
1011 725 1074 760 est
1105 716 1151 761 in
1187 717 1422 764 novissimo

47 787 166 845 signo
187 785 306 848 quod
326 785 529 841 dabitur,
563 795 610 830 ut
636 784 715 830 ista
746 784 1066 847 compleantur.
1097 807 1117 826 «
1144 786 1282 832 Canet
1306 787 1421 832 enim

51 856 192 901 »tuba
210 893 221 912 ,
248 856 393 920 inquit
413 894 424 912 ‚
455 866 496 901 et
523 856 687 901 mortui
710 866 934 915 resurgent
970 856 1246 920 incorrupti,
1283 868 1325 903 et
1347 875 1425 904 nos

48 947 70 969 »
87 927 474 973 commutabimur.
506 949 524 969 υ
554 928 665 986 Ergo
699 927 822 972 istam
859 927 1246 973 commutationem
1269 928 1315 973 in
1339 946 1425 974 me-

47 996 129 1042 lius
154 996 243 1042 sine
261 996 538 1042 dubitatione
557 1007 728 1060 oportet
749 997 949 1057 intelligi,
972 998 1076 1061 quia
1096 1015 1243 1044 omnes
1261 999 1425 1058 etjusti

47 1078 90 1113 et
121 1067 271 1128 injusti
309 1068 591 1114 resurrecturi
632 1079 731 1114 sunt
764 1086 774 1112 :
820 1068 918 1124 sed,
960 1069 1073 1114 sicut
1118 1068 1333 1115 Dominus
1382 1070 1429 1114 in

49 1137 283 1197 Evangelio
317 1137 538 1201 loquitur,
569 1158 589 1179 ε(
610 1138 699 1194 Qui
723 1138 834 1183 benc
869 1138 1096 1195 fecerunt,
1131 1140 1177 1184 in
1202 1156 1425 1186 resurrec*

49 1228 69 1250 >³
88 1208 249 1253 tionem
275 1208 392 1266 vitae,
413 1209 489 1271 qui
505 1225 605 1255 vero
626 1208 736 1253 male
760 1219 940 1268 egerunt
958 1245 970 1265 ‚
999 1210 1045 1254 in
1067 1211 1425 1255 resurrectionem

49 1299 70 1320 >2
85 1278 299 1337 Judicii1:
337 1278 559 1338 judicium
598 1277 822 1342 appellans
860 1295 1037 1342 poenam
1080 1281 1386 1342 sempiternam
1411 1317 1424 1337 ,

49 1349 160 1394 sicut
188 1348 271 1395 alio
285 1348 407 1406 loco,
436 1349 566 1406 «Qui
588 1366 675 1394 non
694 1348 832 1395 credit
852 1386 862 1405 ,
890 1349 1066 1412 inquit,
1089 1353 1181 1409 jam
1202 1349 1428 1409 judicatus

51 1439 70 1460 »
94 1419 202 1465 est2.
226 1441 247 1462 >³
273 1418 463 1465 Proinde
487 1418 576 1476 illi,
597 1420 674 1482 qui
693 1417 984 1478 adjudicium
1009 1421 1290 1466 resurrecturi
1308 1431 1424 1477 sunt,

49 1506 137 1535 non
164 1490 557 1536 commutabuntur
586 1490 630 1535 in
662 1489 781 1535 illam
819 1489 1162 1553 incorruptelam
1181 1527 1192 1547 ,
1220 1507 1320 1554 quae
1348 1509 1430 1537 nec

49 1559 210 1606 doloris
234 1560 559 1624 corruptionem
591 1560 684 1624 pati
708 1570 868 1623 potest.
902 1560 982 1605 Illa
1016 1577 1115 1605 nam
1128 1577 1204 1624 {ue
1231 1561 1428 1607 fidelium

48 1641 108 1677 est
128 1642 256 1695 atque
276 1643 525 1678 sanctorum
550 1649 560 1676 :
583 1631 653 1678 isti
671 1649 771 1677 vero
790 1642 1005 1694 perpetua
1024 1632 1305 1694 corruptione
1325 1649 1429 1679 cru-

48 1701 308 1761 ciabuntur-3
331 1703 435 1766 quia
454 1702 564 1762 ignis
590 1719 737 1748 eorum
766 1719 855 1747 non
889 1702 1183 1763 extinguetur,
1204 1713 1245 1748 et
1269 1705 1425 1749 vermis

47 1788 195 1818 eorum
219 1790 307 1818 non
325 1773 535 1818 morietur
553 1772 585 1819 3.

111 1843 202 1890 XV.
230 1843 350 1899 Quid
376 1843 459 1889 sibi
490 1860 591 1903 ergo
621 1842 714 1889 vult
743 1843 824 1888 ista
850 1841 1073 1888 distinctio
1092 1880 1103 1899 ‚
1139 1863 1158 1884 a
1180 1845 1237 1888 Et
1260 1843 1423 1889 mortui

47 1933 67 1954 »
85 1924 306 1974 resurgent
329 1913 594 1977 incorrupti,
619 1924 660 1958 et
680 1930 756 1958 nos
779 1912 1172 1966 commutabimur3
1192 1913 1301 1958 »nisi
1319 1914 1422 1977 quia

46 2000 192 2029 omnes
220 1984 468 2048 incorrupti
494 1993 745 2043 resurgent,
784 1983 857 2028 sed
891 2000 937 2028 ex
963 1983 1034 2027 his
1057 1983 1186 2028 etiam
1205 1983 1314 2042 J'usti
1335 1986 1422 2029 im-

46 2056 336 2101 mutabuntur
366 2055 553 2100 inillam
581 2054 921 2118 incorruptelam
942 2092 952 2110 ‚
985 2055 1056 2100 cui
1087 2055 1266 2100 omnino
1301 2055 1422 2102 nulla

45 2126 180 2188 possit
201 2142 354 2171 nocere
381 2125 643 2188 corruptio?
670 2126 734 2170 Ac
769 2143 846 2188 per
870 2126 955 2170 hoc
974 2161 985 2180 ,
1019 2125 1097 2188 qui
1135 2125 1180 2169 in
1205 2142 1298 2170 eam
1330 2143 1420 2171 non

45 2196 452 2251 commutabuntur,
473 2195 719 2258 incorrupti
733 2195 910 2258 quidem
935 2205 1158 2254 resurgent
1175 2195 1420 2255 integritate

45 2266 359 2320 membrorum,
390 2265 463 2311 sed
491 2275 634 2311 tamen
656 2265 969 2328 corrumpendi
994 2264 1144 2309 dolore
1161 2282 1416 2328 poenarum,

48 2351 147 2380 cum
166 2336 411 2392 audierint,
441 2338 535 2382 «Ite
564 2335 786 2381 maledicti
811 2336 856 2380 in
880 2336 1023 2395 ignem
1056 2345 1266 2381 aeternum
1290 2373 1301 2392 ‚
1340 2339 1418 2400 qui

56 2426 71 2448 ο
92 2417 270 2469 paratus
295 2418 357 2452 est
384 2406 563 2452 diabolo
593 2418 635 2452 et
659 2406 817 2467 angelis
854 2410 888 2465 ej
901 2406 1027 2452 us4.›)
1068 2410 1101 2451 A
1138 2423 1225 2469 quo
1263 2407 1418 2454 auditu

47 2477 160 2523 malo
192 2482 333 2538 justus
365 2496 454 2524 non
490 2478 711 2524 timebit5.
748 2479 807 2523 De
844 2478 918 2523 illa
945 2494 1044 2524 vero
1077 2479 1418 2525 commutatione

96 2576 216 2612 ¹Joan.
234 2591 266 2619 v,
289 2590 345 2620 29·
361 2597 405 2601 —
420 2577 496 2613 ²121,
518 2590 573 2619 ut,
594 2580 645 2610 18.
661 2596 705 2602 —
722 2575 816 2609 3141}
853 2589 938 2623 var²
959 2582 1014 2612 ²4.
1031 2595 1071 2601 —
1094 2575 1108 2600 ⁴
1125 2578 1242 2610 Mauh.
1260 2590 1340 2622 xxv,
1365 2587 1422 2615 4¹·

50 2632 121 2656 —5
139 2635 222 2668 Psal.
243 2646 307 2672 cu,
334 2647 385 2673 ¹7-

177 2706 360 2737 CXLVIII.
1255 2707 1270 2738 l
1288 2707 1303 2738 l
