1769 3235
333 272 428 331 418
755 285 792 316 5.
834 283 1081 316 Anousnm
1116 285 1323 317 muscum

333 436 515 473 matrem
535 384 784 468 revicrentiae
808 430 895 467 tuae
923 421 1072 468 debito
1098 390 1208 467 mihi
1233 439 1331 468 cum
1369 387 1581 469 honore
1565 423 1712 469 nomi·
1741 442 1744 455 ¹

334 495 525 546 naudam
549 492 667 549 dedi,
689 509 776 538 non
810 492 938 538 semel
960 492 1056 541 feei.
1083 493 1166 539 Sed
1194 494 1295 557 quia
1317 494 1403 540 hoc
1423 495 1529 541 mihi
1554 495 1711 541 rescri-
1741 511 1745 543 ι

332 568 436 614 bere
453 565 629 625 dignata
647 573 722 619 cst,
740 562 861 626 prius
883 574 922 609 te
935 563 1041 609 velle
1061 565 1258 626 accipere
1274 565 1437 611 litteras
1452 583 1587 619 meas;
1606 576 1712 613 tunc

334 639 511 686 demum
539 636 573 681 si
592 634 700 698 quid
719 634 830 680 sorte
865 652 977 697 opus
994 645 1101 680 esset
1141 635 1221 680 tibi
1253 653 1300 680 ex
1326 636 1562 683 ministerio
1596 654 1710 694 tneo,
1742 655 1746 679 ι

333 708 453 775 quod
473 706 717 754 venerando
732 706 875 751 studio
894 717 967 750 tuo
995 706 1278 770 omniumque
1300 708 1466 765 talium,
1498 719 1713 772 quantum
1742 694 1746 711 ·.

336 796 532 848 possum,
573 777 709 823 libera
748 777 953 822 sertitute
993 775 1151 822 debere
1185 794 1254 822 me
1279 779 1396 834 novi,
1435 795 1523 824 non
1566 790 1606 825 tc
1627 795 1714 825 csse

335 853 565 901 tacituram
591 858 631 893 et
653 847 932 893 lescribendo
955 847 1300 893 insinuaturam:
1343 866 1443 895 ecce
1478 849 1561 896 teci
1592 848 1748 914 quod
1744 864 1747 883 ⁴

334 937 377 971 te
400 921 603 974 voluisse,
621 917 821 981 quamvis
842 934 929 962 non
950 934 1031 980 per
1060 929 1115 973 te,
1140 919 1352 982 competi,
1379 936 1432 965 nc
1449 919 1618 966 viderer
1635 919 1716 966 tibi
1746 935 1748 975 ξ

335 995 493 1042 ostium
511 989 687 1036 fiduciae
700 987 997 1033 inhumaniter
1015 987 1244 1041 claudere3
1264 1000 1457 1052 superest
1477 1001 1525 1036 ut
1542 1006 1716 1054 promas
1745 995 1747 997 ’

333 1067 447 1130 ipsa,
470 1063 504 1108 si
521 1059 630 1125 quid
647 1076 693 1105 ex
707 1058 1072 1122 mequaerendum
1094 1070 1236 1121 putasv
1265 1058 1477 1106 Aut'enim
1493 1061 1581 1107 scio
1594 1059 1717 1125 quod
1746 1076 1749 1130 j

333 1132 612 1198 iniquisieris‚
640 1145 682 1174 ct
707 1146 794 1174 non
812 1130 979 1189 negabo
1005 1146 1016 1174 τ
1046 1140 1121 1175 aut
1146 1130 1201 1175 ita
1219 1131 1379 1186 nescio,
1407 1143 1454 1176 ut
1474 1131 1595 1177 nullo
1616 1130 1719 1177 fidei
1747 1134 1749 1159 ³

332 1205 568 1268 salutisque
582 1200 842 1246 detrimento
866 1200 1072 1255 nesciam,
1094 1211 1134 1246 et
1155 1200 1208 1246 de
1233 1200 1318 1247 hac
1339 1202 1467 1248 etiam
1495 1212 1535 1248 te
1554 1202 1712 1265 ipsam,
1748 1203 1750 1207 ’

335 1278 367 1325 si
388 1287 589 1341 potuero,
616 1271 771 1317 faciam
801 1271 970 1317 reddita
997 1271 1163 1317 ratione
1184 1289 1394 1320 securam.
1426 1275 1513 1319 Aut
1544 1284 1657 1319 certe
1681 1272 1716 1319 si
1747 1322 1751 1328 .

336 1359 377 1395 ct
400 1345 561 1399 ne'sei0‚
588 1353 630 1388 et
666 1352 811 1388 tamen
847 1342 1069 1388 sciendum
1094 1354 1174 1394 est,
1204 1342 1271 1388 vel
1292 1343 1538 1406 impetrabo
1564 1361 1586 1389 a
1625 1344 1717 1389 Do-

337 1419 457 1466 mino
475 1433 527 1462 ne
552 1414 631 1460 tibi
649 1413 802 1467 desim,
822 1431 919 1458 nam
945 1430 1060 1477 saepe
1079 1414 1270 1459 ossicium
1298 1414 1574 1477 impertiendi
1594 1414 1717 1460 meri-

337 1501 430 1536 tum
457 1497 519 1532 est
554 1484 797 1548 accipiendi
823 1502 832 1528 :
862 1484 926 1529 vel
957 1486 1016 1529 ita
1055 1485 1135 1529 tibi
1161 1485 1451 1548 respondebo,
1480 1496 1526 1531 ut
1550 1486 1721 1532 noveris
1748 1484 1751 1522 ¹,

339 1577 420 1625 pro
437 1557 524 1603 hac
545 1556 638 1620 ipsa
659 1572 721 1612 re,
740 1572 870 1618 quam
886 1555 1049 1618 paritet·
1070 1555 1299 1611 nescimus,
1326 1555 1379 1602 ad
1401 1573 1528 1620 quem
1548 1556 1721 1620 pulsare

339 1631 589 1678 debeamus.
1750 1675 1753 1687 ι

406 1701 466 1746 ll.
499 1698 606 1743 Haec
624 1696 721 1742 ideo
750 1695 1018 1760 praelocutus
1041 1714 1155 1752 sum,
1185 1716 1238 1744 ne
1265 1709 1302 1744 te
1326 1717 1406 1762 pro
1439 1709 1555 1745 certo
1579 1716 1722 1763 speres

342 1767 560 1836 quidquid
588 1786 611 1813 a
638 1785 703 1813 me
731 1766 980 1830 qucesireris
1004 1767 1281 1825 audituram,
1322 1781 1362 1814 et
1395 1787 1493 1815 cum
1522 1769 1608 1815 hoc
1634 1786 1722 1816 non

342 1839 607 1908 provenerit,
644 1838 852 1884 audacter
874 1838 1019 1901 potius
1054 1856 1185 1901 qnam
1225 1840 1463 1904 prudenter
1488 1858 1554 1886 me
1576 1839 1723 1886 fecisse

344 1911 582 1964 arbitreris,
619 1908 739 1972 quod
784 1908 864 1953 tibi
891 1909 1116 1971 quoerendi
1140 1910 1173 1955 si
1198 1909 1304 1973 quid
1335 1911 1450 1956 voles
1475 1909 1722 1956 facultatem

343 1982 458 2031 dedi.
493 1980 588 2026 lloe
603 1980 716 2024 enim
742 1977 824 2024 seci
851 1995 936 2023 non
966 1978 1123 2025 doctor
1147 1981 1384 2043 perfectus,
1404 1981 1476 2027 sed
1507 1998 1607 2027 cum
1639 1980 1724 2027 do-

343 2052 493 2101 cendis
517 2049 827 2115 perficiendus,
871 2049 1046 2095 domina
1070 2051 1223 2097 eximia
1263 2056 1501 2116 meritoque
1527 2051 1725 2099 honora-
1752 2098 1755 2103 ,

341 2124 501 2172 bilisia
525 2120 721 2174 Christo,
758 2137 810 2166 ac
833 2121 1108 2184 suscipienda
1130 2122 1233 2170 filia.
1261 2123 1477 2186 Equidem
1513 2123 1642 2169 etiam
1679 2122 1726 2168 in
1753 2149 1755 2156 ι

345 2198 396 2244 iis
419 2195 566 2249 rebus,
594 2209 703 2256 quas
723 2203 961 2255 utcumque
983 2193 1090 2249 seio,
1113 2194 1248 2254 magis
1279 2205 1320 2240 te
1338 2194 1471 2258 cupio
1488 2211 1574 2240 esse
1591 2194 1726 2240 scien·

346 2280 451 2322 tem,
475 2281 605 2329 quam
647 2263 839 2309 scientiae
864 2274 1023 2309 nostrae
1047 2264 1326 2324 indigentem.
1355 2266 1503 2329 Neque
1537 2266 1651 2312 enim
1678 2257 1744 2311 ut‘

347 2336 469 2402 quod
492 2336 652 2381 scimus
671 2333 920 2387 doceamus,
951 2333 1135 2380 aliorum
1165 2336 1453 2395 ignorantiam
1477 2347 1627 2399 optare
1649 2335 1727 2381 de·

344 2411 511 2455 bemus.
562 2404 702 2450 Multo
745 2405 912 2468 quippe
950 2404 1103 2450 melius
1143 2423 1290 2451 omnes
1325 2423 1473 2452 sumus
1515 2406 1756 2453 docibiles

349 2481 460 2533 Deo;
483 2474 602 2539 quod
639 2474 787 2538 utique
824 2476 869 2519 in
893 2474 966 2520 illt
999 2492 1186 2553 superna
1219 2477 1379 2540 patrie„
1409 2493 1507 2522 cum
1535 2477 1579 2523 in
1601 2476 1729 2521 nobis

345 2547 613 2611 completum
640 2543 769 2591 fuerit
792 2544 912 2608 quod
953 2545 1216 2608 promissum
1263 2557 1340 2602 est,
1383 2547 1650 2610 perficietur,
1677 2555 1726 2591 ut

345 2637 434 2667 non
454 2617 574 2663 dicat
606 2615 742 2660 homo
780 2617 979 2678 proximo
1014 2633 1127 2662 suo:
1164 2638 1183 2657 «
1209 2617 1433 2676 Cognosce
1470 2617 1720 2662 Dominum
