1769 3235
279 261 369 312 300
682 283 715 311 s.
760 281 1002 314 Auensrmt
1039 283 1244 314 1³1>1scor1

277 344 452 402 habere,
471 358 512 392 et
533 347 664 392 abste
682 345 753 392 illa
770 362 820 392 ac
841 347 1063 411 meipsum
1084 346 1204 407 diligi
1227 359 1407 411 propter
1424 347 1511 394 illa.
1534 347 1647 405 Quae

276 428 418 462 autem
453 433 540 463 non
576 434 786 477 agnosco,
823 435 909 463 non
937 418 1074 464 solum
1103 429 1148 464 ut
1179 419 1270 482 ipse
1296 418 1507 470 habeam,
1533 417 1649 464 desi-

276 486 380 532 dero
403 489 635 551 consequi,
661 489 937 534 verumetiam
963 506 1015 534 ne
1047 506 1216 553 semper
1239 489 1282 535 in
1304 506 1395 534 mea
1416 487 1543 535 laude
1560 487 1645 535 fal-

275 557 437 611 lantur,
459 560 535 622 qui
562 577 627 604 me
649 559 870 605 sinceriter
888 559 1091 620 diligunt.

342 628 395 673 V.
423 630 535 675 Eece
562 646 691 693 quarn
717 630 853 675 multa
875 630 989 683 dixi,
1020 642 1058 675 et
1082 630 1189 693 quid
1219 629 1273 674 sit
1305 629 1411 675 illud
1438 630 1556 693 quod
1581 646 1648 675 ine

273 697 400 758 longe
422 699 608 762 amplius
627 699 799 762 eloquio
825 711 898 745 tuo
917 737 926 754 ‚
960 699 1086 758 longe
1109 699 1295 762 amplius
1320 699 1525 745 laudibus
1546 699 1648 744 meis

275 768 316 814 in
349 770 431 815 tuis
456 769 604 815 litteris
634 770 885 823 delectavit,
915 787 1001 814 non
1030 769 1176 815 adhuc
1207 770 1308 816 dixi.
1350 769 1469 827 Quid
1504 781 1647 815 autem

274 849 403 901 putas
424 857 510 885 esse
540 857 565 885 o
590 840 704 885 bone
740 841 873 884 homo
890 877 900 893 ‚
940 839 1018 884 nisi
1041 840 1158 902 quod
1183 851 1221 885 te
1246 840 1371 886 talem
1402 839 1542 886 virum
1566 877 1577 894 ,
1607 850 1648 885 et

272 926 359 954 non
382 910 517 955 visum
544 910 624 956 feci
644 910 832 955 amicum
855 929 866 962 ;
892 910 925 954 si
946 920 1090 954 tamen
1113 927 1200 955 non
1230 911 1366 956 visum
1402 910 1544 955 dicere
1567 910 1648 955 de-

273 979 373 1035 beo,
398 985 522 1040 cujus
546 998 632 1026 non
657 997 834 1042 corpus,
861 979 934 1024 sed
963 980 1149 1025 animam
1184 981 1226 1025 in
1252 981 1354 1044 ipsis
1383 982 1467 1026 tuis
1499 981 1648 1026 litteris

273 1050 391 1103 vidi,
423 1052 495 1096 ubi
534 1051 587 1096 de
615 1063 682 1105 te‚
722 1068 810 1096 non
847 1051 957 1095 sicut
989 1062 1112 1097 antea
1152 1050 1360 1097 fratribus
1400 1052 1502 1097 meis
1523 1089 1533 1106 ‚
1574 1050 1647 1096 sed

272 1121 381 1166 mihi
406 1121 602 1167 credidi?
636 1121 745 1178 Quis
769 1121 880 1166 enirn
908 1138 1014 1167 esses
1040 1128 1130 1180 jam
1158 1122 1334 1184 quidem
1364 1138 1613 1184 acceperam
1634 1157 1645 1177 ,

270 1191 341 1236 sed
361 1192 501 1255 qualis
524 1209 619 1252 erga
643 1209 708 1236 me
732 1209 838 1237 esses
854 1229 863 1245 ‚
887 1191 1082 1237 nondum
1105 1193 1321 1238 tenebam.
1356 1193 1414 1237 Ex
1440 1192 1524 1237 hac
1546 1191 1650 1237 ami-

265 1262 367 1307 citia
394 1273 463 1308 tua
490 1264 618 1308 etiam
649 1262 796 1308 laudes
823 1279 936 1307 meas
954 1299 963 1315 ‚
996 1279 1096 1325 quae
1122 1280 1188 1307 ine
1216 1280 1304 1325 quo
1330 1264 1414 1308 fine
1433 1262 1649 1308 delectent

265 1335 364 1380 satis
387 1335 499 1391 dixi,
539 1335 675 1381 multo
711 1335 888 1380 uberius
920 1336 1125 1381 Ecclesiae
1159 1336 1321 1381 Christi
1362 1353 1448 1381 non
1491 1335 1648 1381 dubito

265 1406 542 1469 profutu1·,a5
565 1406 921 1471 quandoquidem
947 1406 1016 1451 eti
1009 1424 1075 1451 un
1092 1406 1119 1452 l
1113 1407 1263 1452 ibores
1290 1424 1407 1452 meos
1431 1407 1474 1452 in
1495 1406 1648 1452 defen-

265 1477 382 1522 sione
411 1478 632 1538 Evangelii
658 1477 860 1523 adversus
882 1475 1127 1540 reliquias
1116 1477 1354 1540 impiorum
1381 1477 1648 1523 daemonico·

262 1546 401 1593 larum
434 1548 494 1594 sic
518 1548 683 1603 habes,
707 1548 767 1594 sic
790 1548 911 1608 legis,
941 1547 1001 1592 sic
1025 1564 1170 1603 amas,
1194 1547 1254 1592 sic
1276 1547 1508 1610 praedicas,
1537 1546 1646 1592 utin

263 1618 321 1663 eis
352 1629 471 1664 tauto
501 1620 601 1664 fiam
628 1619 788 1674 notior,
812 1628 976 1682 quanto
1001 1630 1062 1664 est
1081 1619 1174 1681 ipse
1196 1618 1402 1665 nobilior.
1424 1620 1507 1664 Eos
1531 1621 1645 1663 enim

266 1688 450 1734 latenter
480 1689 657 1735 illustris
686 1690 876 1735 illustras
899 1728 909 1745 ‚
950 1689 1179 1753 clarusque
1217 1689 1412 1735 declaras
1437 1727 1447 1745 ,
1488 1700 1528 1734 et
1569 1688 1645 1733 ubi

262 1760 463 1823 prodesse
484 1778 605 1824 posse
627 1761 879 1824 perspicies,
902 1761 1091 1821 ignorari
1119 1760 1298 1806 omnino
1332 1777 1418 1806 non
1446 1760 1569 1805 sines.
1601 1759 1645 1804 Si

263 1831 378 1877 unde
411 1831 455 1877 id
489 1832 620 1877 sciam
649 1833 812 1896 quaeris
846 1851 857 1878 :
891 1832 987 1878 talis
1009 1832 1118 1877 mihi
1143 1832 1387 1895 apparuisti
1423 1832 1467 1876 in
1492 1830 1645 1875 litteris

262 1902 361 1949 tuis.
393 1903 508 1948 Hinc
527 1906 617 1960 jam
652 1903 750 1948 vide
778 1915 993 1967 quantum
1028 1920 1096 1948 me
1126 1902 1213 1948 illae
1250 1901 1406 1947 litterae
1431 1900 1646 1946 delectare

262 1972 500 2035 potuerint.
531 1973 574 2017 Si
597 1973 706 2017 bene
728 1972 782 2017 de
802 1991 869 2018 me
892 1973 1133 2026 existimas3
1158 1973 1320 2032 cogitas
1342 1982 1556 2036 quantum
1577 1988 1644 2017 me

261 2042 427 2087 Christi
444 2043 565 2087 lucra
583 2042 814 2089 delectent.
847 2043 943 2088 Jarn
973 2060 1074 2088 vero
1100 2042 1221 2105 quod
1256 2053 1296 2087 te
1319 2042 1464 2105 ipsum
1487 2078 1498 2097 ,
1533 2042 1607 2104 qui
1629 2079 1639 2098 ‚

261 2123 308 2158 ut
332 2113 506 2167 scribis,
538 2134 558 2153 «
579 2116 612 2158 A
646 2114 902 2175 parentibus
920 2151 930 2170 ,
967 2114 1023 2159 ab
1046 2115 1135 2159 avis
1154 2151 1164 2169 ‚
1194 2123 1236 2158 et
1260 2124 1478 2176 postrema
1505 2129 1643 2176 usque

262 2184 397 2243 gentis
421 2183 544 2246 prole
572 2183 736 2229 Christi
756 2187 855 2243 jura
883 2185 1106 2248 percipere
1135 2184 1342 2247 potuisti,
1366 2206 1383 2223 »
1406 2195 1546 2228 tamen
1569 2182 1643 2229 ad·

261 2270 407 2299 versus
432 2253 609 2313 gentiles
633 2254 766 2310 ritus,
797 2266 844 2300 ut
867 2272 1091 2318 nunquam
1116 2255 1217 2300 alias
1236 2292 1246 2309 ‚
1287 2254 1444 2300 eisdem
1483 2253 1637 2299 lahori-

260 2323 342 2369 bus
368 2324 469 2369 meis
490 2323 689 2383 adJutum
717 2342 803 2370 esse
821 2325 1040 2385 significas
1057 2363 1067 2381 ‚
1096 2343 1328 2388 parum-ue
1348 2325 1489 2384 cogito
1505 2341 1642 2388 quan-

260 2405 349 2440 tum
376 2396 481 2441 boni
505 2396 615 2450 aliis,
640 2407 681 2441 et
702 2414 834 2459 quain
872 2397 1046 2451 multis,
1081 2415 1212 2461 quam
1245 2397 1399 2451 clusis,
1439 2408 1479 2442 et
1507 2413 1640 2460 quam

255 2465 409 2518 facile,
440 2483 659 2529 quamque
685 2467 917 2512 salubriter
938 2486 1012 2531 per
1036 2435 1135 2513 illos
1160 2467 1325 2513 caeteris
1349 2467 1510 2531 quilius
1539 2466 1641 2512 talia

255 2536 543 2585 conveniunt
576 2537 739 2599 possint
759 2549 906 2601 script
899 2557 920 2583 1
943 2550 1086 2584 nostta
1107 2550 1143 2583 te
1158 2538 1491 2583 commendante
1512 2548 1640 2601 atque

255 2605 560 2654 disseminante
615 2608 845 2656 conferre?
893 2614 982 2656 Aut
1021 2610 1106 2657 hoc
1146 2610 1343 2670 cogitans
1382 2625 1582 2673 possum·
1587 2625 1640 2654 ne
