1769 3235
428 326 829 360 RETRACTATmNUM
866 329 955 360 mn.
999 332 1026 359 ι.
1318 316 1408 379 497

47 416 64 437 υ
88 397 340 455 tatem,jam
357 411 445 440 non
461 410 562 440 earo
578 405 619 439 et
638 395 809 454 sanguis
829 396 910 441 erit
926 395 944 424 1
969 414 979 441 ι
1006 416 1026 437 »
1044 395 1282 441 secundum
1311 413 1414 441 eor-

42 466 289 529 ruptionem
329 465 545 511 earnalem
588 464 754 510 dietum
796 477 859 511 est
887 484 1060 512 carnem
1086 484 1170 511 non
1198 467 1409 523 futuram,

42 553 129 584 non
163 535 401 583 secundum
446 536 753 589 substantiam,
786 537 1026 583 seeundum
1067 554 1198 599 quam
1236 537 1411 582 Domini

42 622 199 669 corpus
215 606 344 651 etiam
362 617 461 669 post
479 606 835 652 resurrectionem
857 624 958 652 earo
985 607 1202 670 appellata
1227 618 1288 652 est
1306 608 1339 653 2.

108 677 181 723 lV.
229 676 324 722 Alio
355 677 469 733 loco,
495 679 588 721 nisi
618 678 842 740 quisque,
886 678 1082 740 inquam,
1129 677 1415 723 volantatem

44 749 308 804 mutaverit,
344 749 511 793 homme
537 749 1014 811 operarc‘nonpotest‚
1038 748 1172 810 qnod
1192 752 1238 792 in
1261 758 1420 792 nostra

37 829 270 881 potestate
288 835 390 863 6336
408 823 617 882 positum
646 818 741 863 alio
768 818 866 863 loco
888 817 1035 874 (locet,
1063 818 1146 862 uhi
1165 820 1263 862 ait:
1289 839 1308 858 «
1337 821 1421 863 Aut

47 909 67 930 »
90 887 218 934 facite
241 888 440 934 arborem
463 889 625 934 bonam
647 899 686 934 et
712 888 902 934 fructum
923 891 1014 947 ejus
1040 888 1207 933 bonum
1229 906 1241 939 3
1268 898 1342 933 aut
1358 888 1426 932 fa-

45 980 68 1002 »
88 959 172 1005 cite
196 959 395 1005 arborem
416 959 573 1005 malam
598 970 638 1005 et
660 958 852 1005 fructum
885 962 977 1018 eJ'us
1012 958 1174 1004 malum
1196 958 1228 1004 ³.
1254 980 1274 1000 »
1295 957 1428 1015 Quod

47 1047 135 1077 non
153 1041 215 1076 est
233 1041 383 1076 contra
404 1031 585 1091 gratiam
603 1032 684 1077 Dei
718 1048 851 1095 quam
877 1029 1188 1094 praedieamus.
1214 1031 1264 1075 In
1283 1041 1429 1093 potes-

47 1111 135 1148 tate
155 1101 323 1166 quippe
336 1102 528 1147 hominis
542 1112 783 1148 estmutare
803 1103 846 1147 in
869 1101 1020 1147 melius
1045 1101 1333 1156 voluntatem,
1356 1099 1431 1146 sed

47 1189 93 1219 ea
119 1183 308 1237 potestas
344 1172 464 1219 nulla
495 1184 556 1218 est
598 1173 679 1218 nisi
705 1191 726 1218 a
774 1175 865 1218 Deo
891 1171 1037 1227 detur,
1066 1172 1120 1218 de
1140 1189 1228 1236 quo
1258 1171 1430 1217 dietum

46 1252 108 1289 est
129 1261 140 1288 ι
166 1243 338 1290 «Dedit
360 1244 417 1289 eis
438 1253 694 1306 potestatem
723 1242 836 1288 filios
868 1242 945 1288 Dei
972 1243 1066 1288 fieri
1084 1242 1117 1289 4.
1142 1265 1162 1285 »
1187 1243 1300 1288 Cum
1315 1241 1432 1287 enim

48 1313 135 1360 hoe
154 1313 208 1359 sit
226 1314 272 1360 in
282 1324 497 1378 potestate
516 1313 635 1377 quod
662 1331 762 1360 eum
779 1313 982 1360 volumus
995 1313 1199 1369 facimus,
1215 1312 1329 1358 nihil
1347 1322 1434 1357 tam

47 1383 91 1429 in
115 1394 329 1448 potestate
350 1402 484 1448 quam
507 1385 602 1448 ipsa
626 1384 826 1431 voluntas
853 1394 931 1439 est,
964 1383 1037 1429 sed
1058 1392 1335 1446 praeparatur
1349 1398 1430 1428 vo-

48 1453 193 1500 luntas
206 1473 230 1501 a
248 1455 452 1502 Domino.
478 1460 539 1501 Eo
554 1453 685 1501 modo
704 1471 804 1514 ergo
822 1454 897 1500 dat
912 1464 1185 1517 potestatem.
1214 1452 1286 1497 Sic
1306 1450 1432 1498 intel-

48 1524 272 1586 ligendum
296 1537 356 1572 est
383 1538 424 1571 et
453 1526 574 1590 quod
601 1526 688 1572 dixi
720 1536 884 1589 postea,
914 1529 971 1570 Iu
1002 1536 1165 1570 nostra
1193 1533 1434 1588 potestate

50 1613 166 1650 6336,
192 1607 243 1642 ut
273 1596 343 1642 vel
370 1597 742 1642 inserc'bom'late
773 1598 874 1651 Dei,
909 1596 977 1641 vel
1001 1596 1162 1640 excidi
1181 1597 1282 1657 ejas
1304 1611 1430 1639 sewe-

50 1670 189 1712 ritate
215 1683 486 1712 mereamur
508 1685 518 1712 :
539 1668 642 1730 quia
667 1668 712 1713 in
735 1677 948 1731 potestate
973 1677 1118 1712 nostra
1140 1683 1228 1711 non
1245 1676 1325 1722 est,
1352 1663 1435 1710 nisi

51 1737 171 1800 quod
195 1748 385 1784 nostram
411 1738 604 1802 sequitur
624 1738 907 1785 voluntatem.
951 1738 1064 1795 Quae
1093 1754 1193 1783 cum
1232 1736 1354 1783 fortis
1391 1745 1432 1780 et

53 1817 206 1870 potens
223 1820 498 1872 praeparatur
513 1828 534 1855 a
553 1809 755 1864 Domino,
770 1808 896 1854 facile
918 1810 1088 1872 fitopus
1100 1808 1287 1871 pietatis,
1301 1807 1429 1852 etiam

50 1879 170 1943 quod
189 1879 364 1927 difficile
399 1891 530 1944 atque
558 1881 826 1945 impossibile
851 1880 948 1928 fuit.
976 1880 1060 1926 Hie
1084 1880 1195 1925 liber
1216 1880 1277 1925 sie
1318 1877 1428 1923 inei-

0 1969 1 1986 :
51 1949 145 2012 pit:
172 1953 244 1995 De
262 1968 314 1996 eo
334 1952 468 2015 quod
484 1955 709 2016 scrzptum
728 1963 812 2006 esc,
837 1956 892 1997 ln
906 1950 1278 2015 prz'lzez'ln‘otsecc't
1299 1952 1428 1994 Deus

0 2061 1 2085 ἢ
52 2021 222 2067 coelum
238 2033 284 2067 et
299 2034 488 2070 terram.

101 2128 112 2149 ¹
151 2139 163 2158 1
192 2129 269 2160 Cor.
308 2138 360 2165 xv,
393 2130 447 2164 54.
479 2145 519 2152 -
557 2126 571 2149 ²
602 2131 680 2163 Luc.
712 2138 808 2165 xxiv,
839 2129 894 2168 39.
928 2144 970 2151 —
998 2124 1012 2148 ³
1047 2124 1165 2159 Manh.
1199 2136 1268 2166 xu,
1300 2126 1355 2157 33.
1382 2141 1426 2148 -

54 2181 178 2217 ⁴Joan.
204 2194 237 2226 1,
261 2194 312 2217 12.

194 2724 377 2756 ‹txtvun
1256 2713 1314 2756 32
