1769 3235
331 227 428 286 434
743 239 778 271 s.
821 235 1067 269 mensuum
1100 233 1305 268 Emscom

326 400 1394 419 ἏΜΜΜΜΜΜΜΜΜΜἏἎΜἉΏΜΜΜ
1407 400 1464 412 m
1474 395 1715 415 mmmm

881 516 1061 564 LIBER
1098 515 1134 562 Ι.

325 674 374 706 ΙΝ
411 672 504 712 QUO
539 669 895 705 RETRACTANTUR
932 668 1090 709 LIBRI,
1131 666 1248 707 QUOS
1289 666 1489 699 SCRIPSI'I’
1521 666 1715 699 NONDUM

891 751 1151 784 EPISCOPUS.

837 899 1218 917 —W—

902 1017 1080 1062 CAPUT
1111 1017 1142 1060 1.

639 1140 808 1182 Contra
841 1137 1126 1180 Academicos
1163 1136 1270 1178 libri
1301 1146 1397 1179 tres.

397 1289 433 1333 Ι.
461 1287 563 1332 CUM
580 1299 680 1343 ergo
699 1280 985 1345 reliquissem,
1006 1278 1075 1327 vel
1089 1295 1189 1342 quae
1207 1278 1390 1342 adeptus
1405 1278 1570 1326 fueram
1583 1280 1626 1325 in
1644 1296 1719 1327 cu-

294 1373 298 1382 ·
332 1357 596 1427 piditatibus
619 1354 752 1412 hujus
788 1350 961 1403 mundi,
986 1350 1053 1396 vel
1090 1366 1192 1413 quae
1216 1349 1400 1413 adipisci
1425 1350 1647 1406 volebam,
1676 1361 1719 1396 et

335 1449 403 1479 me
431 1429 485 1476 ad
509 1425 770 1473 Christianae
793 1422 895 1468 vitae
921 1421 1057 1466 otium
1075 1420 1370 1477 contulissem,
1400 1421 1596 1467 nondum
1610 1421 1720 1485 bap-

337 1504 493 1550 tizatus
510 1535 522 1555 ,
568 1506 736 1542 contra
760 1492 1069 1539 Academicos
1095 1491 1165 1537 vel
1203 1492 1260 1536 cle
1290 1493 1590 1538 Academicis
1624 1493 1721 1556 pri-

341 1589 465 1620 mum
489 1566 660 1631 scripsi,
686 1575 732 1611 ut
745 1573 999 1624 argumenta
1017 1579 1185 1611 eorum.
1211 1578 1312 1625 quae
1342 1562 1490 1608 multis
1520 1563 1723 1624 ingerunt

343 1643 433 1691 veri
457 1635 706 1686 inveniendi
730 1634 1091 1698 desperationem,
1112 1643 1154 1677 et
1175 1632 1418 1695 prohibent
1438 1634 1642 1697 cuiquam
1662 1633 1722 1680 rei

345 1710 559 1765 assentiri,
587 1718 629 1753 et
653 1707 831 1752 omnino
861 1703 1045 1767 aliquid,
1083 1714 1293 1765 tanquam
1333 1703 1608 1750 manifestum
1628 1721 1724 1750 cer-

347 1796 531 1845 tumque
553 1779 626 1833 sit,
652 1775 899 1840 approbare
915 1774 1168 1837 sapientem,
1190 1789 1288 1818 cum
1307 1773 1366 1819 eis
1382 1775 1528 1820 omnia
1542 1774 1724 1821 videan-

347 1853 619 1901 turobscura
635 1846 875 1900 etincerta,
918 1845 974 1890 ab
998 1843 1142 1889 animo
1162 1860 1278 1897 meo,
1319 1844 1421 1906 quia
1456 1855 1499 1890 et
1537 1862 1606 1892 me
1629 1862 1724 1891 mo-
1767 1884 1769 1898 1

350 1926 531 1978 vehant,
581 1918 755 1982 quantis
795 1932 961 1979 possem
999 1913 1242 1959 rationibus
1286 1930 1543 1962 amoverem.
1591 1915 1725 1973 Quod
1767 1915 1769 1940 ³

351 1997 578 2043 miserante
597 1999 726 2051 atque
745 1985 977 2046 adjuvante
1004 1984 1192 2029 Domino
1213 1983 1377 2030 factum
1404 1996 1477 2032 est.

418 2066 477 2111 II.
511 2059 595 2107 Sed
614 2059 659 2104 in
679 2056 839 2102 eisdem
873 2056 1013 2100 tribus
1036 2053 1159 2099 libris
1183 2054 1287 2100 meis
1323 2072 1408 2100 non
1447 2056 1555 2101 mihi
1581 2057 1726 2120 placet

353 2138 476 2185 toties
509 2149 576 2179 me
612 2128 850 2193 appellasse
880 2130 1166 2182 Fortunam,
1193 2126 1391 2188 quamvis
1423 2143 1510 2172 non
1535 2127 1727 2192 aliquam

355 2208 481 2255 deam
506 2200 715 2249 voluerim
738 2198 824 2242 hoc
845 2195 1229 2254 nomine-intelligi,
1248 2194 1318 2240 sed
1338 2194 1566 2243 fortuitum
1583 2216 1726 2245 rerum

354 2287 576 2327 eventum,
604 2269 673 2316 vel
694 2268 740 2314 in
759 2266 953 2329 corporis
970 2265 1121 2321 nostri,
1145 2264 1211 2310 vel
1236 2265 1280 2310 in
1307 2268 1485 2313 externis
1511 2269 1638 2315 bonis
1655 2282 1729 2317 aut

354 2349 492 2396 malis.
524 2341 649 2388 Unde
673 2349 715 2384 et
747 2338 819 2384 illa
838 2337 968 2382 verba
986 2347 1102 2391 sunt,
1144 2353 1243 2399 quse
1263 2337 1381 2382 nulla
1409 2338 1558 2399 religio
1587 2341 1729 2388 dicere

353 2417 583 2485 prohibet,
603 2412 731 2465 forte,
748 2409 908 2463 forsan,
927 2408 1124 2463 forsitan,
1150 2407 1364 2464 fortassse,
1385 2408 1565 2456 fortuito
1583 2430 1592 2465 ς
1609 2412 1727 2475 quod

352 2502 495 2537 tamen
520 2494 659 2530 totum
686 2480 739 2525 ad
764 2479 958 2525 divinam
980 2477 1275 2523 revocandum
1301 2489 1362 2524 est
1384 2481 1721 2543 providentiam.

348 2562 447 2608 Hoc
463 2557 593 2603 etiam
606 2551 669 2599 ibi
694 2567 779 2597 non
805 2549 940 2607 tacui,
958 2548 1134 2595 dicens:
1164 2551 1351 2594 Etenim
1362 2553 1599 2609 sortasse,
1621 2573 1730 2617 quoe
