1769 3235
535 307 748 338 ΕΡιεΤοιΑ
785 310 937 340 ccxcv.
1331 291 1423 339 363

59 478 133 493 tsvffi
141 478 255 489 ιιινιι
263 478 280 488 ι
288 477 1277 490 ιινα,ωηνιιιιψῑκιςΑ-ἏἋἋιιιικιςκιιπννιιινικιᾎ
1281 479 1380 490 xxxxx
1384 475 1426 489 ’,ί-ι

475 593 744 637 EPISTOLA
780 593 962 637 GCXLV
981 594 992 615 ¹
1004 626 1014 636 .

57 730 228 770 Domino
248 728 499 767 dilectissimo
518 737 557 767 et
577 729 794 767 venerabili
811 730 925 768 fratri
948 738 987 768 et
1011 730 1277 768 consacerdoti
1298 730 1434 768 Possi-

109 805 172 830 mo
186 821 196 839 ‚
219 800 258 830 et
277 791 347 843 qui
367 800 498 829 tecum
515 799 607 829 sunt
627 791 843 839 fratribus,
863 792 1110 829 Auousrmus
1131 797 1170 829 et
1191 791 1259 842 qui
1279 804 1437 829 mecum

0 864 2 888 t
109 861 199 892 sunt
218 853 359 892 fratres
373 883 382 901 ‚
400 853 440 891 in
459 853 632 891 Domino
650 852 834 892 salutem.

60 985 331 1042 Augustinus
354 982 548 1026 Possidio
565 983 615 1025 de
635 985 777 1033 euleu,
801 987 914 1042 litei-9
930 996 968 1026 et
990 985 1040 1026 in
1068 984 1273 1033 auribus,
1307 996 1345 1026 et
1384 986 1433 1027 (le

133 1068 222 1093 non
244 1052 495 1093 ordinando
512 1053 702 1107 quodam
728 1054 775 1092 in
796 1063 920 1110 parte
937 1053 1104 1094 Donati
1138 1053 1362 1108 baptizata

127 1194 158 1241 l.
198 1195 345 1240 Masis
379 1194 485 1258 quid
516 1212 612 1254 agas
634 1211 733 1240 cum
755 1193 813 1239 eis
831 1192 907 1258 qui
926 1195 1228 1257 obtemperare
1247 1192 1431 1251 nolunt,

0 1289 1 1295 ¹
60 1264 341 1330 cogitandum
363 1276 452 1322 est,
487 1282 617 1328 quam
640 1261 1012 1328 quemadmodum
1039 1265 1096 1310 eis
1123 1264 1320 1310 ostendas
1349 1282 1437 1310 non

0 1392 1 1403 γ
58 1336 187 1382 licere
209 1335 328 1400 quod
348 1334 527 1382 faciunt.
554 1336 637 1381 Sed
660 1352 777 1381 nunc
803 1331 985 1399 epistola
1006 1336 1245 1381 sanctitatis
1270 1346 1375 1390 tuae,
1397 1346 1439 1380 et

61 1405 447 1470 occupatissimum
471 1424 536 1452 me
557 1407 716 1469 reperit
736 1444 745 1464 ,
775 1417 815 1451 et
845 1405 1096 1452 celerrimus
1115 1404 1254 1464 bajuli
1272 1405 1437 1450 reditus

62 1493 199 1540 neque
217 1493 304 1522 non
328 1477 561 1522 rescribere
586 1477 665 1522 tibi
681 1514 692 1532 ,
715 1494 852 1540 neque
881 1476 935 1522 ad
955 1493 1002 1521 ea
1031 1493 1130 1539 quae
1149 1474 1433 1531 consuluisti,

0 1586 1 1590 ,
61 1547 119 1592 ita
144 1557 191 1592 ut
213 1557 400 1610 oportet,
427 1546 685 1610 respondere
706 1547 913 1610 permisit.
939 1545 1051 1592 Nolo
1071 1557 1214 1592 tamen
1233 1546 1287 1592 de
1304 1562 1438 1591 orna-

62 1620 214 1663 mentis
229 1619 322 1664 auri
342 1617 406 1663 vel
426 1618 551 1664 vestis
566 1635 894 1681 praeproperam
916 1616 1078 1663 habeas
1094 1615 1139 1663 in
1154 1613 1437 1681 prohibendo

64 1690 339 1745 sententiam,
368 1690 443 1735 nisi
470 1691 514 1735 in
536 1707 623 1746 eos,
651 1690 726 1753 qui
747 1707 886 1753 neque
904 1690 1149 1750 conjugati,
1177 1706 1314 1752 neque
1338 1705 1441 1733 con-

59 1760 202 1820 jugari
243 1760 466 1824 cupientes
498 1797 508 1817 ‚
557 1761 746 1820 cogitare
785 1758 949 1806 debent
984 1759 1208 1823 quomodo
1241 1759 1446 1823 placeant

65 1831 200 1877 Deo².
240 1830 309 1876 Illi
345 1842 487 1876 autem
524 1831 716 1890 cogitant
746 1848 845 1894 quae
876 1842 976 1876 sunt
1007 1827 1188 1886 mundi,
1218 1828 1444 1893 quomodo

65 1900 266 1964 placeant
298 1901 364 1947 vel
399 1902 482 1947 viri
520 1901 753 1957 uxoribus,
793 1901 859 1946 vel
883 1900 1084 1947 mulieres
1115 1900 1281 1945 maritis
1295 1900 1327 1946 3.
1356 1899 1449 1944 tNisi

66 1971 184 2034 quod
204 1971 385 2034 capillos
419 1972 582 2018 nudare
602 1972 829 2027 foeminas,
859 1989 967 2034 quas
990 1972 1118 2017 etiam
1145 1981 1280 2034 caput
1305 1969 1445 2015 velare

68 2042 298 2104 Apostolus
315 2043 461 2101 jubet,
490 2061 568 2088 nec
591 2046 810 2088 maritatas
835 2043 973 2088 decet.
1007 2042 1165 2088 Fucari
1185 2052 1326 2086 autem
1353 2040 1447 2103 pig-

66 2112 245 2168 mentis,
287 2130 375 2176 quo
414 2113 479 2159 vel
514 2113 806 2159 rubicundior
845 2113 910 2159 vel
952 2112 1182 2158 candidior
1207 2121 1444 2175 appareat,

69 2183 307 2229 adulterina
333 2184 505 2231 fallacia
530 2196 592 2230 est
611 2222 620 2240 ‚
649 2201 736 2247 qua
764 2202 852 2230 non
877 2183 1035 2229 dubito
1067 2183 1198 2229 etiam
1225 2183 1341 2246 ipsos
1361 2198 1450 2225 ma-

68 2255 172 2300 ritos
204 2273 245 2299 se
276 2255 387 2301 nolle
407 2256 576 2319 decipL
599 2256 760 2319 quibus
788 2255 886 2301 solis
918 2254 1224 2318 permittendae
1244 2264 1344 2298 sunt
1362 2251 1450 2298 foe-

70 2325 198 2370 minae
222 2327 363 2371 ornari
384 2364 395 2382 ,
424 2327 662 2372 secundum
689 2327 856 2371 veniam
874 2363 884 2381 ‚
923 2342 1011 2370 non
1040 2323 1280 2370 secundum
1305 2323 1450 2385 impe-

70 2395 198 2441 rium.
245 2396 351 2442 Nam
396 2415 516 2443 verus
565 2408 740 2443 ornatus
782 2397 964 2442 maxime
1013 2395 1368 2441 Christianorum
1407 2402 1451 2438 et

71 2465 415 2513 Christianarum
437 2505 447 2524 ,
480 2486 566 2514 non
608 2479 774 2515 tantum
806 2467 951 2513 nullus
985 2466 1111 2512 fucus
1136 2465 1319 2511 mendax
1341 2501 1351 2519 ,
1376 2480 1454 2508 ve·-

120 2572 128 2592 ¹
150 2571 235 2602 Alias
266 2584 375 2602 nunt.
409 2584 478 2614 ‹111ae
505 2578 607 2604 autem
631 2574 695 2608 245
726 2577 807 2606 erat,
834 2581 917 2601 nunc
943 2571 972 2600 8.
991 2586 1034 2592 —
1051 2567 1066 2590 ²
1089 2581 1100 2600 1
1131 2571 1208 2602 Cor.
1238 2579 1284 2598 vu
1305 2594 1312 2609 ,
1336 2567 1390 2599 33,
1409 2583 1452 2589 —

72 2623 86 2647 3
103 2637 119 2657 2
139 2629 211 2658 Cor.
231 2638 282 2668 ai,
312 2630 361 2657 1'3.
