<?xml version="1.0" encoding="UTF-8"?>
<!DOCTYPE html PUBLIC "-//W3C//DTD XHTML 1.0 Transitional//EN"
    "http://www.w3.org/TR/xhtml1/DTD/xhtml1-transitional.dtd">
<html xmlns="http://www.w3.org/1999/xhtml" xml:lang="en" lang="en">
 <head>
  <title>
</title>
<meta http-equiv="Content-Type" content="text/html;charset=utf-8" />
  <meta name='ocr-system' content='tesseract 3.04.00' />
  <meta name='ocr-capabilities' content='ocr_page ocr_carea ocr_par ocr_line ocrx_word'/>
</head>
<body>
  <div class='ocr_page' id='page_1' title='image "./operaomniaaccura41auguuoft/operaomniaaccura41auguuoft_0432.png"; bbox 0 0 1769 3235; ppageno 0'>
   <div class='ocr_carea' id='block_1_1' title="bbox 1745 0 1769 1410">
    <p class='ocr_par' dir='ltr' id='par_1_1' title="bbox 1745 0 1769 1410">
     <span class='ocr_line' id='line_1_1' title="bbox 1750 0 1769 752; baseline 0 -432"><span class='ocrx_word' id='word_1_1' title='bbox 1750 0 1769 752; x_wconf 95' lang='lat' dir='ltr'>      </span> 
     </span>
     <span class='ocr_line' id='line_1_2' title="bbox 1752 752 1769 1107; baseline 0 -123"><span class='ocrx_word' id='word_1_2' title='bbox 1752 752 1769 1107; x_wconf 95' lang='lat' dir='ltr'>      </span> 
     </span>
     <span class='ocr_line' id='line_1_3' title="bbox 1745 1213 1769 1410; baseline 0 0"><span class='ocrx_word' id='word_1_3' title='bbox 1745 1366 1750 1410; x_wconf 95' lang='lat' dir='ltr'> </span> <span class='ocrx_word' id='word_1_4' title='bbox 1756 1213 1769 1354; x_wconf 95' lang='lat' dir='ltr'>   </span> 
     </span>
    </p>
   </div>
   <div class='ocr_carea' id='block_1_2' title="bbox 346 269 1751 324">
    <p class='ocr_par' dir='ltr' id='par_1_2' title="bbox 346 269 1751 324">
     <span class='ocr_line' id='line_1_4' title="bbox 346 269 1751 324; baseline 0.007 -11"><span class='ocrx_word' id='word_1_5' title='bbox 346 269 373 324; x_wconf 74' lang='grc'><strong>4</strong></span> <span class='ocrx_word' id='word_1_6' title='bbox 389 287 396 315; x_wconf 93' lang='grc' dir='ltr'>ι</span> <span class='ocrx_word' id='word_1_7' title='bbox 414 284 435 314; x_wconf 80' lang='lat'>¹2</span> <span class='ocrx_word' id='word_1_8' title='bbox 745 285 779 315; x_wconf 78' lang='lat' dir='ltr'>s,</span> <span class='ocrx_word' id='word_1_9' title='bbox 825 285 1067 318; x_wconf 70' lang='lat' dir='ltr'>Ancus-nm</span> <span class='ocrx_word' id='word_1_10' title='bbox 1104 288 1320 320; x_wconf 80' lang='lat' dir='ltr'><strong>EPISCOPI.</strong></span> <span class='ocrx_word' id='word_1_11' title='bbox 1749 295 1751 323; x_wconf 66' lang='lat'>1</span> 
     </span>
    </p>
   </div>
   <div class='ocr_carea' id='block_1_3' title="bbox 347 342 1753 417">
    <p class='ocr_par' dir='ltr' id='par_1_3' title="bbox 347 342 1753 417">
     <span class='ocr_line' id='line_1_5' title="bbox 347 342 1753 417; baseline 0.006 -24"><span class='ocrx_word' id='word_1_12' title='bbox 347 348 457 394; x_wconf 86' lang='lat' dir='ltr'>forte</span> <span class='ocrx_word' id='word_1_13' title='bbox 482 348 645 395; x_wconf 84' lang='lat' dir='ltr'>habere</span> <span class='ocrx_word' id='word_1_14' title='bbox 669 349 899 407; x_wconf 80' lang='lat' dir='ltr'><strong>desideras,</strong></span> <span class='ocrx_word' id='word_1_15' title='bbox 926 352 1048 399; x_wconf 85' lang='lat' dir='ltr'>mitte</span> <span class='ocrx_word' id='word_1_16' title='bbox 1075 354 1152 417; x_wconf 86' lang='lat' dir='ltr'>qui</span> <span class='ocrx_word' id='word_1_17' title='bbox 1178 355 1258 400; x_wconf 89' lang='lat' dir='ltr'>tibi</span> <span class='ocrx_word' id='word_1_18' title='bbox 1285 353 1546 401; x_wconf 80' lang='lat' dir='ltr'><strong>describant.</strong></span> <span class='ocrx_word' id='word_1_19' title='bbox 1576 353 1726 401; x_wconf 83' lang='lat' dir='ltr'>Voluit</span> <span class='ocrx_word' id='word_1_20' title='bbox 1749 342 1753 387; x_wconf 62' lang='lat' dir='ltr'>l</span> 
     </span>
    </p>
   </div>
   <div class='ocr_carea' id='block_1_4' title="bbox 351 391 1754 488">
    <p class='ocr_par' dir='ltr' id='par_1_4' title="bbox 351 391 1754 488">
     <span class='ocr_line' id='line_1_6' title="bbox 351 391 1754 488; baseline 0.006 -26"><span class='ocrx_word' id='word_1_21' title='bbox 351 418 465 463; x_wconf 88' lang='lat' dir='ltr'>enim</span> <span class='ocrx_word' id='word_1_22' title='bbox 495 420 609 465; x_wconf 91' lang='lat' dir='ltr'>Deus</span> <span class='ocrx_word' id='word_1_23' title='bbox 633 430 682 465; x_wconf 86' lang='lat' dir='ltr'>ut</span> <span class='ocrx_word' id='word_1_24' title='bbox 704 419 791 466; x_wconf 89' lang='lat' dir='ltr'>hoc</span> <span class='ocrx_word' id='word_1_25' title='bbox 813 420 1016 469; x_wconf 79' lang='lat' dir='ltr'>facillime</span> <span class='ocrx_word' id='word_1_26' title='bbox 1045 424 1181 487; x_wconf 87' lang='lat' dir='ltr'>possis</span> <span class='ocrx_word' id='word_1_27' title='bbox 1199 461 1210 481; x_wconf 89' lang='lat'><strong>,</strong></span> <span class='ocrx_word' id='word_1_28' title='bbox 1238 425 1316 488; x_wconf 91' lang='lat' dir='ltr'>qui</span> <span class='ocrx_word' id='word_1_29' title='bbox 1340 424 1420 470; x_wconf 87' lang='lat' dir='ltr'>tibi</span> <span class='ocrx_word' id='word_1_30' title='bbox 1455 424 1576 470; x_wconf 84' lang='lat' dir='ltr'>dedit</span> <span class='ocrx_word' id='word_1_31' title='bbox 1610 423 1726 470; x_wconf 89' lang='lat' dir='ltr'>unde</span> <span class='ocrx_word' id='word_1_32' title='bbox 1749 391 1754 478; x_wconf 68' lang='lat' dir='ltr'>i</span> 
     </span>
    </p>
   </div>
   <div class='ocr_carea' id='block_1_5' title="bbox 351 488 503 551">
    <p class='ocr_par' dir='ltr' id='par_1_5' title="bbox 351 488 503 551">
     <span class='ocr_line' id='line_1_7' title="bbox 351 488 503 551; baseline 0.007 -17"><span class='ocrx_word' id='word_1_33' title='bbox 351 488 503 551; x_wconf 86' lang='lat' dir='ltr'>possis.</span> 
     </span>
    </p>
   </div>
   <div class='ocr_carea' id='block_1_6' title="bbox 607 605 1754 666">
    <p class='ocr_par' dir='ltr' id='par_1_6' title="bbox 607 605 1754 666">
     <span class='ocr_line' id='line_1_8' title="bbox 607 605 1754 666; baseline 0.005 -11"><span class='ocrx_word' id='word_1_34' title='bbox 607 638 651 655; x_wconf 52' lang='grc' dir='ltr'>ια</span> <span class='ocrx_word' id='word_1_35' title='bbox 669 644 846 656; x_wconf 50' lang='lat' dir='ltr'>vammum*</span> <span class='ocrx_word' id='word_1_36' title='bbox 855 645 1033 658; x_wconf 53' lang='lat' dir='ltr'>msw-==</span> <span class='ocrx_word' id='word_1_37' title='bbox 1042 648 1598 660; x_wconf 54' lang='lat' dir='ltr'>nwmwsvvsmmvszzmsms</span> <span class='ocrx_word' id='word_1_38' title='bbox 1606 648 1727 661; x_wconf 50' lang='lat' dir='ltr'>usas-</span> <span class='ocrx_word' id='word_1_39' title='bbox 1750 605 1754 666; x_wconf 74' lang='lat' dir='ltr'>l</span> 
     </span>
    </p>
   </div>
   <div class='ocr_carea' id='block_1_7' title="bbox 763 737 1295 782">
    <p class='ocr_par' dir='ltr' id='par_1_7' title="bbox 763 722 1754 814">
     <span class='ocr_line' id='line_1_9' title="bbox 763 737 1295 782; baseline 0.003 -4"><span class='ocrx_word' id='word_1_40' title='bbox 763 737 1027 781; x_wconf 83' lang='lat' dir='ltr'>EPISTOLA</span> <span class='ocrx_word' id='word_1_41' title='bbox 1064 738 1249 782; x_wconf 79' lang='lat' dir='ltr'>CCLXV</span> <span class='ocrx_word' id='word_1_42' title='bbox 1265 739 1295 782; x_wconf 85' lang='lat'>¹.</span> 
     </span>
    </p>
   </div>
   <div class='ocr_carea' id='block_1_8' title="bbox 354 836 1755 961">
    <p class='ocr_par' dir='ltr' id='par_1_8' title="bbox 354 836 1755 961">
     <span class='ocr_line' id='line_1_10' title="bbox 354 836 1755 894; baseline 0.005 -15"><span class='ocrx_word' id='word_1_43' title='bbox 354 840 668 894; x_wconf 73' lang='lat' dir='ltr'>Religiosissimae</span> <span class='ocrx_word' id='word_1_44' title='bbox 687 853 726 883; x_wconf 89' lang='lat' dir='ltr'>et</span> <span class='ocrx_word' id='word_1_45' title='bbox 746 847 785 883; x_wconf 87' lang='lat' dir='ltr'>in</span> <span class='ocrx_word' id='word_1_46' title='bbox 806 845 951 885; x_wconf 81' lang='lat' dir='ltr'>Christi</span> <span class='ocrx_word' id='word_1_47' title='bbox 977 847 1187 886; x_wconf 75' lang='lat' dir='ltr'>dilectione</span> <span class='ocrx_word' id='word_1_48' title='bbox 1213 847 1454 887; x_wconf 85' lang='lat' dir='ltr'>honorandae</span> <span class='ocrx_word' id='word_1_49' title='bbox 1480 848 1638 888; x_wconf 82' lang='lat' dir='ltr'>famulae</span> <span class='ocrx_word' id='word_1_50' title='bbox 1659 836 1755 887; x_wconf 64' lang='lat' dir='ltr'>Dei}</span> 
     </span>
     <span class='ocr_line' id='line_1_11' title="bbox 422 903 1666 961; baseline 0.006 -20"><span class='ocrx_word' id='word_1_51' title='bbox 422 903 677 943; x_wconf 68' lang='lat' dir='ltr'>SELEUCIANAE</span> <span class='ocrx_word' id='word_1_52' title='bbox 694 936 703 953; x_wconf 83' lang='lat'><strong><em>,</em></strong></span> <span class='ocrx_word' id='word_1_53' title='bbox 724 908 969 947; x_wconf 65' lang='lat' dir='ltr'>Anccsrmcs</span> <span class='ocrx_word' id='word_1_54' title='bbox 994 912 1200 961; x_wconf 84' lang='lat' dir='ltr'>episcopus</span> <span class='ocrx_word' id='word_1_55' title='bbox 1225 911 1265 948; x_wconf 87' lang='lat' dir='ltr'>in</span> <span class='ocrx_word' id='word_1_56' title='bbox 1287 910 1460 949; x_wconf 82' lang='lat' dir='ltr'>Domino</span> <span class='ocrx_word' id='word_1_57' title='bbox 1484 910 1666 950; x_wconf 82' lang='lat' dir='ltr'>salutem.</span> 
     </span>
    </p>
   </div>
   <div class='ocr_carea' id='block_1_9' title="bbox 354 1024 1758 2516">
    <p class='ocr_par' dir='ltr' id='par_1_9' title="bbox 354 1024 1755 1165">
     <span class='ocr_line' id='line_1_12' title="bbox 354 1024 1754 1088; baseline 0.006 -24"><span class='ocrx_word' id='word_1_58' title='bbox 354 1024 636 1081; x_wconf 72' lang='lat' dir='ltr'>Augustinus</span> <span class='ocrx_word' id='word_1_59' title='bbox 651 1027 936 1079; x_wconf 78' lang='lat' dir='ltr'>Seleucianae,</span> <span class='ocrx_word' id='word_1_60' title='bbox 958 1029 1011 1070; x_wconf 72' lang='lat' dir='ltr'>de</span> <span class='ocrx_word' id='word_1_61' title='bbox 1029 1029 1244 1087; x_wconf 70' lang='lat' dir='ltr'>baptismo</span> <span class='ocrx_word' id='word_1_62' title='bbox 1261 1041 1299 1072; x_wconf 79' lang='lat' dir='ltr'>et</span> <span class='ocrx_word' id='word_1_63' title='bbox 1313 1032 1572 1088; x_wconf 70' lang='lat' dir='ltr'>paenitentia</span> <span class='ocrx_word' id='word_1_64' title='bbox 1591 1031 1727 1081; x_wconf 78' lang='lat' dir='ltr'>Petri,</span> <span class='ocrx_word' id='word_1_65' title='bbox 1750 1049 1754 1079; x_wconf 62' lang='lat' dir='ltr'><em>J</em></span> 
     </span>
     <span class='ocr_line' id='line_1_13' title="bbox 669 1097 1754 1153; baseline 0.006 -18"><span class='ocrx_word' id='word_1_66' title='bbox 669 1105 822 1138; x_wconf 79' lang='lat' dir='ltr'>eontra</span> <span class='ocrx_word' id='word_1_67' title='bbox 849 1097 1085 1153; x_wconf 66' lang='lat' dir='ltr'>‹ltrevndam</span> <span class='ocrx_word' id='word_1_68' title='bbox 1103 1098 1421 1140; x_wconf 76' lang='lat' dir='ltr'>Novatianum.</span> <span class='ocrx_word' id='word_1_69' title='bbox 1750 1107 1754 1134; x_wconf 75' lang='grc' dir='ltr'><strong>ἱ</strong></span> 
     </span>
    </p>

    <p class='ocr_par' dir='ltr' id='par_1_10' title="bbox 357 1174 1758 2516">
     <span class='ocr_line' id='line_1_14' title="bbox 1749 1174 1754 1200; baseline 0 0"><span class='ocrx_word' id='word_1_70' title='bbox 1749 1174 1754 1200; x_wconf 71' lang='grc' dir='ltr'><strong><em>τ</em></strong></span> 
     </span>
     <span class='ocr_line' id='line_1_15' title="bbox 423 1234 1755 1301; baseline 0.005 -18"><span class='ocrx_word' id='word_1_71' title='bbox 423 1237 456 1284; x_wconf 88' lang='lat' dir='ltr'>l.</span> <span class='ocrx_word' id='word_1_72' title='bbox 483 1240 644 1286; x_wconf 72' lang='lat' dir='ltr'>Lsscris</span> <span class='ocrx_word' id='word_1_73' title='bbox 667 1241 819 1289; x_wconf 87' lang='lat' dir='ltr'>litteris</span> <span class='ocrx_word' id='word_1_74' title='bbox 843 1245 928 1291; x_wconf 90' lang='lat' dir='ltr'>tuis</span> <span class='ocrx_word' id='word_1_75' title='bbox 954 1244 1007 1290; x_wconf 90' lang='lat' dir='ltr'>de</span> <span class='ocrx_word' id='word_1_76' title='bbox 1030 1244 1165 1290; x_wconf 86' lang='lat' dir='ltr'>salute</span> <span class='ocrx_word' id='word_1_77' title='bbox 1195 1255 1331 1290; x_wconf 86' lang='lat' dir='ltr'>vestra</span> <span class='ocrx_word' id='word_1_78' title='bbox 1362 1244 1534 1290; x_wconf 82' lang='lat' dir='ltr'>laetatus</span> <span class='ocrx_word' id='word_1_79' title='bbox 1556 1281 1566 1301; x_wconf 88' lang='lat'>‚</span> <span class='ocrx_word' id='word_1_80' title='bbox 1596 1243 1652 1289; x_wconf 87' lang='lat' dir='ltr'>ad</span> <span class='ocrx_word' id='word_1_81' title='bbox 1685 1234 1755 1291; x_wconf 72' lang='lat' dir='ltr'>ea&#39;i</span> 
     </span>
     <span class='ocr_line' id='line_1_16' title="bbox 357 1297 1756 1396; baseline 0.005 -44"><span class='ocrx_word' id='word_1_82' title='bbox 357 1323 457 1370; x_wconf 81' lang='lat' dir='ltr'>quae</span> <span class='ocrx_word' id='word_1_83' title='bbox 478 1310 686 1374; x_wconf 77' lang='lat' dir='ltr'>scripsisti</span> <span class='ocrx_word' id='word_1_84' title='bbox 709 1351 719 1370; x_wconf 84' lang='grc'>,</span> <span class='ocrx_word' id='word_1_85' title='bbox 741 1315 1001 1378; x_wconf 86' lang='lat' dir='ltr'>respondere</span> <span class='ocrx_word' id='word_1_86' title='bbox 1026 1333 1111 1361; x_wconf 88' lang='lat' dir='ltr'>non</span> <span class='ocrx_word' id='word_1_87' title='bbox 1141 1315 1304 1362; x_wconf 88' lang='lat' dir='ltr'>distuli.</span> <span class='ocrx_word' id='word_1_88' title='bbox 1338 1316 1393 1360; x_wconf 90' lang='lat' dir='ltr'>Et</span> <span class='ocrx_word' id='word_1_89' title='bbox 1418 1314 1611 1377; x_wconf 87' lang='lat' dir='ltr'>primum</span> <span class='ocrx_word' id='word_1_90' title='bbox 1646 1297 1756 1396; x_wconf 43' lang='lat' dir='ltr'>mk}</span> 
     </span>
     <span class='ocr_line' id='line_1_17' title="bbox 357 1383 1734 1447; baseline 0.005 -25"><span class='ocrx_word' id='word_1_91' title='bbox 357 1388 475 1424; x_wconf 76' lang='lat' dir='ltr'>ratus</span> <span class='ocrx_word' id='word_1_92' title='bbox 499 1398 592 1427; x_wconf 82' lang='lat' dir='ltr'>suni</span> <span class='ocrx_word' id='word_1_93' title='bbox 625 1386 848 1447; x_wconf 88' lang='lat' dir='ltr'>quomodo</span> <span class='ocrx_word' id='word_1_94' title='bbox 874 1386 993 1431; x_wconf 82' lang='lat' dir='ltr'>dicat</span> <span class='ocrx_word' id='word_1_95' title='bbox 1019 1386 1285 1432; x_wconf 74' lang='lat' dir='ltr'>Novatianus</span> <span class='ocrx_word' id='word_1_96' title='bbox 1311 1385 1386 1430; x_wconf 88' lang='lat' dir='ltr'>istc</span> <span class='ocrx_word' id='word_1_97' title='bbox 1414 1385 1593 1430; x_wconf 89' lang='lat' dir='ltr'>Petrum</span> <span class='ocrx_word' id='word_1_98' title='bbox 1617 1383 1734 1447; x_wconf 77' lang='lat' dir='ltr'>bap-</span> 
     </span>
     <span class='ocr_line' id='line_1_18' title="bbox 359 1450 1734 1522; baseline 0.005 -28"><span class='ocrx_word' id='word_1_99' title='bbox 359 1450 537 1497; x_wconf 83' lang='lat' dir='ltr'>tizatum</span> <span class='ocrx_word' id='word_1_100' title='bbox 564 1472 652 1501; x_wconf 90' lang='lat' dir='ltr'>non</span> <span class='ocrx_word' id='word_1_101' title='bbox 682 1457 810 1504; x_wconf 89' lang='lat' dir='ltr'>fuisse</span> <span class='ocrx_word' id='word_1_102' title='bbox 829 1496 838 1512; x_wconf 86' lang='lat'>‚</span> <span class='ocrx_word' id='word_1_103' title='bbox 879 1476 980 1504; x_wconf 88' lang='lat' dir='ltr'>cum</span> <span class='ocrx_word' id='word_1_104' title='bbox 1004 1458 1138 1522; x_wconf 83' lang='lat' dir='ltr'>paulo</span> <span class='ocrx_word' id='word_1_105' title='bbox 1171 1458 1368 1521; x_wconf 87' lang='lat' dir='ltr'>superius</span> <span class='ocrx_word' id='word_1_106' title='bbox 1395 1456 1616 1521; x_wconf 83' lang='lat' dir='ltr'>scripseris</span> <span class='ocrx_word' id='word_1_107' title='bbox 1637 1473 1734 1502; x_wconf 89' lang='lat' dir='ltr'>eum</span> 
     </span>
     <span class='ocr_line' id='line_1_19' title="bbox 357 1521 1737 1593; baseline 0.005 -27"><span class='ocrx_word' id='word_1_108' title='bbox 357 1521 509 1568; x_wconf 85' lang='lat' dir='ltr'>dixisse</span> <span class='ocrx_word' id='word_1_109' title='bbox 529 1561 538 1575; x_wconf 82' lang='grc'>,</span> <span class='ocrx_word' id='word_1_110' title='bbox 566 1527 684 1589; x_wconf 89' lang='lat' dir='ltr'>quod</span> <span class='ocrx_word' id='word_1_111' title='bbox 704 1529 902 1591; x_wconf 85' lang='lat' dir='ltr'>Apostoli</span> <span class='ocrx_word' id='word_1_112' title='bbox 927 1530 1088 1576; x_wconf 79' lang='lat' dir='ltr'>fuerint</span> <span class='ocrx_word' id='word_1_113' title='bbox 1108 1530 1335 1593; x_wconf 79' lang='lat' dir='ltr'>baptizati.</span> <span class='ocrx_word' id='word_1_114' title='bbox 1363 1528 1488 1575; x_wconf 83' lang='lat' dir='ltr'>Unde</span> <span class='ocrx_word' id='word_1_115' title='bbox 1511 1527 1574 1573; x_wconf 90' lang='lat' dir='ltr'>illi</span> <span class='ocrx_word' id='word_1_116' title='bbox 1593 1526 1737 1573; x_wconf 86' lang='lat' dir='ltr'>videa·</span> 
     </span>
     <span class='ocr_line' id='line_1_20' title="bbox 361 1595 1738 1664; baseline 0.005 -28"><span class='ocrx_word' id='word_1_117' title='bbox 361 1602 432 1637; x_wconf 87' lang='lat' dir='ltr'>tur</span> <span class='ocrx_word' id='word_1_118' title='bbox 454 1595 573 1656; x_wconf 91' lang='lat' dir='ltr'>quod</span> <span class='ocrx_word' id='word_1_119' title='bbox 614 1597 725 1644; x_wconf 89' lang='lat' dir='ltr'>inter</span> <span class='ocrx_word' id='word_1_120' title='bbox 767 1600 994 1663; x_wconf 80' lang='lat' dir='ltr'>Apostolos</span> <span class='ocrx_word' id='word_1_121' title='bbox 1026 1600 1269 1664; x_wconf 82' lang='lat' dir='ltr'>baptizatos</span> <span class='ocrx_word' id='word_1_122' title='bbox 1306 1600 1460 1645; x_wconf 86' lang='lat' dir='ltr'>Petrus</span> <span class='ocrx_word' id='word_1_123' title='bbox 1492 1615 1580 1644; x_wconf 91' lang='lat' dir='ltr'>non</span> <span class='ocrx_word' id='word_1_124' title='bbox 1608 1597 1738 1644; x_wconf 85' lang='lat' dir='ltr'>fuerit</span> 
     </span>
     <span class='ocr_line' id='line_1_21' title="bbox 360 1663 1738 1735; baseline 0.005 -28"><span class='ocrx_word' id='word_1_125' title='bbox 360 1663 605 1726; x_wconf 72' lang='lat' dir='ltr'>baptizatus</span> <span class='ocrx_word' id='word_1_126' title='bbox 622 1706 632 1724; x_wconf 84' lang='lat'><strong><em>‚</em></strong></span> <span class='ocrx_word' id='word_1_127' title='bbox 656 1669 825 1729; x_wconf 87' lang='lat' dir='ltr'>ignoro.</span> <span class='ocrx_word' id='word_1_128' title='bbox 857 1672 912 1716; x_wconf 90' lang='lat' dir='ltr'>Et</span> <span class='ocrx_word' id='word_1_129' title='bbox 929 1671 1026 1717; x_wconf 89' lang='lat' dir='ltr'>ideo</span> <span class='ocrx_word' id='word_1_130' title='bbox 1051 1671 1293 1735; x_wconf 82' lang='lat' dir='ltr'>exemplum</span> <span class='ocrx_word' id='word_1_131' title='bbox 1319 1671 1527 1733; x_wconf 83' lang='lat' dir='ltr'>Epistolae</span> <span class='ocrx_word' id='word_1_132' title='bbox 1555 1680 1657 1725; x_wconf 73' lang='lat' dir='ltr'>tuae,</span> <span class='ocrx_word' id='word_1_133' title='bbox 1684 1685 1738 1714; x_wconf 88' lang='lat' dir='ltr'>ne</span> 
     </span>
     <span class='ocr_line' id='line_1_22' title="bbox 358 1732 1731 1806; baseline 0.006 -29"><span class='ocrx_word' id='word_1_134' title='bbox 358 1732 538 1781; x_wconf 80' lang='lat' dir='ltr'>forsitan</span> <span class='ocrx_word' id='word_1_135' title='bbox 563 1747 609 1784; x_wconf 89' lang='lat' dir='ltr'>tu</span> <span class='ocrx_word' id='word_1_136' title='bbox 636 1757 722 1786; x_wconf 91' lang='lat' dir='ltr'>non</span> <span class='ocrx_word' id='word_1_137' title='bbox 743 1741 928 1798; x_wconf 79' lang='lat' dir='ltr'>habeas,</span> <span class='ocrx_word' id='word_1_138' title='bbox 957 1742 1053 1788; x_wconf 89' lang='lat' dir='ltr'>misi</span> <span class='ocrx_word' id='word_1_139' title='bbox 1072 1742 1172 1798; x_wconf 82' lang='lat' dir='ltr'>tibi,</span> <span class='ocrx_word' id='word_1_140' title='bbox 1189 1742 1234 1788; x_wconf 93' lang='lat' dir='ltr'>in</span> <span class='ocrx_word' id='word_1_141' title='bbox 1250 1759 1338 1806; x_wconf 88' lang='lat' dir='ltr'>quo</span> <span class='ocrx_word' id='word_1_142' title='bbox 1357 1741 1608 1801; x_wconf 83' lang='lat' dir='ltr'>diligentius</span> <span class='ocrx_word' id='word_1_143' title='bbox 1627 1756 1731 1785; x_wconf 88' lang='lat' dir='ltr'>con-</span> 
     </span>
     <span class='ocr_line' id='line_1_23' title="bbox 360 1804 1733 1877; baseline 0.006 -28"><span class='ocrx_word' id='word_1_144' title='bbox 360 1804 516 1852; x_wconf 88' lang='lat' dir='ltr'>sideres</span> <span class='ocrx_word' id='word_1_145' title='bbox 538 1808 591 1854; x_wconf 84' lang='lat' dir='ltr'>ad</span> <span class='ocrx_word' id='word_1_146' title='bbox 615 1827 662 1856; x_wconf 79' lang='lat' dir='ltr'>ea</span> <span class='ocrx_word' id='word_1_147' title='bbox 687 1828 754 1856; x_wconf 88' lang='lat' dir='ltr'>me</span> <span class='ocrx_word' id='word_1_148' title='bbox 781 1812 1066 1877; x_wconf 83' lang='lat' dir='ltr'>respondere,</span> <span class='ocrx_word' id='word_1_149' title='bbox 1096 1829 1196 1876; x_wconf 86' lang='lat' dir='ltr'>quae</span> <span class='ocrx_word' id='word_1_150' title='bbox 1221 1813 1364 1858; x_wconf 88' lang='lat' dir='ltr'>inveni</span> <span class='ocrx_word' id='word_1_151' title='bbox 1390 1813 1433 1858; x_wconf 91' lang='lat' dir='ltr'>in</span> <span class='ocrx_word' id='word_1_152' title='bbox 1460 1811 1613 1857; x_wconf 89' lang='lat' dir='ltr'>litteris</span> <span class='ocrx_word' id='word_1_153' title='bbox 1634 1810 1733 1857; x_wconf 74' lang='lat' dir='ltr'>tuis,</span> 
     </span>
     <span class='ocr_line' id='line_1_24' title="bbox 364 1875 1740 1947; baseline 0.006 -28"><span class='ocrx_word' id='word_1_154' title='bbox 364 1875 408 1921; x_wconf 80' lang='lat' dir='ltr'>Si</span> <span class='ocrx_word' id='word_1_155' title='bbox 428 1877 543 1924; x_wconf 86' lang='lat' dir='ltr'>enim</span> <span class='ocrx_word' id='word_1_156' title='bbox 566 1882 761 1928; x_wconf 85' lang='lat' dir='ltr'>notarius</span> <span class='ocrx_word' id='word_1_157' title='bbox 780 1901 866 1929; x_wconf 88' lang='lat' dir='ltr'>non</span> <span class='ocrx_word' id='word_1_158' title='bbox 893 1884 1097 1930; x_wconf 89' lang='lat' dir='ltr'>mendose</span> <span class='ocrx_word' id='word_1_159' title='bbox 1123 1883 1290 1947; x_wconf 81' lang='lat' dir='ltr'>excepit</span> <span class='ocrx_word' id='word_1_160' title='bbox 1315 1894 1388 1929; x_wconf 85' lang='lat' dir='ltr'>aut</span> <span class='ocrx_word' id='word_1_161' title='bbox 1411 1882 1612 1946; x_wconf 86' lang='lat' dir='ltr'>scripsit,</span> <span class='ocrx_word' id='word_1_162' title='bbox 1639 1898 1740 1927; x_wconf 88' lang='lat' dir='ltr'>nes-</span> 
     </span>
     <span class='ocr_line' id='line_1_25' title="bbox 362 1947 1739 2019; baseline 0.006 -28"><span class='ocrx_word' id='word_1_163' title='bbox 362 1947 431 1992; x_wconf 91' lang='lat' dir='ltr'>cio</span> <span class='ocrx_word' id='word_1_164' title='bbox 453 1949 581 2012; x_wconf 73' lang='lat' dir='ltr'>quale</span> <span class='ocrx_word' id='word_1_165' title='bbox 607 1969 682 1997; x_wconf 86' lang='lat' dir='ltr'>cor</span> <span class='ocrx_word' id='word_1_166' title='bbox 700 1953 886 2011; x_wconf 81' lang='lat' dir='ltr'>habeat,</span> <span class='ocrx_word' id='word_1_167' title='bbox 908 1955 986 2019; x_wconf 92' lang='lat' dir='ltr'>qui</span> <span class='ocrx_word' id='word_1_168' title='bbox 1011 1973 1112 2001; x_wconf 90' lang='lat' dir='ltr'>cum</span> <span class='ocrx_word' id='word_1_169' title='bbox 1141 1955 1371 2018; x_wconf 91' lang='lat' dir='ltr'>Apostolos</span> <span class='ocrx_word' id='word_1_170' title='bbox 1398 1955 1643 2018; x_wconf 82' lang='lat' dir='ltr'>baptizatos</span> <span class='ocrx_word' id='word_1_171' title='bbox 1669 1952 1739 1999; x_wconf 91' lang='lat' dir='ltr'>di-</span> 
     </span>
     <span class='ocr_line' id='line_1_26' title="bbox 363 2022 1754 2088; baseline 0.012 -24"><span class='ocrx_word' id='word_1_172' title='bbox 363 2029 451 2074; x_wconf 82' lang='lat' dir='ltr'>cat,</span> <span class='ocrx_word' id='word_1_173' title='bbox 480 2022 653 2068; x_wconf 78' lang='lat' dir='ltr'>Petrum</span> <span class='ocrx_word' id='word_1_174' title='bbox 675 2024 947 2088; x_wconf 83' lang='lat' dir='ltr'>baptizatum</span> <span class='ocrx_word' id='word_1_175' title='bbox 974 2037 1114 2087; x_wconf 79' lang='lat' dir='ltr'>negat.</span> <span class='ocrx_word' id='word_1_176' title='bbox 1749 2078 1754 2086; x_wconf 84' lang='lat'><em>,</em></span> 
     </span>
     <span class='ocr_line' id='line_1_27' title="bbox 431 2089 1754 2160; baseline 0.005 -24"><span class='ocrx_word' id='word_1_177' title='bbox 431 2090 490 2137; x_wconf 92' lang='grc' dir='ltr'>ΙΙ.</span> <span class='ocrx_word' id='word_1_178' title='bbox 522 2092 653 2149; x_wconf 88' lang='lat' dir='ltr'>Quod</span> <span class='ocrx_word' id='word_1_179' title='bbox 690 2107 830 2142; x_wconf 84' lang='lat' dir='ltr'>autem</span> <span class='ocrx_word' id='word_1_180' title='bbox 860 2099 1014 2143; x_wconf 88' lang='lat' dir='ltr'>Petrus</span> <span class='ocrx_word' id='word_1_181' title='bbox 1047 2097 1211 2143; x_wconf 88' lang='lat' dir='ltr'>dicitur</span> <span class='ocrx_word' id='word_1_182' title='bbox 1243 2096 1373 2157; x_wconf 85' lang='lat' dir='ltr'>egisse</span> <span class='ocrx_word' id='word_1_183' title='bbox 1398 2096 1702 2160; x_wconf 83' lang='lat' dir='ltr'>poenitentiam</span> <span class='ocrx_word' id='word_1_184' title='bbox 1726 2089 1754 2151; x_wconf 68' lang='grc' dir='ltr'>,ξ</span> 
     </span>
     <span class='ocr_line' id='line_1_28' title="bbox 365 2153 1754 2232; baseline 0.004 -27"><span class='ocrx_word' id='word_1_185' title='bbox 365 2162 606 2209; x_wconf 83' lang='lat' dir='ltr'>cavendum</span> <span class='ocrx_word' id='word_1_186' title='bbox 634 2177 722 2222; x_wconf 80' lang='lat' dir='ltr'>est,</span> <span class='ocrx_word' id='word_1_187' title='bbox 748 2185 800 2213; x_wconf 89' lang='lat' dir='ltr'>ne</span> <span class='ocrx_word' id='word_1_188' title='bbox 822 2169 879 2213; x_wconf 85' lang='lat' dir='ltr'>ita</span> <span class='ocrx_word' id='word_1_189' title='bbox 899 2178 1077 2232; x_wconf 89' lang='lat' dir='ltr'>putetur</span> <span class='ocrx_word' id='word_1_190' title='bbox 1113 2168 1243 2228; x_wconf 83' lang='lat' dir='ltr'>egisse</span> <span class='ocrx_word' id='word_1_191' title='bbox 1279 2166 1500 2230; x_wconf 85' lang='lat' dir='ltr'>quomodo</span> <span class='ocrx_word' id='word_1_192' title='bbox 1526 2177 1660 2226; x_wconf 82' lang='lat' dir='ltr'>agunt</span> <span class='ocrx_word' id='word_1_193' title='bbox 1696 2153 1754 2229; x_wconf 56' lang='lat' dir='ltr'>inl</span> 
     </span>
     <span class='ocr_line' id='line_1_29' title="bbox 368 2230 1755 2318; baseline 0.004 -41"><span class='ocrx_word' id='word_1_194' title='bbox 368 2232 557 2280; x_wconf 75' lang='lat' dir='ltr'>Ecclesia</span> <span class='ocrx_word' id='word_1_195' title='bbox 587 2238 663 2300; x_wconf 91' lang='lat' dir='ltr'>qui</span> <span class='ocrx_word' id='word_1_196' title='bbox 692 2240 870 2303; x_wconf 88' lang='lat' dir='ltr'>proprie</span> <span class='ocrx_word' id='word_1_197' title='bbox 904 2239 1166 2303; x_wconf 89' lang='lat' dir='ltr'>poenitentes</span> <span class='ocrx_word' id='word_1_198' title='bbox 1197 2248 1424 2284; x_wconf 79' lang='lat' dir='ltr'>vocantur.</span> <span class='ocrx_word' id='word_1_199' title='bbox 1456 2238 1510 2282; x_wconf 85' lang='lat' dir='ltr'>Et</span> <span class='ocrx_word' id='word_1_200' title='bbox 1536 2236 1632 2300; x_wconf 86' lang='lat' dir='ltr'>quis</span> <span class='ocrx_word' id='word_1_201' title='bbox 1655 2230 1755 2318; x_wconf 55' lang='lat' dir='ltr'>hoc}</span> 
     </span>
     <span class='ocr_line' id='line_1_30' title="bbox 368 2302 1754 2384; baseline 0.003 -35"><span class='ocrx_word' id='word_1_202' title='bbox 368 2302 491 2362; x_wconf 79' lang='lat' dir='ltr'>ferat,</span> <span class='ocrx_word' id='word_1_203' title='bbox 519 2318 566 2353; x_wconf 87' lang='lat' dir='ltr'>ut</span> <span class='ocrx_word' id='word_1_204' title='bbox 582 2310 775 2372; x_wconf 86' lang='lat' dir='ltr'>primum</span> <span class='ocrx_word' id='word_1_205' title='bbox 802 2309 1109 2374; x_wconf 86' lang='lat' dir='ltr'>Apostolorum</span> <span class='ocrx_word' id='word_1_206' title='bbox 1134 2309 1246 2355; x_wconf 91' lang='lat' dir='ltr'>inter</span> <span class='ocrx_word' id='word_1_207' title='bbox 1265 2309 1369 2354; x_wconf 85' lang='lat' dir='ltr'>tales</span> <span class='ocrx_word' id='word_1_208' title='bbox 1386 2309 1647 2373; x_wconf 87' lang='lat' dir='ltr'>poenitentes</span> <span class='ocrx_word' id='word_1_209' title='bbox 1662 2323 1754 2384; x_wconf 53' lang='grc' dir='ltr'>κὶα-ἔ</span> 
     </span>
     <span class='ocr_line' id='line_1_31' title="bbox 367 2378 1750 2445; baseline 0.001 -22"><span class='ocrx_word' id='word_1_210' title='bbox 367 2380 874 2445; x_wconf 71' lang='lat' dir='ltr'>merandumputemusP</span> <span class='ocrx_word' id='word_1_211' title='bbox 894 2381 1107 2428; x_wconf 88' lang='lat' dir='ltr'>Poenituit</span> <span class='ocrx_word' id='word_1_212' title='bbox 1127 2381 1244 2426; x_wconf 90' lang='lat' dir='ltr'>enim</span> <span class='ocrx_word' id='word_1_213' title='bbox 1269 2398 1365 2425; x_wconf 88' lang='lat' dir='ltr'>eum</span> <span class='ocrx_word' id='word_1_214' title='bbox 1390 2396 1562 2439; x_wconf 81' lang='lat' dir='ltr'>negasse</span> <span class='ocrx_word' id='word_1_215' title='bbox 1587 2378 1750 2425; x_wconf 88' lang='lat' dir='ltr'>Chris-·</span> 
     </span>
     <span class='ocr_line' id='line_1_32' title="bbox 368 2449 1758 2516; baseline -0.001 -20"><span class='ocrx_word' id='word_1_216' title='bbox 368 2462 459 2497; x_wconf 91' lang='lat' dir='ltr'>tum</span> <span class='ocrx_word' id='word_1_217' title='bbox 478 2489 489 2508; x_wconf 85' lang='lat'>‚</span> <span class='ocrx_word' id='word_1_218' title='bbox 518 2451 638 2515; x_wconf 91' lang='lat' dir='ltr'>quod</span> <span class='ocrx_word' id='word_1_219' title='bbox 657 2457 750 2514; x_wconf 77' lang='lat' dir='ltr'>eJ&#39;us</span> <span class='ocrx_word' id='word_1_220' title='bbox 782 2452 980 2500; x_wconf 86' lang='lat' dir='ltr'>indicant</span> <span class='ocrx_word' id='word_1_221' title='bbox 1005 2453 1215 2516; x_wconf 78' lang='lat' dir='ltr'>lacrymae</span> <span class='ocrx_word' id='word_1_222' title='bbox 1240 2470 1249 2497; x_wconf 74' lang='grc' dir='ltr'><strong>ε</strong></span> <span class='ocrx_word' id='word_1_223' title='bbox 1285 2452 1344 2497; x_wconf 92' lang='lat' dir='ltr'>sic</span> <span class='ocrx_word' id='word_1_224' title='bbox 1378 2451 1492 2497; x_wconf 85' lang='lat' dir='ltr'>enim</span> <span class='ocrx_word' id='word_1_225' title='bbox 1529 2449 1758 2514; x_wconf 91' lang='lat' dir='ltr'>scriptum·</span> 
     </span>
    </p>
   </div>
   <div class='ocr_carea' id='block_1_10' title="bbox 366 2520 1753 2590">
    <p class='ocr_par' dir='ltr' id='par_1_11' title="bbox 366 2520 1753 2590">
     <span class='ocr_line' id='line_1_33' title="bbox 366 2520 1753 2590; baseline -0.004 -18"><span class='ocrx_word' id='word_1_226' title='bbox 366 2536 456 2583; x_wconf 89' lang='lat' dir='ltr'>est,</span> <span class='ocrx_word' id='word_1_227' title='bbox 486 2549 506 2568; x_wconf 88' lang='lat'>«</span> <span class='ocrx_word' id='word_1_228' title='bbox 529 2526 645 2584; x_wconf 91' lang='lat' dir='ltr'>Quia</span> <span class='ocrx_word' id='word_1_229' title='bbox 668 2526 786 2574; x_wconf 85' lang='lat' dir='ltr'>flevit</span> <span class='ocrx_word' id='word_1_230' title='bbox 812 2527 999 2572; x_wconf 75' lang='lat' dir='ltr'>amare2.</span> <span class='ocrx_word' id='word_1_231' title='bbox 1025 2546 1046 2568; x_wconf 84' lang='lat'>›&gt;</span> <span class='ocrx_word' id='word_1_232' title='bbox 1082 2523 1290 2571; x_wconf 88' lang='lat' dir='ltr'>Nondum</span> <span class='ocrx_word' id='word_1_233' title='bbox 1321 2523 1435 2569; x_wconf 89' lang='lat' dir='ltr'>enim</span> <span class='ocrx_word' id='word_1_234' title='bbox 1472 2520 1645 2568; x_wconf 86' lang='lat' dir='ltr'>fuerant</span> <span class='ocrx_word' id='word_1_235' title='bbox 1676 2537 1753 2590; x_wconf 49' lang='lat' dir='ltr'>ref.</span> 
     </span>
    </p>
   </div>
   <div class='ocr_carea' id='block_1_11' title="bbox 1745 1410 1769 2056">
    <p class='ocr_par' dir='ltr' id='par_1_12' title="bbox 1745 1410 1769 2056">
     <span class='ocr_line' id='line_1_34' title="bbox 1745 1410 1769 2056; baseline 0 -166"><span class='ocrx_word' id='word_1_236' title='bbox 1745 1410 1769 2054; x_wconf 95' lang='lat' dir='ltr'>    </span> <span class='ocrx_word' id='word_1_237' title='bbox 1755 1734 1769 2056; x_wconf 95' lang='lat' dir='ltr'>  </span> 
     </span>
    </p>
   </div>
   <div class='ocr_carea' id='block_1_12' title="bbox 1749 1773 1755 1851">
    <p class='ocr_par' dir='ltr' id='par_1_13' title="bbox 1749 1773 1757 1869">
     <span class='ocr_line' id='line_1_35' title="bbox 1749 1773 1755 1851; baseline 0 18"><span class='ocrx_word' id='word_1_238' title='bbox 1749 1773 1755 1851; x_wconf 68' lang='grc' dir='ltr'>ἱ</span> 
     </span>
    </p>
   </div>
   <div class='ocr_carea' id='block_1_13' title="bbox 1749 2004 1755 2063">
    <p class='ocr_par' dir='ltr' id='par_1_14' title="bbox 1749 2004 1755 2063">
     <span class='ocr_line' id='line_1_36' title="bbox 1749 2004 1755 2063; baseline 0 0"><span class='ocrx_word' id='word_1_239' title='bbox 1749 2004 1755 2063; x_wconf 74' lang='grc' dir='ltr'><strong><em>ἒ</em></strong></span> 
     </span>
    </p>
   </div>
   <div class='ocr_carea' id='block_1_14' title="bbox 414 2623 1649 2672">
    <p class='ocr_par' dir='ltr' id='par_1_15' title="bbox 414 2623 1649 2672">
     <span class='ocr_line' id='line_1_37' title="bbox 414 2623 1649 2672; baseline -0.006 -11"><span class='ocrx_word' id='word_1_240' title='bbox 414 2628 424 2651; x_wconf 85' lang='lat'><strong>¹</strong></span> <span class='ocrx_word' id='word_1_241' title='bbox 447 2628 535 2661; x_wconf 73' lang='lat' dir='ltr'>Alias</span> <span class='ocrx_word' id='word_1_242' title='bbox 552 2640 640 2661; x_wconf 81' lang='lat' dir='ltr'>cvm.</span> <span class='ocrx_word' id='word_1_243' title='bbox 658 2640 730 2672; x_wconf 85' lang='lat' dir='ltr'>quae</span> <span class='ocrx_word' id='word_1_244' title='bbox 746 2634 852 2661; x_wconf 86' lang='lat' dir='ltr'>autem</span> <span class='ocrx_word' id='word_1_245' title='bbox 874 2628 940 2660; x_wconf 83' lang='lat'>265</span> <span class='ocrx_word' id='word_1_246' title='bbox 959 2632 1037 2667; x_wconf 83' lang='lat' dir='ltr'>erat,</span> <span class='ocrx_word' id='word_1_247' title='bbox 1056 2636 1141 2659; x_wconf 82' lang='lat' dir='ltr'>nunc</span> <span class='ocrx_word' id='word_1_248' title='bbox 1167 2626 1237 2656; x_wconf 79' lang='lat'>106.</span> <span class='ocrx_word' id='word_1_249' title='bbox 1262 2644 1303 2649; x_wconf 88' lang='lat'>-——</span> <span class='ocrx_word' id='word_1_250' title='bbox 1324 2623 1339 2646; x_wconf 85' lang='lat'><em>2</em></span> <span class='ocrx_word' id='word_1_251' title='bbox 1355 2623 1473 2656; x_wconf 72' lang='lat' dir='ltr'>Matth.</span> <span class='ocrx_word' id='word_1_252' title='bbox 1489 2633 1576 2666; x_wconf 76' lang='lat' dir='ltr'>xxw,</span> <span class='ocrx_word' id='word_1_253' title='bbox 1594 2623 1649 2663; x_wconf 84' lang='lat'>75.</span> 
     </span>
    </p>
   </div>
  </div>
 </body>
</html>
