<?xml version="1.0" encoding="UTF-8"?>
<!DOCTYPE html PUBLIC "-//W3C//DTD XHTML 1.0 Transitional//EN"
    "http://www.w3.org/TR/xhtml1/DTD/xhtml1-transitional.dtd">
<html xmlns="http://www.w3.org/1999/xhtml" xml:lang="en" lang="en">
 <head>
  <title>
</title>
<meta http-equiv="Content-Type" content="text/html;charset=utf-8" />
  <meta name='ocr-system' content='tesseract 3.04.00' />
  <meta name='ocr-capabilities' content='ocr_page ocr_carea ocr_par ocr_line ocrx_word'/>
</head>
<body>
  <div class='ocr_page' id='page_1' title='image "./operaomniaaccura41auguuoft/operaomniaaccura41auguuoft_0208.png"; bbox 0 0 1769 3235; ppageno 0'>
   <div class='ocr_carea' id='block_1_1' title="bbox 332 291 1307 355">
    <p class='ocr_par' dir='ltr' id='par_1_1' title="bbox 332 291 1307 355">
     <span class='ocr_line' id='line_1_1' title="bbox 332 291 1307 355; baseline 0.003 -26"><span class='ocrx_word' id='word_1_1' title='bbox 332 291 419 355; x_wconf 61' lang='lat'>¹94</span> <span class='ocrx_word' id='word_1_2' title='bbox 745 302 780 330; x_wconf 86' lang='lat' dir='ltr'>s.</span> <span class='ocrx_word' id='word_1_3' title='bbox 823 299 1069 331; x_wconf 74' lang='lat' dir='ltr'>AUGUSTIM</span> <span class='ocrx_word' id='word_1_4' title='bbox 1103 300 1307 333; x_wconf 79' lang='lat' dir='ltr'>EP1scoP1</span> 
     </span>
    </p>
   </div>
   <div class='ocr_carea' id='block_1_2' title="bbox 328 361 1769 429">
    <p class='ocr_par' dir='ltr' id='par_1_2' title="bbox 328 361 1769 429">
     <span class='ocr_line' id='line_1_2' title="bbox 328 361 1769 429; baseline -0.005 -9"><span class='ocrx_word' id='word_1_5' title='bbox 328 375 461 420; x_wconf 83' lang='lat' dir='ltr'>niano</span> <span class='ocrx_word' id='word_1_6' title='bbox 489 372 679 429; x_wconf 83' lang='lat' dir='ltr'>Augusto</span> <span class='ocrx_word' id='word_1_7' title='bbox 705 366 858 412; x_wconf 85' lang='lat' dir='ltr'>iterum</span> <span class='ocrx_word' id='word_1_8' title='bbox 897 367 1176 422; x_wconf 85' lang='lat' dir='ltr'>consulibus,</span> <span class='ocrx_word' id='word_1_9' title='bbox 1204 377 1318 413; x_wconf 84' lang='lat' dir='ltr'>sexto</span> <span class='ocrx_word' id='word_1_10' title='bbox 1343 367 1525 415; x_wconf 81' lang='lat' dir='ltr'>Kalend.</span> <span class='ocrx_word' id='word_1_11' title='bbox 1559 366 1699 414; x_wconf 89' lang='lat' dir='ltr'>Octo-</span> <span class='ocrx_word' id='word_1_12' title='bbox 1756 361 1769 398; x_wconf 64' lang='lat' dir='ltr'>&#39;f</span> 
     </span>
    </p>
   </div>
   <div class='ocr_carea' id='block_1_3' title="bbox 329 437 1702 571">
    <p class='ocr_par' dir='ltr' id='par_1_3' title="bbox 329 437 1702 571">
     <span class='ocr_line' id='line_1_3' title="bbox 329 437 1700 501; baseline -0.004 -12"><span class='ocrx_word' id='word_1_13' title='bbox 329 445 418 489; x_wconf 73' lang='lat' dir='ltr'>bris</span> <span class='ocrx_word' id='word_1_14' title='bbox 438 480 447 497; x_wconf 84' lang='lat'><em>‚</em></span> <span class='ocrx_word' id='word_1_15' title='bbox 468 457 564 485; x_wconf 84' lang='lat' dir='ltr'>cnm</span> <span class='ocrx_word' id='word_1_16' title='bbox 595 437 859 497; x_wconf 67' lang='lat' dir='ltr'>Augustinus</span> <span class='ocrx_word' id='word_1_17' title='bbox 895 438 1124 501; x_wconf 79' lang='lat' dir='ltr'>episcopus</span> <span class='ocrx_word' id='word_1_18' title='bbox 1163 455 1246 484; x_wconf 83' lang='lat' dir='ltr'>una</span> <span class='ocrx_word' id='word_1_19' title='bbox 1272 455 1370 484; x_wconf 85' lang='lat' dir='ltr'>curn</span> <span class='ocrx_word' id='word_1_20' title='bbox 1402 438 1627 498; x_wconf 81' lang='lat' dir='ltr'>Religiano</span> <span class='ocrx_word' id='word_1_21' title='bbox 1659 450 1700 485; x_wconf 88' lang='lat' dir='ltr'>et</span> 
     </span>
     <span class='ocr_line' id='line_1_4' title="bbox 335 507 1702 571; baseline -0.002 -12"><span class='ocrx_word' id='word_1_22' title='bbox 335 512 602 559; x_wconf 63' lang='lat' dir='ltr'>Martiniano</span> <span class='ocrx_word' id='word_1_23' title='bbox 625 507 898 571; x_wconf 60' lang='lat' dir='ltr'>coepiscopis</span> <span class='ocrx_word' id='word_1_24' title='bbox 919 509 1004 553; x_wconf 84' lang='lat' dir='ltr'>suis</span> <span class='ocrx_word' id='word_1_25' title='bbox 1030 509 1287 554; x_wconf 75' lang='lat' dir='ltr'>consedisset</span> <span class='ocrx_word' id='word_1_26' title='bbox 1311 509 1354 554; x_wconf 92' lang='lat' dir='ltr'>in</span> <span class='ocrx_word' id='word_1_27' title='bbox 1387 509 1562 555; x_wconf 85' lang='lat' dir='ltr'>ecclesia</span> <span class='ocrx_word' id='word_1_28' title='bbox 1577 511 1702 558; x_wconf 79' lang='lat' dir='ltr'>Pacis</span> 
     </span>
    </p>
   </div>
   <div class='ocr_carea' id='block_1_4' title="bbox 324 578 1768 719">
    <p class='ocr_par' dir='ltr' id='par_1_4' title="bbox 324 578 1768 719">
     <span class='ocr_line' id='line_1_5' title="bbox 327 578 1760 648; baseline -0.003 -18"><span class='ocrx_word' id='word_1_29' title='bbox 327 581 674 648; x_wconf 73' lang='lat' dir='ltr'>Iiipponensium</span> <span class='ocrx_word' id='word_1_30' title='bbox 710 578 976 637; x_wconf 74' lang='lat' dir='ltr'>Regiorum,</span> <span class='ocrx_word' id='word_1_31' title='bbox 1004 580 1292 642; x_wconf 79' lang='lat' dir='ltr'>praesentibus</span> <span class='ocrx_word' id='word_1_32' title='bbox 1326 579 1584 637; x_wconf 85' lang='lat' dir='ltr'>Saturnino,</span> <span class='ocrx_word' id='word_1_33' title='bbox 1611 582 1699 626; x_wconf 94' lang='lat' dir='ltr'>Le-</span> <span class='ocrx_word' id='word_1_34' title='bbox 1757 580 1760 596; x_wconf 84' lang='lat'><strong>¹</strong></span> 
     </span>
     <span class='ocr_line' id='line_1_6' title="bbox 324 649 1768 719; baseline -0.003 -18"><span class='ocrx_word' id='word_1_35' title='bbox 324 655 476 719; x_wconf 85' lang='lat' dir='ltr'>porio,</span> <span class='ocrx_word' id='word_1_36' title='bbox 518 650 744 703; x_wconf 80' lang='lat' dir='ltr'>Barnaba,</span> <span class='ocrx_word' id='word_1_37' title='bbox 776 649 1120 705; x_wconf 77' lang='lat' dir='ltr'>Fortunatiano,</span> <span class='ocrx_word' id='word_1_38' title='bbox 1159 650 1374 705; x_wconf 81' lang='lat' dir='ltr'>Rustico,</span> <span class='ocrx_word' id='word_1_39' title='bbox 1414 651 1578 696; x_wconf 84' lang='lat' dir='ltr'>Lazaro</span> <span class='ocrx_word' id='word_1_40' title='bbox 1606 687 1616 706; x_wconf 87' lang='lat'>,</span> <span class='ocrx_word' id='word_1_41' title='bbox 1659 660 1700 696; x_wconf 87' lang='lat' dir='ltr'>et</span> <span class='ocrx_word' id='word_1_42' title='bbox 1757 655 1768 712; x_wconf 44' lang='lat' dir='ltr'><em>s</em></span> 
     </span>
    </p>
   </div>
   <div class='ocr_carea' id='block_1_5' title="bbox 326 719 1696 785">
    <p class='ocr_par' dir='ltr' id='par_1_5' title="bbox 326 719 1696 785">
     <span class='ocr_line' id='line_1_7' title="bbox 326 719 1696 785; baseline -0.004 -14"><span class='ocrx_word' id='word_1_43' title='bbox 326 724 497 770; x_wconf 79' lang='lat' dir='ltr'>Eraclio</span> <span class='ocrx_word' id='word_1_44' title='bbox 523 719 784 785; x_wconf 65' lang='lat' dir='ltr'>presbyteris</span> <span class='ocrx_word' id='word_1_45' title='bbox 802 756 812 773; x_wconf 90' lang='lat'>‚</span> <span class='ocrx_word' id='word_1_46' title='bbox 853 729 1015 764; x_wconf 77' lang='lat' dir='ltr'>astante</span> <span class='ocrx_word' id='word_1_47' title='bbox 1050 719 1163 764; x_wconf 87' lang='lat' dir='ltr'>clero</span> <span class='ocrx_word' id='word_1_48' title='bbox 1183 730 1224 764; x_wconf 91' lang='lat' dir='ltr'>et</span> <span class='ocrx_word' id='word_1_49' title='bbox 1258 719 1470 782; x_wconf 77' lang='lat' dir='ltr'><strong>frequenti</strong></span> <span class='ocrx_word' id='word_1_50' title='bbox 1501 720 1696 783; x_wconf 87' lang='lat' dir='ltr'>populo,</span> 
     </span>
    </p>
   </div>
   <div class='ocr_carea' id='block_1_6' title="bbox 1748 0 1769 788">
    <p class='ocr_par' dir='ltr' id='par_1_6' title="bbox 1748 0 1769 788">
     <span class='ocr_line' id='line_1_8' title="bbox 1748 0 1769 788; baseline 0 2447"><span class='ocrx_word' id='word_1_51' title='bbox 1748 0 1769 788; x_wconf 95' lang='lat' dir='ltr'> </span> 
     </span>
    </p>
   </div>
   <div class='ocr_carea' id='block_1_7' title="bbox 324 789 1762 855">
    <p class='ocr_par' dir='ltr' id='par_1_7' title="bbox 324 789 1762 855">
     <span class='ocr_line' id='line_1_9' title="bbox 324 789 1762 855; baseline -0.002 -14"><span class='ocrx_word' id='word_1_52' title='bbox 324 794 592 855; x_wconf 79' lang='lat' dir='ltr'>Augustinus</span> <span class='ocrx_word' id='word_1_53' title='bbox 616 791 846 854; x_wconf 75' lang='lat' dir='ltr'>episcopus</span> <span class='ocrx_word' id='word_1_54' title='bbox 865 789 972 834; x_wconf 77' lang='lat' dir='ltr'>dixit</span> <span class='ocrx_word' id='word_1_55' title='bbox 995 808 1005 834; x_wconf 72' lang='grc' dir='ltr'>ε</span> <span class='ocrx_word' id='word_1_56' title='bbox 1024 811 1042 831; x_wconf 74' lang='lat' dir='ltr'>n</span> <span class='ocrx_word' id='word_1_57' title='bbox 1064 789 1194 846; x_wconf 85' lang='lat' dir='ltr'>Quod</span> <span class='ocrx_word' id='word_1_58' title='bbox 1220 790 1420 835; x_wconf 84' lang='lat' dir='ltr'>hesterno</span> <span class='ocrx_word' id='word_1_59' title='bbox 1437 790 1506 836; x_wconf 86' lang='lat' dir='ltr'>die</span> <span class='ocrx_word' id='word_1_60' title='bbox 1519 792 1701 854; x_wconf 79' lang='lat' dir='ltr'>promisi</span> <span class='ocrx_word' id='word_1_61' title='bbox 1758 800 1762 854; x_wconf 74' lang='grc' dir='ltr'>ξ</span> 
     </span>
    </p>
   </div>
   <div class='ocr_carea' id='block_1_8' title="bbox 323 859 1763 994">
    <p class='ocr_par' dir='ltr' id='par_1_8' title="bbox 323 859 1763 994">
     <span class='ocr_line' id='line_1_10' title="bbox 325 859 1763 924; baseline -0.002 -13"><span class='ocrx_word' id='word_1_62' title='bbox 325 864 530 912; x_wconf 84' lang='lat' dir='ltr'>charitati</span> <span class='ocrx_word' id='word_1_63' title='bbox 553 872 723 915; x_wconf 73' lang='lat' dir='ltr'>vestrae,</span> <span class='ocrx_word' id='word_1_64' title='bbox 751 870 930 923; x_wconf 83' lang='lat' dir='ltr'>propter</span> <span class='ocrx_word' id='word_1_65' title='bbox 948 859 1068 923; x_wconf 83' lang='lat' dir='ltr'>quod</span> <span class='ocrx_word' id='word_1_66' title='bbox 1088 876 1162 906; x_wconf 78' lang='lat' dir='ltr'>vos</span> <span class='ocrx_word' id='word_1_67' title='bbox 1175 859 1292 906; x_wconf 83' lang='lat' dir='ltr'>volui</span> <span class='ocrx_word' id='word_1_68' title='bbox 1313 860 1580 924; x_wconf 87' lang='lat' dir='ltr'>frequentius</span> <span class='ocrx_word' id='word_1_69' title='bbox 1597 879 1700 908; x_wconf 91' lang='lat' dir='ltr'>con·</span> <span class='ocrx_word' id='word_1_70' title='bbox 1758 881 1763 908; x_wconf 69' lang='grc' dir='ltr'><strong><em>ε</em></strong></span> 
     </span>
     <span class='ocr_line' id='line_1_11' title="bbox 323 930 1762 994; baseline -0.003 -12"><span class='ocrx_word' id='word_1_71' title='bbox 323 936 490 990; x_wconf 83' lang='lat' dir='ltr'>venire,</span> <span class='ocrx_word' id='word_1_72' title='bbox 517 943 558 979; x_wconf 84' lang='lat' dir='ltr'>et</span> <span class='ocrx_word' id='word_1_73' title='bbox 583 931 708 976; x_wconf 84' lang='lat' dir='ltr'>video</span> <span class='ocrx_word' id='word_1_74' title='bbox 732 930 1000 992; x_wconf 85' lang='lat' dir='ltr'>frequentius</span> <span class='ocrx_word' id='word_1_75' title='bbox 1019 930 1283 984; x_wconf 82' lang='lat' dir='ltr'>convenisse,</span> <span class='ocrx_word' id='word_1_76' title='bbox 1304 947 1425 975; x_wconf 85' lang='lat' dir='ltr'>mora</span> <span class='ocrx_word' id='word_1_77' title='bbox 1449 931 1567 976; x_wconf 90' lang='lat' dir='ltr'>omni</span> <span class='ocrx_word' id='word_1_78' title='bbox 1582 943 1700 994; x_wconf 87' lang='lat' dir='ltr'>post·</span> <span class='ocrx_word' id='word_1_79' title='bbox 1759 965 1762 970; x_wconf 35' lang='grc' dir='ltr'>ι</span> 
     </span>
    </p>
   </div>
   <div class='ocr_carea' id='block_1_9' title="bbox 316 1000 1702 2696">
    <p class='ocr_par' dir='ltr' id='par_1_9' title="bbox 316 1000 1702 2696">
     <span class='ocr_line' id='line_1_12' title="bbox 323 1000 1699 1070; baseline -0.002 -18"><span class='ocrx_word' id='word_1_80' title='bbox 323 1007 464 1070; x_wconf 85' lang='lat' dir='ltr'>posita</span> <span class='ocrx_word' id='word_1_81' title='bbox 488 1005 573 1050; x_wconf 85' lang='lat' dir='ltr'>hoc</span> <span class='ocrx_word' id='word_1_82' title='bbox 599 1001 809 1062; x_wconf 86' lang='lat' dir='ltr'>agendum</span> <span class='ocrx_word' id='word_1_83' title='bbox 848 1011 923 1046; x_wconf 92' lang='lat' dir='ltr'>est.</span> <span class='ocrx_word' id='word_1_84' title='bbox 959 1000 1001 1045; x_wconf 80' lang='lat' dir='ltr'>Si</span> <span class='ocrx_word' id='word_1_85' title='bbox 1031 1001 1146 1045; x_wconf 88' lang='lat' dir='ltr'>enim</span> <span class='ocrx_word' id='word_1_86' title='bbox 1173 1000 1290 1046; x_wconf 85' lang='lat' dir='ltr'>aliud</span> <span class='ocrx_word' id='word_1_87' title='bbox 1320 1001 1449 1047; x_wconf 81' lang='lat' dir='ltr'>velim</span> <span class='ocrx_word' id='word_1_88' title='bbox 1477 1001 1628 1065; x_wconf 90' lang='lat' dir='ltr'>loqui,</span> <span class='ocrx_word' id='word_1_89' title='bbox 1654 1003 1699 1049; x_wconf 90' lang='lat' dir='ltr'>in</span> 
     </span>
     <span class='ocr_line' id='line_1_13' title="bbox 316 1070 1699 1138; baseline -0.003 -15"><span class='ocrx_word' id='word_1_90' title='bbox 316 1075 428 1123; x_wconf 82' lang='lat' dir='ltr'>illud</span> <span class='ocrx_word' id='word_1_91' title='bbox 449 1073 640 1138; x_wconf 82' lang='lat' dir='ltr'>suspensi</span> <span class='ocrx_word' id='word_1_92' title='bbox 661 1109 671 1128; x_wconf 91' lang='lat'>,</span> <span class='ocrx_word' id='word_1_93' title='bbox 705 1071 848 1116; x_wconf 86' lang='lat' dir='ltr'>minus</span> <span class='ocrx_word' id='word_1_94' title='bbox 872 1070 1044 1117; x_wconf 80' lang='lat' dir='ltr'>auditis.</span> <span class='ocrx_word' id='word_1_95' title='bbox 1078 1072 1241 1117; x_wconf 81' lang='lat' dir='ltr'>Omnes</span> <span class='ocrx_word' id='word_1_96' title='bbox 1275 1072 1321 1117; x_wconf 91' lang='lat' dir='ltr'>in</span> <span class='ocrx_word' id='word_1_97' title='bbox 1348 1071 1432 1117; x_wconf 82' lang='lat' dir='ltr'>hac</span> <span class='ocrx_word' id='word_1_98' title='bbox 1462 1072 1550 1118; x_wconf 85' lang='lat' dir='ltr'>vita</span> <span class='ocrx_word' id='word_1_99' title='bbox 1578 1090 1699 1119; x_wconf 89' lang='lat' dir='ltr'>mor-</span> 
     </span>
     <span class='ocr_line' id='line_1_14' title="bbox 320 1144 1702 1203; baseline -0.004 -7"><span class='ocrx_word' id='word_1_100' title='bbox 320 1150 425 1196; x_wconf 82' lang='lat' dir='ltr'>tales</span> <span class='ocrx_word' id='word_1_101' title='bbox 446 1163 616 1201; x_wconf 80' lang='lat' dir='ltr'>sunmS,</span> <span class='ocrx_word' id='word_1_102' title='bbox 644 1155 685 1191; x_wconf 89' lang='lat' dir='ltr'>et</span> <span class='ocrx_word' id='word_1_103' title='bbox 709 1144 797 1189; x_wconf 87' lang='lat' dir='ltr'>dies</span> <span class='ocrx_word' id='word_1_104' title='bbox 828 1144 960 1203; x_wconf 83' lang='lat' dir='ltr'>hujus</span> <span class='ocrx_word' id='word_1_105' title='bbox 991 1144 1092 1190; x_wconf 83' lang='lat' dir='ltr'>vitae</span> <span class='ocrx_word' id='word_1_106' title='bbox 1126 1144 1306 1190; x_wconf 87' lang='lat' dir='ltr'>ultimus</span> <span class='ocrx_word' id='word_1_107' title='bbox 1326 1182 1335 1199; x_wconf 87' lang='lat'><strong>‚</strong></span> <span class='ocrx_word' id='word_1_108' title='bbox 1376 1145 1494 1190; x_wconf 89' lang='lat' dir='ltr'>omni</span> <span class='ocrx_word' id='word_1_109' title='bbox 1532 1145 1702 1192; x_wconf 87' lang='lat' dir='ltr'>homini</span> 
     </span>
     <span class='ocr_line' id='line_1_15' title="bbox 321 1215 1701 1282; baseline -0.004 -14"><span class='ocrx_word' id='word_1_110' title='bbox 321 1232 382 1268; x_wconf 89' lang='lat' dir='ltr'>est</span> <span class='ocrx_word' id='word_1_111' title='bbox 411 1235 581 1282; x_wconf 82' lang='lat' dir='ltr'>semper</span> <span class='ocrx_word' id='word_1_112' title='bbox 607 1215 827 1261; x_wconf 77' lang='lat' dir='ltr'>incertus:</span> <span class='ocrx_word' id='word_1_113' title='bbox 859 1225 1154 1261; x_wconf 84' lang='lat' dir='ltr'>verumtamen</span> <span class='ocrx_word' id='word_1_114' title='bbox 1180 1216 1224 1260; x_wconf 90' lang='lat' dir='ltr'>in</span> <span class='ocrx_word' id='word_1_115' title='bbox 1252 1215 1433 1262; x_wconf 79' lang='lat' dir='ltr'>infantia</span> <span class='ocrx_word' id='word_1_116' title='bbox 1454 1253 1464 1270; x_wconf 89' lang='lat'><strong>‚</strong></span> <span class='ocrx_word' id='word_1_117' title='bbox 1502 1227 1701 1279; x_wconf 84' lang='lat' dir='ltr'>speratur</span> 
     </span>
     <span class='ocr_line' id='line_1_16' title="bbox 319 1286 1700 1356; baseline -0.004 -18"><span class='ocrx_word' id='word_1_118' title='bbox 319 1291 531 1356; x_wconf 80' lang='lat' dir='ltr'>pueritia3</span> <span class='ocrx_word' id='word_1_119' title='bbox 550 1298 591 1333; x_wconf 84' lang='lat' dir='ltr'>et</span> <span class='ocrx_word' id='word_1_120' title='bbox 613 1287 657 1332; x_wconf 90' lang='lat' dir='ltr'>in</span> <span class='ocrx_word' id='word_1_121' title='bbox 680 1286 886 1349; x_wconf 86' lang='lat' dir='ltr'>pueritia,</span> <span class='ocrx_word' id='word_1_122' title='bbox 908 1297 1108 1349; x_wconf 85' lang='lat' dir='ltr'>speratur</span> <span class='ocrx_word' id='word_1_123' title='bbox 1131 1286 1416 1331; x_wconf 86' lang='lat' dir='ltr'>adolescentia</span> <span class='ocrx_word' id='word_1_124' title='bbox 1437 1306 1448 1340; x_wconf 80' lang='lat'>3</span> <span class='ocrx_word' id='word_1_125' title='bbox 1472 1297 1514 1332; x_wconf 91' lang='lat' dir='ltr'>et</span> <span class='ocrx_word' id='word_1_126' title='bbox 1534 1287 1576 1332; x_wconf 90' lang='lat' dir='ltr'>in</span> <span class='ocrx_word' id='word_1_127' title='bbox 1595 1287 1700 1334; x_wconf 83' lang='lat' dir='ltr'>ado-</span> 
     </span>
     <span class='ocr_line' id='line_1_17' title="bbox 317 1357 1701 1422; baseline -0.004 -12"><span class='ocrx_word' id='word_1_128' title='bbox 317 1362 546 1417; x_wconf 83' lang='lat' dir='ltr'>lescentia,</span> <span class='ocrx_word' id='word_1_129' title='bbox 585 1368 782 1422; x_wconf 84' lang='lat' dir='ltr'>speratur</span> <span class='ocrx_word' id='word_1_130' title='bbox 800 1361 1038 1417; x_wconf 74' lang='lat' dir='ltr'>Juventus3</span> <span class='ocrx_word' id='word_1_131' title='bbox 1066 1368 1107 1403; x_wconf 91' lang='lat' dir='ltr'>et</span> <span class='ocrx_word' id='word_1_132' title='bbox 1141 1357 1185 1402; x_wconf 90' lang='lat' dir='ltr'>in</span> <span class='ocrx_word' id='word_1_133' title='bbox 1205 1361 1435 1417; x_wconf 82' lang='lat' dir='ltr'>juventute</span> <span class='ocrx_word' id='word_1_134' title='bbox 1454 1395 1464 1413; x_wconf 92' lang='lat'>,</span> <span class='ocrx_word' id='word_1_135' title='bbox 1499 1369 1701 1421; x_wconf 82' lang='lat' dir='ltr'>speratur</span> 
     </span>
     <span class='ocr_line' id='line_1_18' title="bbox 320 1428 1700 1495; baseline -0.004 -15"><span class='ocrx_word' id='word_1_136' title='bbox 320 1433 534 1495; x_wconf 71' lang='lat' dir='ltr'>gravit353</span> <span class='ocrx_word' id='word_1_137' title='bbox 562 1440 602 1476; x_wconf 87' lang='lat' dir='ltr'>et</span> <span class='ocrx_word' id='word_1_138' title='bbox 619 1429 664 1475; x_wconf 89' lang='lat' dir='ltr'>in</span> <span class='ocrx_word' id='word_1_139' title='bbox 686 1428 896 1488; x_wconf 78' lang='lat' dir='ltr'>gravitate</span> <span class='ocrx_word' id='word_1_140' title='bbox 913 1465 922 1481; x_wconf 80' lang='lat'>,</span> <span class='ocrx_word' id='word_1_141' title='bbox 947 1438 1148 1491; x_wconf 86' lang='lat' dir='ltr'>speratur</span> <span class='ocrx_word' id='word_1_142' title='bbox 1164 1438 1358 1474; x_wconf 86' lang='lat' dir='ltr'>senectus</span> <span class='ocrx_word' id='word_1_143' title='bbox 1382 1445 1392 1472; x_wconf 91' lang='lat'>:</span> <span class='ocrx_word' id='word_1_144' title='bbox 1419 1438 1567 1474; x_wconf 89' lang='lat' dir='ltr'>utrum</span> <span class='ocrx_word' id='word_1_145' title='bbox 1589 1445 1700 1474; x_wconf 91' lang='lat' dir='ltr'>con-</span> 
     </span>
     <span class='ocr_line' id='line_1_19' title="bbox 320 1496 1699 1564; baseline -0.004 -14"><span class='ocrx_word' id='word_1_146' title='bbox 320 1505 458 1564; x_wconf 84' lang='lat' dir='ltr'>tingat</span> <span class='ocrx_word' id='word_1_147' title='bbox 489 1502 704 1547; x_wconf 86' lang='lat' dir='ltr'>incertum</span> <span class='ocrx_word' id='word_1_148' title='bbox 729 1508 816 1551; x_wconf 88' lang='lat' dir='ltr'>est;</span> <span class='ocrx_word' id='word_1_149' title='bbox 849 1509 910 1543; x_wconf 87' lang='lat' dir='ltr'>est</span> <span class='ocrx_word' id='word_1_150' title='bbox 934 1509 1077 1544; x_wconf 83' lang='lat' dir='ltr'>tamen</span> <span class='ocrx_word' id='word_1_151' title='bbox 1103 1496 1223 1561; x_wconf 92' lang='lat' dir='ltr'>quod</span> <span class='ocrx_word' id='word_1_152' title='bbox 1247 1508 1457 1561; x_wconf 84' lang='lat' dir='ltr'>speretur.</span> <span class='ocrx_word' id='word_1_153' title='bbox 1492 1502 1699 1546; x_wconf 82' lang='lat' dir='ltr'>Senectus</span> 
     </span>
     <span class='ocr_line' id='line_1_20' title="bbox 322 1568 1698 1631; baseline -0.004 -11"><span class='ocrx_word' id='word_1_154' title='bbox 322 1585 464 1620; x_wconf 83' lang='lat' dir='ltr'>autern</span> <span class='ocrx_word' id='word_1_155' title='bbox 491 1571 617 1616; x_wconf 77' lang='lat' dir='ltr'>aliam</span> <span class='ocrx_word' id='word_1_156' title='bbox 642 1579 831 1623; x_wconf 74' lang='lat' dir='ltr'>aetatem,</span> <span class='ocrx_word' id='word_1_157' title='bbox 856 1585 987 1631; x_wconf 84' lang='lat' dir='ltr'>quam</span> <span class='ocrx_word' id='word_1_158' title='bbox 1011 1579 1153 1631; x_wconf 83' lang='lat' dir='ltr'>speret</span> <span class='ocrx_word' id='word_1_159' title='bbox 1176 1585 1260 1613; x_wconf 91' lang='lat' dir='ltr'>non</span> <span class='ocrx_word' id='word_1_160' title='bbox 1290 1568 1455 1613; x_wconf 76' lang='lat' dir='ltr'>habet:</span> <span class='ocrx_word' id='word_1_161' title='bbox 1483 1568 1698 1615; x_wconf 90' lang='lat' dir='ltr'>incertum</span> 
     </span>
     <span class='ocr_line' id='line_1_21' title="bbox 320 1637 1699 1702; baseline -0.004 -12"><span class='ocrx_word' id='word_1_162' title='bbox 320 1655 383 1690; x_wconf 87' lang='lat' dir='ltr'>est</span> <span class='ocrx_word' id='word_1_163' title='bbox 404 1643 531 1688; x_wconf 83' lang='lat' dir='ltr'>etiam</span> <span class='ocrx_word' id='word_1_164' title='bbox 557 1641 649 1702; x_wconf 85' lang='lat' dir='ltr'>ipsa</span> <span class='ocrx_word' id='word_1_165' title='bbox 673 1648 866 1683; x_wconf 87' lang='lat' dir='ltr'>senectus</span> <span class='ocrx_word' id='word_1_166' title='bbox 887 1637 1083 1700; x_wconf 85' lang='lat' dir='ltr'>quandiu</span> <span class='ocrx_word' id='word_1_167' title='bbox 1115 1638 1167 1682; x_wconf 89' lang='lat' dir='ltr'>sit</span> <span class='ocrx_word' id='word_1_168' title='bbox 1190 1638 1357 1683; x_wconf 87' lang='lat' dir='ltr'>homini</span> <span class='ocrx_word' id='word_1_169' title='bbox 1382 1658 1393 1692; x_wconf 82' lang='lat'>3</span> <span class='ocrx_word' id='word_1_170' title='bbox 1420 1637 1529 1684; x_wconf 82' lang='lat' dir='ltr'>illud</span> <span class='ocrx_word' id='word_1_171' title='bbox 1556 1649 1699 1684; x_wconf 84' lang='lat' dir='ltr'>tamen</span> 
     </span>
     <span class='ocr_line' id='line_1_22' title="bbox 324 1708 1699 1771; baseline -0.004 -10"><span class='ocrx_word' id='word_1_172' title='bbox 324 1724 488 1761; x_wconf 87' lang='lat' dir='ltr'>certum</span> <span class='ocrx_word' id='word_1_173' title='bbox 509 1722 571 1757; x_wconf 87' lang='lat' dir='ltr'>est</span> <span class='ocrx_word' id='word_1_174' title='bbox 587 1709 702 1756; x_wconf 85' lang='lat' dir='ltr'>nulla</span> <span class='ocrx_word' id='word_1_175' title='bbox 712 1726 749 1753; x_wconf 86' lang='lat' dir='ltr'>m</span> <span class='ocrx_word' id='word_1_176' title='bbox 768 1725 984 1753; x_wconf 85' lang='lat' dir='ltr'>remanere</span> <span class='ocrx_word' id='word_1_177' title='bbox 1000 1718 1188 1762; x_wconf 66' lang='lat' dir='ltr'>aetatem,</span> <span class='ocrx_word' id='word_1_178' title='bbox 1204 1725 1302 1771; x_wconf 79' lang='lat' dir='ltr'>quae</span> <span class='ocrx_word' id='word_1_179' title='bbox 1320 1708 1455 1771; x_wconf 83' lang='lat' dir='ltr'>possit</span> <span class='ocrx_word' id='word_1_180' title='bbox 1471 1708 1699 1755; x_wconf 83' lang='lat' dir='ltr'>succedere</span> 
     </span>
     <span class='ocr_line' id='line_1_23' title="bbox 322 1778 1698 1837; baseline -0.004 -6"><span class='ocrx_word' id='word_1_181' title='bbox 322 1783 544 1832; x_wconf 81' lang='lat' dir='ltr'>senectuti.</span> <span class='ocrx_word' id='word_1_182' title='bbox 576 1781 690 1837; x_wconf 81' lang='lat' dir='ltr'>Quia</span> <span class='ocrx_word' id='word_1_183' title='bbox 729 1779 867 1824; x_wconf 73' lang='lat' dir='ltr'>voluit</span> <span class='ocrx_word' id='word_1_184' title='bbox 902 1779 1044 1834; x_wconf 89' lang='lat' dir='ltr'>Deus,</span> <span class='ocrx_word' id='word_1_185' title='bbox 1085 1778 1139 1823; x_wconf 84' lang='lat' dir='ltr'>ad</span> <span class='ocrx_word' id='word_1_186' title='bbox 1177 1779 1301 1824; x_wconf 80' lang='lat' dir='ltr'>istam</span> <span class='ocrx_word' id='word_1_187' title='bbox 1342 1779 1563 1825; x_wconf 86' lang='lat' dir='ltr'>civitatem</span> <span class='ocrx_word' id='word_1_188' title='bbox 1596 1796 1698 1826; x_wconf 90' lang='lat' dir='ltr'>cum</span> 
     </span>
     <span class='ocr_line' id='line_1_24' title="bbox 320 1848 1690 1916; baseline -0.004 -14"><span class='ocrx_word' id='word_1_189' title='bbox 320 1857 466 1916; x_wconf 75' lang='lat' dir='ltr'>vigore</span> <span class='ocrx_word' id='word_1_190' title='bbox 489 1852 627 1898; x_wconf 80' lang='lat' dir='ltr'>aetatis</span> <span class='ocrx_word' id='word_1_191' title='bbox 660 1849 844 1905; x_wconf 74' lang='lat' dir='ltr'>adveni3</span> <span class='ocrx_word' id='word_1_192' title='bbox 873 1848 945 1894; x_wconf 87' lang='lat' dir='ltr'>sed</span> <span class='ocrx_word' id='word_1_193' title='bbox 985 1859 1128 1894; x_wconf 79' lang='lat' dir='ltr'>tamen</span> <span class='ocrx_word' id='word_1_194' title='bbox 1158 1849 1328 1908; x_wconf 75' lang='lat' dir='ltr'>juvenis</span> <span class='ocrx_word' id='word_1_195' title='bbox 1351 1848 1414 1894; x_wconf 83' lang='lat' dir='ltr'>fui</span> <span class='ocrx_word' id='word_1_196' title='bbox 1436 1886 1446 1904; x_wconf 88' lang='lat'>,</span> <span class='ocrx_word' id='word_1_197' title='bbox 1477 1859 1517 1894; x_wconf 91' lang='lat' dir='ltr'>et</span> <span class='ocrx_word' id='word_1_198' title='bbox 1555 1850 1690 1897; x_wconf 90' lang='lat' dir='ltr'>senui.</span> 
     </span>
     <span class='ocr_line' id='line_1_25' title="bbox 321 1918 1696 1988; baseline -0.005 -16"><span class='ocrx_word' id='word_1_199' title='bbox 321 1927 420 1972; x_wconf 87' lang='lat' dir='ltr'>Scio</span> <span class='ocrx_word' id='word_1_200' title='bbox 444 1933 541 1988; x_wconf 87' lang='lat' dir='ltr'>post</span> <span class='ocrx_word' id='word_1_201' title='bbox 561 1921 705 1966; x_wconf 85' lang='lat' dir='ltr'>obitus</span> <span class='ocrx_word' id='word_1_202' title='bbox 728 1919 1036 1982; x_wconf 85' lang='lat' dir='ltr'>episcoporum</span> <span class='ocrx_word' id='word_1_203' title='bbox 1059 1956 1069 1969; x_wconf 79' lang='grc'>,</span> <span class='ocrx_word' id='word_1_204' title='bbox 1094 1936 1172 1982; x_wconf 87' lang='lat' dir='ltr'>per</span> <span class='ocrx_word' id='word_1_205' title='bbox 1198 1918 1450 1964; x_wconf 82' lang='lat' dir='ltr'>ambitiosos</span> <span class='ocrx_word' id='word_1_206' title='bbox 1478 1930 1554 1965; x_wconf 82' lang='lat' dir='ltr'>aut</span> <span class='ocrx_word' id='word_1_207' title='bbox 1583 1936 1696 1965; x_wconf 90' lang='lat' dir='ltr'>con-</span> 
     </span>
     <span class='ocr_line' id='line_1_26' title="bbox 322 1989 1696 2053; baseline -0.006 -10"><span class='ocrx_word' id='word_1_208' title='bbox 322 1996 524 2043; x_wconf 85' lang='lat' dir='ltr'>tentiosos</span> <span class='ocrx_word' id='word_1_209' title='bbox 548 1992 680 2038; x_wconf 88' lang='lat' dir='ltr'>solere</span> <span class='ocrx_word' id='word_1_210' title='bbox 715 1989 926 2035; x_wconf 83' lang='lat' dir='ltr'>Ecclesias</span> <span class='ocrx_word' id='word_1_211' title='bbox 952 1989 1230 2052; x_wconf 83' lang='lat' dir='ltr'>perturbari;</span> <span class='ocrx_word' id='word_1_212' title='bbox 1267 2000 1309 2034; x_wconf 88' lang='lat' dir='ltr'>et</span> <span class='ocrx_word' id='word_1_213' title='bbox 1333 1989 1451 2052; x_wconf 88' lang='lat' dir='ltr'>quod</span> <span class='ocrx_word' id='word_1_214' title='bbox 1481 2007 1596 2053; x_wconf 83' lang='lat' dir='ltr'>saepe</span> <span class='ocrx_word' id='word_1_215' title='bbox 1621 2007 1696 2035; x_wconf 85' lang='lat' dir='ltr'>ex-</span> 
     </span>
     <span class='ocr_line' id='line_1_27' title="bbox 322 2060 1698 2133; baseline -0.005 -19"><span class='ocrx_word' id='word_1_216' title='bbox 322 2078 470 2133; x_wconf 85' lang='lat' dir='ltr'>pertus</span> <span class='ocrx_word' id='word_1_217' title='bbox 492 2081 586 2110; x_wconf 88' lang='lat' dir='ltr'>sum</span> <span class='ocrx_word' id='word_1_218' title='bbox 619 2073 659 2107; x_wconf 87' lang='lat' dir='ltr'>et</span> <span class='ocrx_word' id='word_1_219' title='bbox 683 2060 833 2116; x_wconf 89' lang='lat' dir='ltr'>dolui,</span> <span class='ocrx_word' id='word_1_220' title='bbox 866 2060 1004 2106; x_wconf 86' lang='lat' dir='ltr'>debeo</span> <span class='ocrx_word' id='word_1_221' title='bbox 1023 2071 1235 2123; x_wconf 84' lang='lat' dir='ltr'>quantum</span> <span class='ocrx_word' id='word_1_222' title='bbox 1263 2060 1317 2105; x_wconf 85' lang='lat' dir='ltr'>ad</span> <span class='ocrx_word' id='word_1_223' title='bbox 1335 2078 1402 2105; x_wconf 80' lang='lat' dir='ltr'>ine</span> <span class='ocrx_word' id='word_1_224' title='bbox 1427 2061 1607 2114; x_wconf 83' lang='lat' dir='ltr'>attinet,</span> <span class='ocrx_word' id='word_1_225' title='bbox 1645 2078 1698 2107; x_wconf 92' lang='lat' dir='ltr'>ne</span> 
     </span>
     <span class='ocr_line' id='line_1_28' title="bbox 323 2130 1698 2196; baseline -0.007 -10"><span class='ocrx_word' id='word_1_226' title='bbox 323 2138 576 2196; x_wconf 81' lang='lat' dir='ltr'>contingat,</span> <span class='ocrx_word' id='word_1_227' title='bbox 598 2133 703 2178; x_wconf 82' lang='lat' dir='ltr'>hnic</span> <span class='ocrx_word' id='word_1_228' title='bbox 724 2130 970 2194; x_wconf 84' lang='lat' dir='ltr'>prospicere</span> <span class='ocrx_word' id='word_1_229' title='bbox 991 2130 1171 2177; x_wconf 84' lang='lat' dir='ltr'>civitati.</span> <span class='ocrx_word' id='word_1_230' title='bbox 1205 2130 1343 2176; x_wconf 82' lang='lat' dir='ltr'>Sicuti</span> <span class='ocrx_word' id='word_1_231' title='bbox 1363 2130 1488 2176; x_wconf 88' lang='lat' dir='ltr'>novit</span> <span class='ocrx_word' id='word_1_232' title='bbox 1508 2130 1698 2177; x_wconf 81' lang='lat' dir='ltr'>charitas</span> 
     </span>
     <span class='ocr_line' id='line_1_29' title="bbox 322 2200 1697 2266; baseline -0.005 -11"><span class='ocrx_word' id='word_1_233' title='bbox 322 2221 460 2266; x_wconf 84' lang='lat' dir='ltr'>vestra</span> <span class='ocrx_word' id='word_1_234' title='bbox 480 2244 490 2263; x_wconf 89' lang='lat'>,</span> <span class='ocrx_word' id='word_1_235' title='bbox 512 2206 557 2251; x_wconf 85' lang='lat' dir='ltr'>in</span> <span class='ocrx_word' id='word_1_236' title='bbox 576 2203 827 2251; x_wconf 70' lang='lat' dir='ltr'>milevitana</span> <span class='ocrx_word' id='word_1_237' title='bbox 855 2201 1033 2248; x_wconf 88' lang='lat' dir='ltr'>ecclesia</span> <span class='ocrx_word' id='word_1_238' title='bbox 1054 2200 1186 2246; x_wconf 85' lang='lat' dir='ltr'>modo</span> <span class='ocrx_word' id='word_1_239' title='bbox 1207 2200 1270 2246; x_wconf 86' lang='lat' dir='ltr'>sui</span> <span class='ocrx_word' id='word_1_240' title='bbox 1292 2219 1301 2246; x_wconf 91' lang='lat'><strong>:</strong></span> <span class='ocrx_word' id='word_1_241' title='bbox 1333 2201 1555 2265; x_wconf 84' lang='lat' dir='ltr'>petierunt</span> <span class='ocrx_word' id='word_1_242' title='bbox 1581 2202 1697 2248; x_wconf 86' lang='lat' dir='ltr'>enim</span> 
     </span>
     <span class='ocr_line' id='line_1_30' title="bbox 323 2271 1694 2335; baseline -0.007 -10"><span class='ocrx_word' id='word_1_243' title='bbox 323 2298 390 2329; x_wconf 84' lang='lat' dir='ltr'>me</span> <span class='ocrx_word' id='word_1_244' title='bbox 407 2280 585 2333; x_wconf 85' lang='lat' dir='ltr'>fratres,</span> <span class='ocrx_word' id='word_1_245' title='bbox 606 2285 647 2319; x_wconf 87' lang='lat' dir='ltr'>et</span> <span class='ocrx_word' id='word_1_246' title='bbox 670 2272 850 2319; x_wconf 84' lang='lat' dir='ltr'>maxime</span> <span class='ocrx_word' id='word_1_247' title='bbox 871 2272 981 2318; x_wconf 80' lang='lat' dir='ltr'>servi</span> <span class='ocrx_word' id='word_1_248' title='bbox 998 2271 1164 2335; x_wconf 87' lang='lat' dir='ltr'>Deiqui</span> <span class='ocrx_word' id='word_1_249' title='bbox 1181 2271 1244 2316; x_wconf 82' lang='lat' dir='ltr'>ibi</span> <span class='ocrx_word' id='word_1_250' title='bbox 1269 2282 1386 2327; x_wconf 90' lang='lat' dir='ltr'>sunt,</span> <span class='ocrx_word' id='word_1_251' title='bbox 1408 2282 1454 2317; x_wconf 85' lang='lat' dir='ltr'>ut</span> <span class='ocrx_word' id='word_1_252' title='bbox 1475 2271 1664 2317; x_wconf 88' lang='lat' dir='ltr'>venirem</span> <span class='ocrx_word' id='word_1_253' title='bbox 1683 2289 1694 2325; x_wconf 88' lang='lat'>;</span> 
     </span>
     <span class='ocr_line' id='line_1_31' title="bbox 321 2342 1697 2417; baseline -0.007 -20"><span class='ocrx_word' id='word_1_254' title='bbox 321 2352 423 2417; x_wconf 84' lang='lat' dir='ltr'>quia</span> <span class='ocrx_word' id='word_1_255' title='bbox 453 2358 552 2412; x_wconf 86' lang='lat' dir='ltr'>post</span> <span class='ocrx_word' id='word_1_256' title='bbox 585 2346 755 2392; x_wconf 82' lang='lat' dir='ltr'>obitum</span> <span class='ocrx_word' id='word_1_257' title='bbox 781 2344 921 2389; x_wconf 82' lang='lat' dir='ltr'>beatae</span> <span class='ocrx_word' id='word_1_258' title='bbox 944 2343 1163 2388; x_wconf 66' lang='lat' dir='ltr'>memoriae</span> <span class='ocrx_word' id='word_1_259' title='bbox 1196 2342 1338 2388; x_wconf 70' lang='lat' dir='ltr'>fratris</span> <span class='ocrx_word' id='word_1_260' title='bbox 1370 2353 1411 2388; x_wconf 91' lang='lat' dir='ltr'>et</span> <span class='ocrx_word' id='word_1_261' title='bbox 1442 2342 1697 2406; x_wconf 70' lang='lat' dir='ltr'>coepiscopi</span> 
     </span>
     <span class='ocr_line' id='line_1_32' title="bbox 322 2413 1692 2478; baseline -0.008 -9"><span class='ocrx_word' id='word_1_262' title='bbox 322 2424 406 2470; x_wconf 84' lang='lat' dir='ltr'>mci</span> <span class='ocrx_word' id='word_1_263' title='bbox 437 2419 605 2472; x_wconf 71' lang='lat' dir='ltr'>Severi,</span> <span class='ocrx_word' id='word_1_264' title='bbox 640 2415 850 2462; x_wconf 79' lang='lat' dir='ltr'>nonnulla</span> <span class='ocrx_word' id='word_1_265' title='bbox 877 2415 941 2460; x_wconf 86' lang='lat' dir='ltr'>ibi</span> <span class='ocrx_word' id='word_1_266' title='bbox 965 2415 1240 2478; x_wconf 82' lang='lat' dir='ltr'>perturbatio</span> <span class='ocrx_word' id='word_1_267' title='bbox 1268 2414 1515 2460; x_wconf 85' lang='lat' dir='ltr'>timebatur.</span> <span class='ocrx_word' id='word_1_268' title='bbox 1555 2413 1692 2470; x_wconf 86' lang='lat' dir='ltr'>Veni,</span> 
     </span>
     <span class='ocr_line' id='line_1_33' title="bbox 319 2484 1695 2557; baseline -0.008 -17"><span class='ocrx_word' id='word_1_269' title='bbox 319 2507 363 2542; x_wconf 88' lang='lat' dir='ltr'>et</span> <span class='ocrx_word' id='word_1_270' title='bbox 382 2489 605 2557; x_wconf 88' lang='lat' dir='ltr'>quomodo</span> <span class='ocrx_word' id='word_1_271' title='bbox 632 2487 771 2533; x_wconf 83' lang='lat' dir='ltr'>voluit</span> <span class='ocrx_word' id='word_1_272' title='bbox 790 2486 1028 2542; x_wconf 82' lang='lat' dir='ltr'>Dominus,</span> <span class='ocrx_word' id='word_1_273' title='bbox 1062 2485 1232 2545; x_wconf 79' lang='lat' dir='ltr'>adjuvit</span> <span class='ocrx_word' id='word_1_274' title='bbox 1259 2502 1335 2531; x_wconf 88' lang='lat' dir='ltr'>nos</span> <span class='ocrx_word' id='word_1_275' title='bbox 1360 2502 1441 2548; x_wconf 88' lang='lat' dir='ltr'>pro</span> <span class='ocrx_word' id='word_1_276' title='bbox 1463 2501 1538 2530; x_wconf 87' lang='lat' dir='ltr'>sua</span> <span class='ocrx_word' id='word_1_277' title='bbox 1561 2484 1695 2530; x_wconf 90' lang='lat' dir='ltr'>mise-</span> 
     </span>
     <span class='ocr_line' id='line_1_34' title="bbox 318 2554 1695 2621; baseline -0.009 -8"><span class='ocrx_word' id='word_1_278' title='bbox 318 2562 503 2613; x_wconf 84' lang='lat' dir='ltr'>ricordia</span> <span class='ocrx_word' id='word_1_279' title='bbox 518 2599 528 2618; x_wconf 92' lang='lat'>,</span> <span class='ocrx_word' id='word_1_280' title='bbox 547 2570 595 2605; x_wconf 91' lang='lat' dir='ltr'>ut</span> <span class='ocrx_word' id='word_1_281' title='bbox 612 2575 713 2604; x_wconf 88' lang='lat' dir='ltr'>cum</span> <span class='ocrx_word' id='word_1_282' title='bbox 738 2574 843 2621; x_wconf 82' lang='lat' dir='ltr'>pace</span> <span class='ocrx_word' id='word_1_283' title='bbox 862 2556 1119 2620; x_wconf 87' lang='lat' dir='ltr'>episcopum</span> <span class='ocrx_word' id='word_1_284' title='bbox 1135 2556 1399 2619; x_wconf 83' lang='lat' dir='ltr'>acciperent,</span> <span class='ocrx_word' id='word_1_285' title='bbox 1421 2572 1552 2619; x_wconf 90' lang='lat' dir='ltr'>quem</span> <span class='ocrx_word' id='word_1_286' title='bbox 1570 2554 1695 2606; x_wconf 82' lang='lat' dir='ltr'>vivus</span> 
     </span>
     <span class='ocr_line' id='line_1_35' title="bbox 316 2624 1693 2696; baseline -0.009 -12"><span class='ocrx_word' id='word_1_287' title='bbox 316 2636 614 2696; x_wconf 64' lang='lat' dir='ltr'>designaverat</span> <span class='ocrx_word' id='word_1_288' title='bbox 636 2627 868 2693; x_wconf 86' lang='lat' dir='ltr'>episcopus</span> <span class='ocrx_word' id='word_1_289' title='bbox 889 2643 1056 2674; x_wconf 89' lang='lat' dir='ltr'>eorum.</span> <span class='ocrx_word' id='word_1_290' title='bbox 1089 2626 1187 2673; x_wconf 89' lang='lat' dir='ltr'>Hoc</span> <span class='ocrx_word' id='word_1_291' title='bbox 1215 2625 1329 2672; x_wconf 87' lang='lat' dir='ltr'>enim</span> <span class='ocrx_word' id='word_1_292' title='bbox 1352 2626 1411 2674; x_wconf 87' lang='lat' dir='ltr'>eis</span> <span class='ocrx_word' id='word_1_293' title='bbox 1432 2643 1539 2685; x_wconf 52' lang='lat' dir='ltr'>cum„</span> <span class='ocrx_word' id='word_1_294' title='bbox 1558 2624 1693 2672; x_wconf 89' lang='lat' dir='ltr'>inno-</span> 
     </span>
    </p>
   </div>
  </div>
 </body>
</html>
