1769 3235
580 275 934 308 ANNo‘rArioNEs.
1357 266 1450 330 577

78 357 157 386 nus
183 342 452 387 Zummensis
471 379 481 397 ‚
522 342 567 387 in
596 342 814 388 Nurnidiae
831 343 1038 406 'primatu
1064 344 1260 391 decessor
1289 346 1451 393 Valen-

81 413 160 459 tini
193 414 455 460 Baianensis.
495 414 551 458 At
593 413 705 459 infra
740 433 782 461 n.
825 417 868 461 6.
918 416 1114 462 denotari
1149 417 1323 464 videtur
1356 420 1448 465 Va-

78 486 265 533 lentinus
281 489 371 551 ipse
387 525 398 544 ‚
423 488 499 552 qui
523 488 760 550 primatum
786 489 961 548 gerebat
986 507 1097 536 anno
1122 493 1229 554 419.
1263 503 1309 538 ut
1329 504 1449 557 patet

20 566 21 571 ’
78 577 125 606 ex
151 561 344 624 Epistola
380 560 588 625 synodica
628 560 935 607 Africanorum
971 573 1147 625 patrum
1182 565 1235 610 ad
1269 566 1450 613 Bonifa-

80 649 213 681 clum.

418 749 676 781 ANNOTATlo
716 732 817 796 (15)
854 750 953 795 pag.
1005 736 1104 797 174.

142 869 326 911 Fortean
353 865 427 912 hie
445 867 537 930 ipse
554 877 633 923 est,
657 865 734 930 qui
759 866 871 911 inter
897 865 1163 913 Milevitanae
1184 869 1341 931 synodi
1367 874 1453 916 Pa-

79 950 162 985 tres
181 939 431 986 nominatur
449 957 580 1003 supra
595 940 641 985 in
659 938 855 1002 Epistola
881 941 982 1002 176.

436 1096 695 1127 ANNOTATIO
733 1080 833 1143 (16)
869 1097 968 1144 pag.
1018 1084 1119 1145 176.

143 1219 212 1265 Ad
251 1236 342 1265 rem
379 1218 575 1265 sufficere
613 1220 856 1282 potuissent
892 1221 1169 1283 superiorum
1208 1232 1458 1287 temporum

75 1292 270 1356 exempla
289 1330 300 1349 ‚
336 1292 466 1338 etiam
498 1302 612 1338 extra
638 1291 828 1338 Africam
857 1293 1054 1355 quaesita.
1090 1294 1174 1340 Sed
1203 1299 1455 1359 praesentis-

75 1365 182 1410 sima
204 1365 401 1411 habebat
421 1383 468 1410 ea
486 1382 586 1429 quae
609 1364 799 1429 profert,
837 1368 870 1411 s'i
892 1366 1097 1412 nimirum
1117 1405 1128 1424 ‚
1156 1367 1201 1414 id
1223 1370 1343 1432 quod
1379 1389 1456 1418 ve-

75 1437 272 1483 rissimile
300 1448 386 1493 est,
422 1439 617 1502 episcopi
648 1438 712 1485 illi
732 1476 742 1495 ,
780 1449 828 1484 ut
861 1439 954 1502 ipse
988 1457 1161 1504 quoque
1202 1444 1417 1490 Antonius
1440 1483 1451 1499 ‚

74 1510 245 1574 Apiarii
269 1511 496 1574 presbyter
532 1511 648 1557 facto
683 1511 853 1557 incitati
882 1511 1168 1573 confugerant
1201 1516 1363 1578 pariter
1397 1517 1453 1564 ad

75 1582 326 1627 Romanum
352 1580 615 1638 antistitem,
654 1591 702 1626 ut
741 1584 833 1641 ejus
870 1584 1130 1629 auctoritate
1161 1585 1207 1630 in
1236 1585 1453 1648 integrum

76 1654 418 1700 restituerentur.

433 1801 692 1833 ΑΝΝοΤΑΤιο
730 1786 832 1850 (17)
868 1803 967 1849 pag.
1018 1805 1118 1852 ¹77·

138 1919 247 1965 Haec
273 1918 439 1965 idcirco
460 1918 776 1982 spargebantur
796 1918 843 1963 in
869 1918 1023 1979 vulgus
1046 1956 1057 1974 ‚
1095 1919 1215 1983 quod
1253 1920 1444 1968 Africani

72 2003 215 2057 patres
234 2010 313 2056 per
339 1991 386 2038 id
410 2002 582 2056 tempus
606 1990 960 2037 deliberationem
994 1992 1248 2039 habuissent
1268 2011 1355 2040 non
1379 2013 1447 2041 se·-

73 2066 158 2112 mel
180 2065 382 2112 adversus
407 2065 732 2129 Appellationes
748 2065 1056 2128 episcoporum
1082 2066 1241 2113 Africae
1264 2068 1320 2114 ad
1349 2070 1446 2115 Ro-

73 2157 247 2185 manam
268 2139 439 2185 Sedem.
457 2141 556 2196 Qua
579 2137 632 2184 de
647 2155 692 2184 re.
714 2138 995 2201 postmodum
1012 2139 1212 2186 scribunt
1232 2140 1287 2186 ad
1303 2141 1447 2205 ipsum

76 2214 358 2261 Coelestinum
383 2230 394 2258 :
432 2210 677 2275 impendio
702 2213 1038 2274 deprecamur,
1068 2224 1116 2257 ut
1142 2212 1360 2279 deinceps
1385 2217 1455 2262 acl

76 2299 255 2333 vestras
275 2304 414 2332 (iares
436 2287 545 2331 lzitzc
577 2290 822 2331 venientes
841 2286 1144 2344 nonfaciliiis
1168 2287 1447 2348 admittatis,

77 2379 163 2406 nec
182 2379 213 2405 α
235 2361 367 2406 nobis
388 2363 824 2406 excommunicatos
844 2363 892 2403 in
913 2361 1296 2406 communionem
1325 2362 1447 2407 ultra

76 2435 233 2480 velitis
261 2437 476 2497 excip6re
495 2451 507 2477 .-
542 2436 656 2496 quia
693 2433 783 2477 lzoc
825 2436 968 2476 etiam
1009 2436 1209 2479 Nicoefzo
1248 2435 1445 2482 concilio

77 2506 487 2568 deffinitamfizcile
508 2506 719 2550 advertet
740 2504 1075 2550 venerabilitas
1094 2517 1187 2551 tua.
1213 2511 1337 2554 Nam
1363 2513 1454 2554 etsi

76 2584 137 2629 de
167 2580 465 2642 inferioribus
494 2579 684 2627 Clericis
710 2579 788 2624 vel
817 2580 969 2625 Laicis
1003 2579 1197 2626 videtur
1225 2581 1295 2627 ibi
1307 2600 1439 2645 proe-

206 2670 390 2702 chvm.
1274 2655 1334 2719 37
