1769 3235
369 264 453 298 122
572 285 581 295 .
777 269 812 300 S.
853 266 1100 300 AUGUSTINI
1132 268 1332 301 EPISCOPJ

361 330 460 379 dem
476 352 536 390 re,
563 352 664 399 q'uae
684 335 744 381 illi
770 346 1008 397 posuerunt
1027 336 1269 383 obscurius.
1293 336 1404 382 Nam
1428 335 1738 400 Joscpliusqui

362 404 589 453 Juda'icam
616 407 788 470 scripsit
810 406 1034 453 historiam
1056 444 1066 463 ,
1099 407 1201 452 talia
1220 407 1332 453 mala
1358 407 1466 452 dicit
1484 407 1546 453 illi
1569 407 1736 470 populo

361 483 467 520 tunc
481 477 705 531 accidisse,
730 488 778 522 ut
800 477 867 523 vix
881 476 1108 523 credibilia
1127 477 1372 524 videantur.
1395 477 1521 523 Unde
1547 495 1636 523 non
1650 479 1736 524 im-

359 547 513 593 merito
541 548 710 594 dictum
735 558 812 603 est,
840 547 968 593 talem
991 548 1312 594 tribulationem
1330 565 1409 593 nec
1425 547 1557 593 fuisse
1578 566 1601 593 a
1619 565 1735 594 crea—

359 625 468 662 turae
489 618 638 674 initio,
669 635 749 664 nee
770 618 980 665 futuram.
1012 617 1098 664 Sed
1124 629 1166 664 et
1196 619 1229 663 si
1254 629 1449 681 tempore
1478 618 1736 666 Antichristi

360 685 454 731 talis
470 698 545 732 aut
560 692 698 748 major
716 688 895 734 forsitan
914 689 1013 744 erit,
1041 688 1371 748 intelligendum
1389 698 1451 734 est
1473 687 1526 733 de
1550 688 1625 734 illo
1649 706 1735 752 po-

353 755 460 818 pulo
480 757 668 815 dictum,
691 758 810 822 quod
834 758 870 803 ei
892 758 987 804 talis
1010 758 1199 820 amplius
1232 758 1382 804 futura
1420 774 1511 803 non
1541 758 1636 809 erit.
1689 759 1735 804 Si

357 827 473 872 enim
505 829 825 876 Antichristum
856 828 918 874 illi
956 829 1159 891 primitus
1193 840 1235 874 et
1257 829 1484 892 praecipue
1513 829 1734 892 recepturi

355 909 474 955 sunt,
503 899 699 946 facturus
728 911 789 946 est
821 910 929 945 tunc
951 900 1067 945 idem
1088 900 1281 963 populus
1303 899 1630 946 tribulationem
1649 917 1733 963 po-

353 967 439 1014 tius
459 986 594 1031 quam
610 987 829 1033 passurus.

417 1041 581 1089 XXXI.
613 1041 711 1086 Non
735 1050 796 1086 est
837 1057 937 1100 ergo
972 1055 1050 1086 cur
1075 1050 1278 1102 putemus
1301 1038 1604 1087 hebdomadas
1622 1057 1732 1103 pro-
1768 1064 1769 1077 π

352 1107 502 1170 phetae
527 1110 732 1167 Danielis,
753 1110 822 1157 vel
841 1120 1023 1173 propter
1045 1109 1214 1156 dierum
1256 1110 1575 1157 breviationem
1602 1110 1732 1157 fuisse
1767 1125 1769 1176 q

350 1178 562 1237 turbatas,
579 1179 646 1226 vel
662 1180 738 1227 illo
754 1184 845 1240 jam
862 1191 1055 1244 tempore
1072 1198 1160 1226 non
1170 1179 1299 1226 fuisse
1321 1181 1580 1244 completas,
1601 1180 1730 1227 sedin
1766 1186 1769 1242 j

351 1248 437 1293 fine
456 1250 604 1297 saeculi
629 1268 715 1297 esse
753 1251 1048 1314 complendas.
1077 1253 1176 1297 Non
1198 1251 1311 1297 enim
1337 1263 1462 1298 cante
1491 1252 1731 1315 passionem
1765 1249 1769 1314 ξ

352 1318 528 1366 Domini
551 1321 745 1384 impletae
769 1334 883 1370 sunt.
916 1322 1047 1379 Quod
1065 1323 1141 1385 qui
1162 1332 1318 1385 putant
1338 1359 1348 1379 ‚
1394 1323 1628 1369 rectissime
1657 1333 1732 1369 tua
1764 1326 1769 1395 'g

351 1392 560 1437 sententia
594 1391 868 1449 refelluntur,
906 1409 993 1456 qua
1032 1392 1174 1438 dixisti
1202 1411 1213 1437 :
1255 1393 1402 1439 «Haec
1425 1410 1525 1453 ergo
1557 1393 1728 1438 abomi-
1763 1401 1767 1442 l

352 1478 371 1500 2>
392 1461 508 1506 natio
523 1463 556 1508 si
573 1466 663 1522 jam
689 1464 906 1527 completa
925 1463 1083 1520 fuerat,
1103 1464 1328 1527 quomodo
1351 1465 1561 1513 Dominus
1583 1475 1729 1511 monet
1762 1456 1767 1497 ἶ

348 1550 371 1570 »
397 1541 437 1576 et
461 1530 587 1589 dicit,
631 1534 745 1580 Cum
780 1534 973 1581 videritis
1017 1535 1388 1581 abominationem
1423 1534 1724 1591 desolationis,

349 1620 370 1641 n
394 1601 515 1663 quod
535 1602 704 1649 dietum
728 1615 791 1650 est
814 1621 893 1668 per
920 1604 1142 1651 Danielem
1161 1605 1446 1668 proplietam,
1469 1615 1653 1651 stantem
1682 1604 1727 1650 in

348 1690 369 1711 ³>
392 1670 490 1716 loco
514 1684 690 1730 sancto,
722 1675 797 1737 qui
826 1675 930 1734 legit
962 1674 1238 1734 intelligatst?
1265 1675 1344 1720 His
1371 1674 1515 1722 verbis
1534 1675 1728 1721 beatitu-

343 1739 458 1786 dinis
482 1753 568 1789 tuae
607 1744 670 1790 illi
712 1747 866 1791 merito
890 1746 1136 1806 corrigendi
1171 1757 1287 1802 sunt,
1317 1747 1394 1809 qui
1423 1746 1578 1793 dicunt
1609 1764 1722 1802 eam,

345 1827 448 1856 cum
467 1812 565 1859 haec
591 1815 804 1861 Dominus
821 1816 1088 1879 loqueretur,
1107 1816 1176 1862 vel
1192 1827 1290 1862 ante
1308 1817 1551 1879 passionem
1579 1834 1724 1862 resur-

345 1881 669 1946 rectionemque
693 1889 784 1945 ejus
807 1886 938 1932 fuisse
962 1886 1242 1950 completam.
1270 1887 1360 1944 Qui
1388 1897 1530 1932 autem
1550 1887 1721 1944 dicunt,
1755 1889 1760 1948 l

343 1950 457 1997 siout
483 1955 751 2016 apertissime
773 1956 902 2001 etiam
929 1958 1069 2003 Lucas
1095 1957 1371 2017 Evangelista
1399 1967 1594 2013 testatur,
1617 1968 1724 2004 tunc
1754 1951 1759 2021 l

332 2019 461 2073 fuisse
473 2023 651 2080 factam,
672 2027 850 2089 quando
878 2043 1022 2072 eversa
1039 2038 1100 2073 est
1123 2028 1381 2084 Jerusalem,
1409 2028 1520 2092 quid
1537 2028 1596 2074 eis
1618 2046 1714 2075 res-
1753 2026 1758 2081 l

338 2093 584 2154 pondeatur
599 2095 743 2142 videre
759 2096 936 2154 debent,
953 2098 1028 2160 qui
1046 2098 1092 2143 in
1109 2099 1194 2143 fine
1207 2097 1356 2143 saeculi
1371 2098 1440 2143 vel
1454 2098 1571 2144 circa
1586 2099 1717 2145 finem
1752 2102 1756 2152 Ι

336 2163 580 2210 existimant
596 2166 695 2212 haec
709 2166 886 2218 futura;
912 2184 1166 2231 quanquam
1191 2168 1285 2229 ipsa
1309 2166 1586 2213 desolationis
1605 2168 1718 2214 abo·
1751 2157 1756 2220 l

335 2233 520 2285 minatio
555 2247 737 2299 propter
771 2237 1083 2283 obscuritatem
1122 2237 1232 2283 dicti
1269 2254 1357 2283 non
1381 2254 1468 2283 uno
1506 2237 1638 2285 modo
1663 2238 1720 2286 ab
1749 2238 1755 2294 l

339 2303 544 2350 omnibus
561 2306 752 2368 potuerit
770 2307 967 2367 intelligi.
1748 2317 1753 2355 l

403 2376 589 2422 XXXII.
617 2378 672 2422 Et
688 2377 808 2441 quod
827 2378 997 2424 dictum
1035 2390 1125 2425 est:
1149 2398 1170 2421 (ι
1197 2378 1287 2437 Qui
1319 2389 1381 2424 est
1408 2379 1605 2436 intecto,
1628 2397 1718 2426 non
1747 2371 1752 2450 j

336 2465 356 2486 ›>
372 2443 605 2492 descendat
631 2448 776 2494 tollere
795 2449 960 2514 aliquid
985 2449 1039 2495 de
1060 2449 1191 2495 domo
1223 2467 1323 2503 sua3
1349 2461 1389 2495 ct
1427 2450 1504 2513 qui
1527 2451 1570 2497 in
1593 2468 1712 2510 agro,
1746 2451 1751 2509 Ι

340 2535 362 2556 »
385 2531 474 2559 non
514 2529 759 2569 revertatur
802 2520 951 2565 tollere
988 2521 1183 2566 tunicam
1209 2538 1332 2567 suam
1352 2521 1422 2578 2,»
1451 2531 1572 2584 potes
1605 2538 1711 2567 con-
1745 2539 1749 2577 5

385 2597 532 2633 ¹Ma1th.
549 2601 1244 2648 xxiv,15,-21bid.,ets=1a1·c.x111‚15.
