1769 3235
275 243 369 302 488
693 262 729 292 s.
774 261 1017 293 mensum
1053 262 1257 294 Emscom

277 346 298 366 »
318 325 458 372 donec
481 325 625 372 omnia
649 326 757 372 fiant
776 325 813 382 1,
838 349 857 368 2>
879 343 978 373 cum
999 345 1253 392 exponerem
1277 327 1388 374 nihil
1421 327 1507 374 dixi
1527 344 1652 392 posse

282 395 401 441 aliud
427 395 636 457 intelligi,
676 397 755 442 nisi
785 397 1082 444 vehementem
1108 400 1384 462 perfectionis
1415 399 1653 462 expressio-

277 484 390 513 nem.
417 467 507 513 Ubi
525 468 677 513 merito
696 468 926 531 quaeritur‚
951 480 1099 516 utrum
1117 471 1197 515 ista
1215 470 1422 533 perfectio
1443 470 1501 515 sic
1519 468 1655 532 possit

275 537 486 597 intelligi,
516 549 563 583 ut
592 549 736 583 tamen
757 556 905 585 verum
931 540 1001 596 sit,
1026 541 1241 586 neminem
1260 544 1351 600 jam
1378 549 1569 586 utentem
1581 556 1654 584 vo-

278 608 459 655 luntatis
495 610 676 655 arbitrio
704 610 778 656 hie
811 611 953 656 vivere
988 612 1077 657 sine
1111 622 1309 674 peccato.
1350 614 1384 657 A
1419 628 1506 675 quo
1541 609 1656 655 enim

279 696 416 742 usque
441 679 495 724 ad
520 697 655 725 unum
675 681 842 743 apicem
864 681 927 726 lex
945 682 1098 744 perfici
1117 692 1277 744 potest,
1299 681 1381 727 nisi
1397 700 1418 727 a
1435 698 1522 745 quo
1546 681 1658 726 fiunt

281 750 479 795 universa
514 749 663 795 divina
701 751 942 796 mandata?
975 751 1058 797 Sed
1095 751 1138 795 in
1172 750 1331 797 eisdem
1360 751 1574 797 mandatis
1595 761 1658 796 est

280 820 408 866 etiam
427 820 547 884 quod
565 821 773 880 Jubemui·
795 820 938 865 dicere
959 858 968 876 ,
992 842 1010 861 «
1032 821 1212 866 Dimitte
1232 822 1359 867 nobis
1387 822 1535 867 debita
1562 837 1658 866 nos·

281 914 301 932 ›>
327 901 391 935 tra
412 928 421 941 ,
463 891 572 935 sicut
604 901 645 936 et
686 907 763 935 nos
804 890 1064 936 dimittimus
1089 891 1362 937 debitoribus
1400 892 1585 938 nostris2
1606 925 1616 946 ‚
1639 911 1658 932 »

280 979 411 1025 quam
425 962 662 1007 orationem
682 979 817 1025 usque
834 962 876 1007 in
895 964 1025 1008 finem
1046 963 1194 1008 saeculi
1211 973 1298 1008 tota
1320 963 1428 1009 dicit
1449 962 1653 1008 Ecclesia.

283 1033 442 1077 Omnia
463 1049 563 1091 ergo
585 1032 787 1077 mandata
808 1032 921 1078 facta
936 1032 1221 1096 deputantur,
1244 1033 1423 1097 quando
1444 1030 1660 1097 quidquid

286 1120 372 1148 non
398 1104 470 1152 fit.
494 1103 748 1162 ignoscitur.

349 1173 422 1218 lV.
456 1174 567 1218 Sane
589 1173 708 1236 quod
751 1174 808 1218 ait
848 1174 1085 1229 Dominus,
1127 1195 1146 1215 «
1173 1174 1453 1237 Quicumque
1492 1173 1665 1219 solverit

283 1265 303 1284 »
328 1260 463 1289 unum
485 1243 537 1289 de
560 1244 775 1290 mandatis
793 1245 881 1289 istis
906 1245 1117 1300 minimis,
1147 1256 1188 1290 et
1213 1245 1411 1290 docuerit
1433 1245 1492 1290 sic
1516 1282 1526 1301 ‚
1554 1255 1666 1290 etc.»

287 1331 423 1378 usque
442 1315 494 1360 ad
518 1332 615 1360 eum
636 1315 780 1361 locum
810 1316 885 1361 ubi
909 1316 965 1361 ait
981 1353 990 1371 ‚
1028 1337 1047 1355 «
1072 1315 1158 1360 nisi
1186 1316 1474 1361 abundaverit
1499 1315 1666 1376 justitia

289 1406 308 1424 »
329 1396 465 1430 vestra
495 1385 590 1448 plus
614 1402 745 1449 quam
773 1385 1027 1431 Scribarum
1047 1396 1088 1431 et
1113 1386 1456 1442 Pharisaeorum,
1489 1404 1574 1431 11011
1596 1386 1668 1431 in—

292 1476 311 1496 »
334 1456 505 1500 trabitis
525 1456 568 1500 in
597 1473 775 1514 regnum
805 1456 1018 1502 coelorum
1036 1457 1078 1512 3,
1107 1479 1125 1497 υ
1154 1457 1291 1502 multo
1320 1457 1471 1502 melius
1494 1468 1534 1501 et
1559 1473 1668 1502 con-

288 1525 530 1571 venientius
551 1526 725 1588 exposui
752 1526 796 1571 in
822 1526 913 1571 aliis
929 1527 1242 1589 posterioribus
1265 1527 1536 1572 sermonibus
1553 1525 1669 1581 meis,

283 1595 405 1658 quod
431 1596 559 1641 etiam
590 1596 663 1640 hic
699 1607 882 1642 retexere
902 1597 1079 1657 longum
1103 1608 1179 1643 est.
1209 1596 1275 1643 Ad
1299 1597 1386 1643 hoc
1412 1608 1554 1642 autem
1594 1597 1672 1641 iste

287 1667 349 1712 ibi
371 1667 628 1729 perducitur
650 1684 820 1722 sensus,
848 1679 896 1713 ut
919 1685 1066 1714 eorum
1089 1668 1326 1728 sitjustitia
1351 1672 1514 1728 major,
1541 1685 1672 1731 quam

294 1737 550 1783 Scribarum
573 1749 614 1782 et
643 1737 1000 1795 Pharisaeorum,
1038 1739 1114 1803 qui
1148 1739 1301 1784 dicunt
1331 1750 1372 1784 et
1390 1740 1571 1785 faciunt.
1611 1739 1675 1783 De

297 1809 463 1854 Scribis
485 1810 653 1872 quippe
685 1820 726 1854 et
750 1810 984 1855 Pharisaeis
1014 1810 1097 1856 alio
1121 1810 1220 1855 loco
1243 1811 1335 1873 ipse
1358 1811 1571 1855 Dominus
1595 1810 1670 1863 ait,

299 1900 317 1919 ι(
344 1880 507 1925 Dicunt
524 1880 637 1925 enim
657 1892 696 1925 et
717 1898 803 1927 non
828 1880 997 1926 faciunt
1014 1881 1048 1928 Δ.
1074 1904 1094 1923 »
1130 1881 1245 1927 lllud
1273 1882 1399 1927 etiam
1425 1881 1574 1926 melius
1606 1880 1676 1925 in-

303 1949 542 1995 telleximus
589 1961 737 2012 postea
771 1951 891 2014 quod
931 1952 1143 2015 scriptum
1180 1964 1270 2009 est,
1296 1974 1315 1993 «
1339 1952 1427 2008 Qui
1466 1951 1678 1997 irascatur

298 2020 460 2066 »fratri
487 2020 608 2067 suo⁵.
634 2043 653 2062 »
684 2022 866 2068 Codices
900 2023 1014 2068 enim
1038 2024 1168 2083 graeci
1199 2039 1287 2068 non
1306 2022 1473 2068 habent
1495 2060 1506 2078 ‚
1529 2043 1548 2063 c<
1577 2022 1679 2067 Sine

302 2114 321 2133 >2
339 2109 512 2147 causa‚»
536 2092 732 2138 sicuthic
750 2095 938 2156 positum
958 2104 1018 2139 est
1034 2112 1043 2138 :
1060 2096 1258 2157 quamvis
1275 2093 1389 2139 idem
1403 2093 1494 2156 ipse
1511 2093 1564 2138 sit
1579 2109 1679 2138 sen-

301 2179 385 2209 sus.
411 2162 527 2208 Illud
548 2163 663 2208 enim
687 2163 873 2209 diximus
891 2165 1150 2210 intuendum
1177 2203 1187 2221 ‚
1215 2163 1321 2228 quid
1345 2164 1399 2209 sit
1417 2164 1541 2209 irasci
1558 2164 1677 2210 fratri

303 2249 380 2279 suo
399 2270 409 2284 ,
453 2233 661 2297 quoniam
691 2252 779 2280 non
814 2234 936 2280 fratri
960 2235 1184 2291 irascitur,
1221 2234 1297 2298 qui
1321 2245 1503 2297 peccato
1538 2232 1682 2279 fratris

306 2304 521 2351 irascitur.
554 2305 642 2360 Qui
674 2322 774 2366 ergo
803 2305 952 2363 fratri,
988 2323 1076 2352 non
1107 2315 1290 2370 peccato
1324 2305 1555 2363 irascitur,
1593 2305 1682 2351 sine

306 2391 435 2420 causa
453 2386 670 2423 lrascitur.

374 2444 426 2492 V.
459 2446 567 2491 Item
591 2445 710 2509 quod
734 2446 821 2492 dixi
843 2485 855 2504 ,
882 2448 976 2493 Hoc
998 2459 1041 2493 et
1074 2449 1134 2493 cle
1149 2458 1291 2511 patre
1314 2457 1360 2492 et
1389 2447 1448 2492 de
1475 2458 1620 2492 matre
1640 2458 1688 2492 et

352 2548 361 2568 ¹
385 2545 502 2578 Matth.
533 2558 562 2584 v,
594 2549 646 2578 18.
666 2564 707 2570 -—
733 2545 748 2567 2
775 2547 820 2578 [d.
851 2559 895 2589 vi,
929 2558 981 2580 η.
1012 2566 1053 2572 -
1083 2544 1096 2568 3
1117 2547 1162 2578 Id.
1193 2558 1356 2587 v‚19.-
1373 2544 1571 2589 ⁴1d.xx111‚
1593 2548 1623 2578 3.
1640 2565 1683 2570 -—-

304 2601 388 2634 ⁵1d.
410 2612 439 2638 v,
463 2612 516 2634 αα.
