1769 3235
298 274 391 331 584
805 286 1164 317 ANNo‘rArloNEs.

292 354 532 410 fiuvialem
556 351 779 400 Abraham
794 369 856 397 ex
875 369 929 397 ecc
953 354 1143 415 regione
1163 351 1284 398 unde
1305 363 1504 408 venerat,
1523 352 1671 417 appel-

294 428 432 475 latum
464 438 601 492 putat.

641 567 900 598 ANNOTAno
942 551 1044 614 (30)
1078 567 1179 614 pag.
1224 551 1331 597 536.

365 673 595 719 Subtracta
632 674 739 720 hinc
771 691 875 721 voce
896 712 906 730 ‚
944 675 1155 719 libidinis
1180 709 1190 729 ‚
1231 673 1352 719 haud
1384 674 1486 720 satis
1513 675 1675 720 eratin

297 745 424 791 editis
449 748 732 810 perspicuum
763 764 850 810 quo
871 757 1036 810 spectet
1061 746 1184 791 locus
1201 757 1474 792 retractatus.
1496 748 1559 793 Eo
1576 765 1678 794 vero

297 830 466 882 spectat
487 857 496 875 ‚
527 831 573 866 ut
604 838 656 866 ne
674 839 695 866 a
720 820 885 865 carnali
913 819 1141 882 complexu
1164 856 1175 875 ,
1210 820 1407 882 quamvis
1431 820 1680 867 moderatus

299 893 353 938 sit
373 904 413 938 et
431 894 475 938 in
498 911 622 939 usum
650 893 891 938 naturalem
918 892 1135 947 red-actm,
1163 892 1308 938 abesse
1333 910 1524 956 unquam
1542 894 1680 940 libido

303 967 443 1012 omnis
466 967 743 1011 existimetur.
771 966 897 1011 Enim
929 982 1029 1011 vero
1051 982 1184 1029 quam
1211 966 1430 1026 originalis
1462 967 1556 1013 vitii
1574 984 1681 1012 cau-

299 1056 389 1084 sam
423 1056 509 1085 esse
544 1038 782 1085 identidem
824 1038 867 1084 S.
907 1039 1173 1099 Augustinus
1210 1039 1430 1095 inculcat,
1471 1043 1572 1103 ipse
1605 1040 1682 1085 ille

302 1111 458 1156 licitas
503 1112 818 1174 honestasque
842 1112 1119 1156 concubitus
1153 1128 1249 1156 non.
1266 1123 1424 1174 potest
1457 1129 1553 1157 esse
1582 1116 1684 1157 sine

299 1186 473 1230 ardore
497 1185 710 1230 libidinis
727 1222 737 1240 ,
776 1195 830 1229 ut
849 1189 1023 1248 peragi
1044 1189 1194 1246 possit
1214 1185 1346 1247 qaod
1373 1187 1567 1230 rationis
1591 1197 1680 1240 est,

302 1275 394 1303 non
418 1258 656 1315 libidinis,
689 1275 734 1304 ex
759 1257 837 1304 lib.
885 1276 921 1304 1.
958 1258 1011 1303 de
1036 1257 1174 1320 Nupt.
1219 1269 1261 1303 et
1293 1275 1482 1321 concup.
1528 1276 1565 1305 c.
1606 1261 1678 1315 24.

302 1331 402 1376 Huc
417 1331 562 1395 itaque
579 1348 626 1376 ex
642 1331 767 1376 MSS.
791 1332 1090 1395 antiquiorum
1111 1331 1197 1376 fide
1214 1333 1514 1378 revocavimus
1536 1349 1685 1378 vocem

301 1405 516 1450 lihidinis
540 1442 550 1459 ,
593 1404 647 1450 ad
679 1422 811 1468 quam
840 1416 1004 1468 septem
1026 1404 1127 1451 Mss.
1156 1403 1374 1471 adjiciunt
1396 1442 1407 1460 ‚
1434 1406 1680 1451 mam-alis.

303 1477 394 1522 Nec
418 1477 558 1523 male:
599 1479 708 1523 inest
735 1479 851 1523 enim
888 1478 1028 1524 libido
1067 1477 1122 1523 ab
1159 1478 1324 1537 origine
1359 1488 1400 1523 et
1438 1476 1690 1523 conditione

306 1550 528 1597 nascendi.

658 1685 918 1715 ΑΝΝοΤΑΤιο
956 1668 1055 1731 (31)
1089 1686 1189 1732 pag.
1235 1669 1342 1716 552.

384 1793 526 1839 Verba
548 1793 620 1842 illa
657 1794 772 1840 Sexti
804 1795 1063 1858 philosophi
1085 1812 1195 1851 esse,
1222 1795 1325 1855 legit
1348 1794 1458 1840 forte
1484 1793 1691 1853 Augusti-

312 1882 393 1912 nus
419 1866 538 1930 apud
574 1867 752 1914 Hieron.
797 1868 871 1931 qui
918 1868 1055 1931 Epist.
1104 1867 1158 1914 ad
1185 1868 1538 1931 Ctesiphontem,
1566 1877 1608 1912 et
1649 1866 1695 1911 in

317 1939 476 1986 Jerem.
502 1957 539 1986 c.
564 1955 621 1986 22
648 1951 689 1986 et
710 1940 753 1986 iu
768 1941 928 1987 Ezecb.
964 1941 1034 1988 18.
1058 1941 1214 1987 erroris
1231 1941 1464 1987 causamin
1483 1940 1696 1986 Rufinum

320 2012 465 2059 refert.
502 2014 612 2058 Eum
641 2014 753 2059 enim
779 2031 879 2060 cum
906 2014 1020 2059 Sexti
1043 2015 1272 2060 sententias
1302 2031 1324 2060 e
1355 2030 1496 2074 graeco
1525 2014 1571 2058 in
1604 2012 1699 2058 lati-

316 2102 422 2131 num
442 2086 634 2147 vertisset
664 2124 675 2143 ‚
696 2087 779 2133 sub
800 2087 975 2133 nomine
991 2089 1036 2133 S.
1062 2088 1175 2133 Xisti
1199 2087 1401 2150 martyris
1427 2086 1526 2131 ubis
1543 2086 1698 2131 Romae

241 2206 246 2207 ⁷
312 2158 508 2222 episcopi
528 2159 711 2206 edidisse
737 2161 1006 2207 criminatur.
1036 2161 1151 2206 Hinc
1172 2177 1306 2224 porro
1327 2159 1514 2206 lectitari
1536 2157 1698 2222 passim

319 2249 343 2277 a
363 2232 446 2295 piis
461 2231 581 2287 viris,
604 2233 706 2278 etin
733 2234 914 2279 modum
943 2234 1091 2290 anuli,
1122 2251 1253 2298 quem
1276 2250 1423 2279 earum
1451 2230 1700 2278 collectioni

318 2306 499 2353 titulum
540 2307 700 2354 fecerat
724 2310 930 2366 Rufinus,
959 2311 1004 2356 in
1029 2327 1160 2355 manu
1184 2327 1354 2373 semper
1375 2346 1386 2365 ‚
1416 2307 1609 2370 adeoque
1631 2305 1698 2352 fa-

320 2380 547 2427 millariter
590 2382 745 2428 haberi
783 2384 1000 2444 contigit,
1046 2395 1093 2429 ut
1133 2383 1234 2429 inde
1273 2381 1528 2429 sententiam
1570 2380 1613 2428 S.
1641 2381 1693 2428 P.

317 2453 578 2500 Benedictus
615 2455 660 2501 in
695 2455 856 2516 regulae
894 2473 982 2502 suae
1023 2473 1120 2519 cap.
1152 2474 1192 2520 7.
1233 2455 1465 2520 protulerit
1509 2454 1555 2499 in
1600 2453 1699 2499 haec

320 2527 454 2574 verba
480 2545 490 2573 z
519 2532 650 2575 Sicut
670 2535 897 2593 seriptum
923 2542 1019 2576 est:
1050 2535 1253 2594 Sapiens
1274 2530 1430 2576 verbis
1457 2531 1704 2575 innotescit

311 2618 497 2666 paucas.
