1769 3235
41 347 86 381 ln
107 332 245 379 Deum
270 332 524 390 credamus,
548 345 589 379 et
617 334 689 411 pie
706 334 931 393 vivamus,
961 354 1050 383 non
1075 339 1255 386 volentis
1270 358 1410 405 neque

41 404 276 461 currentis,
317 403 390 450 sed
415 404 652 450 miserentis
682 415 743 450 est
779 406 861 451 Dei
897 423 907 450 ε
948 423 1036 452 non
1069 410 1172 471 quia
1194 410 1302 457 velle
1323 428 1414 457 non

40 476 247 523 debemus
267 485 308 520 et
331 491 532 531 currere;
553 474 627 520 sed
650 475 751 538 quia
775 475 867 538 ipse
892 475 938 521 in
964 477 1089 523 nobis
1113 490 1154 524 et
1171 480 1278 526 velle
1300 498 1409 544 ope-

39 558 160 594 ratur
179 557 220 592 et
243 563 412 593 currere
428 545 461 592 4.
496 545 621 591 Unde
651 557 693 592 et
716 547 809 609 ipse
836 546 1048 594 Dominus
1075 549 1198 596 Jesus
1225 552 1410 598 creden-

33 630 102 682 tes
123 635 147 664 a
168 635 257 663 non
281 616 558 663 credentibus
574 654 585 674 ‚
612 616 659 662 id
691 628 769 674 est,
805 618 861 662 ab
886 618 962 663 irae
981 619 1091 665 vasis
1112 638 1210 667 vasa
1236 623 1409 668 miseri-

40 688 199 737 cordiae
223 687 468 733 discernens
484 727 496 745 ‚
526 710 547 731 «
574 689 711 734 Nemo
728 725 740 745 ,
778 687 945 751 inquit,
979 690 1102 735 venit
1127 691 1182 737 ad
1206 709 1274 737 me
1291 730 1302 749 ‚
1325 693 1411 739 nisi

39 782 61 805 ι)
81 759 210 805 fuerit
237 758 276 804 ei
301 758 456 804 datum
491 777 514 804 a
551 759 679 804 Patre
708 776 803 804 meo
823 759 857 804 2.
887 779 908 800 >2
942 760 997 804 Et
1031 760 1208 823 utique,
1248 772 1297 806 ut
1324 763 1413 808 hoc

38 831 228 884 diceret,
261 829 307 876 in
339 833 430 889 ejus
467 829 666 876 doctrina
696 828 870 876 fuerant
901 830 1180 877 scandalizati
1206 831 1414 895 discipuli

0 850 5 965 l
37 905 126 962 ejus
142 938 154 957 ,
181 900 258 963 qui
288 916 384 945 eum
407 911 556 963 postea
579 919 667 946 non
693 912 792 946 sunt
812 901 961 947 secuti.
986 901 1085 946 Non
1109 918 1209 961 ergo
1229 903 1413 961 gratiam

37 971 235 1018 dicamus
256 988 343 1017 esse
369 970 616 1017 doctrinam
637 1009 648 1029 ,
675 971 749 1017 sed
772 988 1053 1032 agnoscamus
1077 973 1256 1032 gratiam
1275 1009 1286 1028 ,
1310 989 1412 1036 quae

35 1041 138 1089 facit
167 1040 370 1104 prodesse
398 1041 643 1088 doctrinam
668 1060 678 1087 :
706 1059 807 1106 quae
835 1042 972 1102 gratia
996 1042 1030 1088 si
1054 1041 1163 1088 desit
1180 1080 1191 1100 ,
1214 1042 1412 1089 videmus

35 1112 162 1159 etiam
186 1112 334 1158 obesse
357 1112 619 1159 doctrinam.

98 1185 225 1231 XIII.
267 1185 504 1246 Propterea
535 1184 649 1228 Deus
680 1194 729 1228 ut
756 1183 902 1227 omnia
929 1182 1077 1228 futura
1109 1201 1243 1247 opera
1267 1185 1409 1231 suain

0 1252 5 1355 ¹,
36 1253 416 1320 praedestinatione
441 1253 730 1316 praesciverit,
752 1253 811 1298 sic
832 1252 907 1297 illa
937 1252 1176 1316 disposuit,
1203 1265 1253 1300 ut
1272 1271 1409 1318 quos-

4 1358 6 1363 ·
37 1326 136 1372 dam
159 1342 248 1370 non
267 1324 488 1370 credentes
507 1323 564 1369 ad
583 1323 714 1369 fidem
733 1340 853 1369 suam
869 1359 880 1376 ‚
908 1324 1122 1369 orationes
1140 1324 1412 1371 credentium

36 1413 117 1461 pro
141 1396 199 1441 eis
230 1394 526 1451 exaudiendo,
560 1404 814 1446 convertat3
850 1392 965 1438 unde
995 1393 1256 1451 refutentur,
1281 1405 1349 1452 et,
1379 1395 1415 1440 si

36 1467 107 1514 ille
125 1476 187 1512 est
211 1466 268 1511 eis
287 1465 507 1529 propitius
521 1502 532 1521 ,
561 1465 834 1523 corrigantur
852 1463 929 1527 qui
952 1474 1112 1526 putant
1129 1466 1312 1525 gratiam
1330 1466 1413 1511 Dei

37 1555 122 1585 esse
149 1548 346 1584 naturam
373 1536 501 1582 liberi
527 1535 697 1581 arbitrii
715 1552 815 1580 cum
836 1551 924 1598 qua
944 1535 1189 1590 nascimur3
1216 1546 1289 1582 aut
1309 1553 1411 1596 gra-

37 1609 141 1655 tiam
161 1609 240 1655 Dei
260 1625 346 1654 esse
370 1606 615 1652 doctrinam
631 1643 641 1663 ‚
674 1606 873 1669 quamvis
893 1605 1042 1652 utilem
1061 1643 1072 1662 ,
1096 1623 1196 1669 quae
1221 1624 1301 1670 per
1322 1606 1411 1652 lin-

39 1696 141 1740 guas
172 1689 215 1725 et
239 1679 401 1724 litteras
426 1677 710 1740 praedicatur.
742 1677 840 1721 Non
865 1676 979 1722 enim
1014 1676 1102 1722 hoc
1134 1693 1307 1723 oramus
1332 1695 1414 1741 pro

38 1749 304 1806 infidelibus,
329 1759 377 1794 ut
394 1749 471 1793 fiat
489 1764 636 1794 eorum
655 1757 829 1802 natura,
852 1746 899 1792 id
917 1758 996 1803 est,
1020 1757 1068 1792 ut
1084 1747 1283 1793 homines
1300 1748 1412 1802 sint3

38 1832 113 1867 aut
138 1832 185 1867 ut
208 1819 408 1866 doctrina
427 1819 485 1864 eis
510 1818 795 1882 praedicetur‚
821 1835 955 1881 quam
975 1817 1089 1863 malo
1109 1835 1185 1864 suo
1206 1818 1410 1876 audiunt,

37 1891 72 1937 si
94 1909 182 1937 non
210 1890 422 1943 credunt3
455 1901 496 1935 et
521 1889 780 1953 plerumque
803 1906 883 1951 pro
913 1891 970 1933 eis
990 1906 1163 1934 oramus
1179 1927 1191 1945 ,
1211 1891 1286 1953 qui
1311 1907 1414 1936 cum

0 1959 2 1983 ἱ
37 1960 179 2022 legant
204 1962 270 2008 vel
306 1961 512 2016 audiant,
540 1959 698 2006 nolunt
730 1959 903 2006 credere
928 1976 938 2004 :
966 1959 1039 2004 sed
1070 1977 1241 2006 oramus
1263 1972 1312 2007 ut
1330 1978 1414 2008 vo—

38 2031 181 2078 luntas
199 2032 460 2092 corrigatur,
481 2031 695 2077 doctrinae
717 2030 1029 2085 consentiatur,
1046 2041 1201 2077 natura
1221 2043 1408 2079 sanetur.

101 2103 220 2150 XIV.
259 2103 285 2147 J
291 2119 460 2149 amvero
492 2112 541 2147 ut
572 2111 844 2165 perseverent
867 2101 912 2146 in
937 2118 986 2146 eo
1009 2100 1130 2163 quod
1147 2118 1234 2148 esse
1259 2119 1415 2166 coepe-

39 2186 172 2231 runt,
206 2173 336 2220 etiam
369 2190 450 2237 pro
481 2190 523 2218 se
551 2173 656 2236 ipsis
686 2182 811 2217 orant
839 2171 998 2218 fideles.
1028 2171 1141 2217 Utile
1162 2184 1225 2218 est·
1243 2174 1414 2236 quippe

41 2246 242 2293 omnibus
258 2244 327 2290 vel
350 2261 458 2306 pene
476 2243 680 2289 omnibus
699 2253 881 2307 propter
902 2241 1194 2288 humilitatem
1211 2242 1412 2289 saluber-

40 2318 219 2372 rimam,
240 2327 290 2361 ut
313 2314 460 2377 quales
483 2313 622 2359 futuri
651 2313 763 2370 sint,
796 2313 903 2358 scire
921 2330 1009 2358 non
1028 2314 1209 2376 possint.
1238 2313 1307 2360 Ad
1327 2314 1414 2361 hoc

0 2433 2 2439 ,
41 2387 218 2443 dicitur,
245 2407 265 2428 ε(
290 2385 380 2442 Qui
402 2384 519 2431 videt
523 2401 575 2429 ur
598 2394 727 2441 stare,
750 2384 896 2430 videat
914 2401 968 2429 ne
990 2384 1118 2430 cadat
1133 2385 1166 2432 3.
1187 2406 1209 2427 »
1225 2386 1413 2449 Propter

19 2457 170 2518 *hujus
192 2457 360 2504 timoris
391 2455 652 2512 utilitatem,
682 2473 736 2501 ne
755 2455 994 2515 regenerati
1018 2466 1059 2500 et
1081 2455 1153 2519 pie
1180 2456 1324 2503 vivere
1345 2457 1412 2503 in-

39 2529 268 2593 cipientes,
303 2538 511 2591 tanquam
543 2526 682 2572 securi
714 2492 825 2572 altaD
833 2526 1079 2589 sapiamus,
1110 2527 1292 2591 quidam
1323 2545 1414 2574 non

87 2612 98 2635 ¹
116 2611 232 2654 Philip.
253 2621 291 2650 11,
310 2614 360 2642 13.
376 2630 421 2635 ——
435 2609 559 2644 2Joan.
582 2619 627 2655 w,
644 2612 701 2642 65.
715 2629 759 2635 -
776 2608 790 2633 3
813 2623 825 2642 1
845 2613 917 2644 Cor.
934 2622 968 2655 x,
993 2622 1046 2645 12.

169 2682 352 2714 cxnvm.
1236 2670 1290 2715 15

0 264 52 670 ἐ
519 267 732 298 ΕΡῙεΤοιΑ
768 269 933 301 ccxvu
1316 275 1374 307 22
1382 279 1408 306 )

1 672 6 693 l
