1769 3235
335 235 429 282 526
738 251 771 280 s.
819 250 1059 282 Aucusrmx
1093 251 1296 283 EPlscorx

332 315 523 373 adsolet,
546 315 738 362 irritatus
759 353 770 373 ‚
799 333 963 362 morem
982 317 1058 381 qui
1079 328 1183 364 tunc
1211 335 1296 364 esse
1321 317 1440 382 apud
1468 319 1706 382 Carthagi·
1767 379 1769 385 y

334 401 432 431 nem
455 397 674 450 coeperat,
703 397 751 433 ut
775 386 931 449 hymni
949 387 1004 433 ad
1023 388 1154 435 altare
1174 389 1423 436 dicerentur
1447 389 1501 436 de
1516 391 1707 445 Psalmo·
1766 390 1769 398 ⁴

333 472 430 502 rum
450 456 566 503 libro
581 494 592 513 ,
609 457 698 504 sive
721 469 818 503 ante
841 458 1126 517 oblationem,
1148 460 1234 506 sive
1253 477 1352 506 cum
1373 460 1708 510 distribueretur
1767 451 1769 465 ⁴

332 527 498 590 populo
534 528 654 591 quod
683 528 831 574 fuisset
866 529 1062 575 oblatum
1083 568 1092 586 ‚
1134 531 1347 577 maledica
1371 532 1708 595 reprehensione

332 598 601 663 ubicumque
614 611 785 663 poterat
803 600 1046 656 lacerabat,
1070 618 1253 646 asserens
1272 602 1363 647 fieri
1382 619 1468 648 non
1485 615 1700 667 oportere.

332 668 446 714 Huic
468 670 673 734 respondi
694 671 953 730 jubentibus
969 670 1194 726 fratribus,
1209 682 1251 717 et
1268 684 1450 718 vocatur
1466 673 1577 720 liber
1595 675 1704 737 ipse,

335 743 506 785 Contra
540 743 784 788 Hilarum.
824 743 907 787 Hic
940 741 1084 787 111)01·1
1110 742 1171 788 510
1197 742 1352 806 incipit
1375 762 1386 788 z
1429 747 1525 803 Qui
1545 744 1711 791 <licant

332 816 621 857 mentionem
647 815 824 858 Veteris
851 817 1151 859 Testamenti.

861 1088 1035 1132 CAPUT
1068 1090 1161 1133 XII,

547 1215 814 1267 Quoestc‘ones
838 1215 1208 1273 Evangc‘lioram,
1240 1216 1346 1260 libri
1377 1218 1475 1260 duo.

389 1356 508 1401 SrN'r
546 1354 754 1418 quaedam
790 1354 1075 1418 expositiones
1111 1353 1406 1418 quorumdam
1433 1354 1631 1411 locorum
1655 1374 1703 1402 ex

325 1425 558 1487 Evangelio
581 1424 820 1471 secundum
847 1422 1129 1480 matitunum,
1151 1436 1193 1470 et
1218 1424 1311 1471 aliae
1329 1426 1525 1473 similiter
1544 1443 1702 1473 secun-

321 1498 425 1546 dum
458 1499 622 1543 Lucam
652 1514 660 1541 :
692 1497 732 1541 in
756 1513 888 1542 unum
915 1497 1079 1542 librum
1100 1497 1188 1542 illae
1207 1534 1217 1552 ‚
1246 1497 1290 1542 in
1310 1497 1491 1543 alterum
1518 1497 1611 1544 istae
1630 1515 1702 1544 re-

319 1569 459 1615 dactae
515 1578 629 1615 sunt.
676 1567 849 1613 Titulus
895 1569 1051 1632 Operis
1090 1568 1221 1627 liujus
1261 1579 1321 1613 est
1350 1586 1360 1613 z
1411 1570 1702 1627 Qucestiwzes

322 1639 698 1704 Evangeliorusn.
733 1638 815 1683 Sed
834 1655 975 1701 quare
997 1637 1067 1683 illa
1091 1638 1178 1683 sola
1204 1637 1257 1683 de
1278 1637 1541 1701 supradictis
1561 1639 1700 1685 Evau-

321 1711 466 1771 gelicis
489 1710 611 1756 libris
648 1710 841 1773 exposita
867 1710 1051 1765 fuerint,
1078 1726 1179 1773 quae
1207 1709 1274 1754 his
1307 1708 1429 1754 libris
1453 1709 1554 1755 meis
1587 1726 1698 1755 con-

321 1783 512 1827 tinentur
532 1818 541 1835 ‚
585 1790 626 1825 et
665 1797 762 1844 quse
803 1781 881 1826 ista
913 1780 999 1826 sint
1025 1818 1035 1836 ‚
1065 1779 1271 1843 prologus
1296 1796 1415 1825 meus
1434 1817 1444 1836 ,
1484 1779 1700 1841 adjunctis

322 1865 450 1917 atque
478 1851 770 1897 annumeratis
799 1851 957 1897 eisdem
983 1850 1326 1914 quaestionibus,
1346 1850 1411 1895 'ita
1446 1863 1492 1896 ut
1517 1850 1699 1916 quisque

317 1925 455 1985 legere
491 1923 607 1986 quod
647 1922 860 1973 voluerit,
904 1939 1106 1968 numeros
1132 1932 1305 1967 secutus
1344 1922 1559 1977 inveniat,
1599 1921 1698 1967 satis

317 1996 496 2042 indicat..
533 1996 578 2038 111
599 1993 743 2056 primo
776 2010 875 2052 crgo
912 1992 1025 2037 libro
1062 1993 1106 2037 in
1141 2009 1189 2037 eo
1221 1991 1340 2055 quod
1369 1993 1561 2055 positum
1594 2002 1692 2046 est,

318 2071 566 2112 Dominam
593 2063 1001 2109 ,reorswtzdaolms
1035 2062 1279 2126 ‹fll'set'pull's
1310 2080 1445 2107 utam
1487 2062 1695 2107 retulisse

307 2142 585 2200 passionem
610 2173 615 2179 .
642 2133 905 2179 mendositas
930 2133 1094 2179 codicis
1130 2150 1206 2178 nos
1229 2133 1377 2178 fefellit
1401 2151 1411 2178 :
1438 2150 1555 2189 narn,
1577 2133 1694 2177 cluo-

311 2205 514 2260 cleez'm1,
545 2206 758 2269 scriptum
781 2215 842 2250 est
860 2242 869 2258 ‚
895 2222 981 2250 non
1002 2242 1011 2257 ,
1045 2205 1246 2249 dnobus.
1281 2205 1329 2248 ln
1352 2203 1542 2250 secundo
1573 2202 1690 2248 libro

309 2280 457 2325 volens
482 2293 693 2339 exponere
726 2275 946 2339 quomodo
974 2276 1084 2320 duos
1124 2286 1264 2337 patres
1302 2276 1493 2338 potuerit
1529 2273 1692 2320 habere

307 2349 471 2413 Joseph
493 2385 504 2403 ‚
528 2350 654 2407 cujus
673 2350 832 2406 conJ'ux
853 2345 971 2393 dicta
992 2356 1053 2392 est
1077 2347 1198 2405 virgo
1225 2346 1363 2392 Maria
1383 2384 1392 2401 ‚
1421 2345 1531 2391 illud
1566 2344 1688 2408 quod

301 2419 560 2485 perhibetur
593 2415 770 2463 fratrem
806 2415 976 2462 duxisse
998 2415 1198 2462 defuncti
1223 2414 1369 2462 fratris
1393 2432 1567 2462 uxorem
1588 2451 1599 2471 ‚
1638 2425 1686 2460 ut

295 2492 331 2537 ei
366 2505 508 2536 semen
545 2484 788 2533 secundum
818 2487 974 2547 Legem
1011 2486 1235 2534 suscitaret
1260 2523 1270 2543 ,
1300 2484 1397 2533 ideo
1423 2484 1509 2533 dixi
1534 2506 1554 2528 α
1583 2485 1683 2533 Esse

340 2594 350 2613 ¹
370 2591 443 2623 Nou
462 2592 559 2620 mat.
583 2605 616 2612 υ
636 2583 650 2609 2
671 2585 791 2622 Matth.
809 2597 863 2631 xx,
885 2599 939 2628 17·
