1769 3235
361 297 449 345 272
777 293 814 323 S.
857 290 1102 323 AUGUSTINI
1136 291 1342 324 EPISCOPI

352 371 549 407 sanctum
578 359 718 415 daret,
746 369 795 404 ut
816 358 934 403 bona
958 358 1179 421 operando
1203 359 1332 404 etiam
1365 369 1573 406 aeternam
1594 360 1728 408 vitam
1760 359 1763 363 ’

350 441 700 494 consequeretur.
733 428 985 474 Dicitenim
1012 429 1271 492 Apostolus:
1295 449 1315 470 c<
1342 429 1464 475 Idem
1501 431 1616 477 Deus
1651 431 1730 494 qui

347 523 368 544 »
386 512 594 566 operatur
616 500 761 546 omnia
782 499 827 544 in
848 499 1053 544 omnibus
1071 498 1104 546 1.
1126 521 1146 541 »
1188 502 1413 562 Nusquam
1448 511 1591 546 autem
1626 501 1726 547 dic-

346 584 440 619 tum
459 583 521 618 est
545 573 661 618 Deus
685 570 823 618 credit
839 570 985 616 omnia
1002 571 1047 616 in
1066 571 1284 617 omnibus.
1328 570 1459 627 Quod
1482 572 1597 618 enim
1625 589 1723 618 cre-
1762 611 1764 615 ,

344 643 506 700 dimus,
527 654 723 689 nostrum
744 652 834 688 est:
856 642 974 704 quod
994 652 1137 687 autem
1157 658 1404 704 operamur,
1431 641 1575 704 illius]
1599 661 1609 688 :
1636 664 1656 685 «
1670 644 1726 690 Et

343 726 500 761 caetera
518 715 564 760 in
581 713 732 760 eodem
761 729 890 776 opere
911 732 922 766 3
943 728 1044 775 quae
1061 729 1102 757 se
1122 722 1348 774 acceptare
1368 722 1408 757 et
1433 713 1624 775 probare
1646 724 1724 759 tes·
1755 743 1765 790 ᾗ

345 797 476 841 tatur,
506 796 711 848 tanquam
735 783 1035 829 convenientia
1055 782 1313 841 evangelicae
1341 783 1527 829 veritati.
1559 805 1579 824 »

402 857 477 905 IV,
503 860 751 902 «Caeterum
769 853 1088 917 praescientiam
1112 863 1152 898 et
1175 852 1625 916 praedestinationem,
1652 853 1722 900 vel
1754 848 1765 895 ἱ.

337 928 633 993 propositum,
656 924 711 971 ad
735 924 781 969 id
801 923 939 969 valere
974 923 1261 979 contendunt,
1290 934 1338 969 ut
1361 941 1431 969 eos
1457 925 1717 987 praescierit,

336 999 404 1046 vel
424 994 822 1062 praedestinaverit,
844 994 914 1041 vel
940 994 1223 1057 proposuerit
1254 993 1426 1054 eligere,
1446 994 1524 1057 qui
1546 993 1722 1041 fuerant
1754 1037 1764 1066 ἱ

336 1068 558 1116 credituri.
584 1068 674 1112 Nec
693 1064 845 1111 dehac
871 1064 958 1110 fide
976 1081 1101 1127 posse
1113 1063 1203 1109 dici
1225 1082 1235 1109 :
1257 1086 1278 1105 «
1302 1064 1422 1121 Quid
1440 1064 1577 1110 habes
1598 1065 1720 1128 quod
1756 1075 1766 1120 ξ

335 1157 455 1185 »non
470 1137 675 1200 accepisti
695 1137 742 1181 2?
762 1159 780 1177 n
801 1151 902 1181 cum
924 1135 970 1180 in
991 1134 1139 1180 eadem
1159 1146 1315 1180 natura
1333 1135 1602 1191 remanserit,
1618 1136 1720 1182 licet
1757 1158 1763 1189 ς

331 1211 500 1267 vitiata,
523 1226 622 1272 quae
633 1208 754 1271 prius
769 1225 871 1253 sana
892 1224 941 1252 ac
955 1206 1146 1269 perfecta
1166 1206 1323 1252 donata
1337 1208 1405 1252 sit.
1426 1207 1559 1262 Quod
1573 1218 1718 1254 autem
1751 1237 1764 1250 ·.

332 1281 438 1328 dicit
479 1280 685 1325 sanctitas
718 1289 791 1324 tua
821 1278 1037 1323 neminem
1074 1294 1367 1340 perseverare,
1408 1278 1490 1322 nisi
1512 1295 1717 1340 perseve-
1754 1315 1760 1319 .

329 1351 456 1398 randi
482 1351 641 1397 virtute
674 1359 878 1411 percepta
896 1367 906 1400 ;
944 1347 1156 1392 hactenus
1185 1347 1427 1409 accipiunt,
1465 1358 1514 1392 ut
1555 1348 1716 1410 quibus
1754 1338 1765 1388 ἶ

328 1423 475 1479 datur,
502 1420 631 1466 inerti
654 1420 772 1474 licet,
796 1417 1063 1481 przecetleuti
1083 1429 1224 1463 tamen
1249 1418 1432 1481 proprio
1453 1418 1611 1464 abitrio
1634 1420 1716 1464 tri«-

327 1494 517 1539 buatur:
554 1490 672 1554 quod
695 1489 749 1534 ad
774 1489 860 1534 hoc
887 1499 1057 1534 tantum
1081 1489 1271 1534 liberum
1298 1499 1513 1545 asserunt,
1540 1500 1587 1534 ut
1610 1489 1714 1535 velit
1752 1487 1764 1528 2-

326 1564 395 1610 vel
413 1563 522 1608 nolit
554 1561 781 1607 admittere
818 1559 1093 1604 medicinam.
1117 1564 1336 1605 Caeterum
1365 1569 1406 1604 et
1429 1559 1512 1623 ipsi
1531 1560 1708 1605 abomi-

328 1635 423 1681 nari
437 1651 478 1680 se
497 1644 539 1678 et
557 1632 764 1678 dammare
783 1640 1010 1686 testantur,
1040 1631 1073 1674 si
1095 1631 1190 1693 quis
1215 1630 1459 1693 quidquam
1483 1630 1642 1676 virium
1664 1630 1709 1676 in
1752 1630 1765 1663 ⁴·

326 1706 473 1769 aliquo
493 1702 759 1758 remansisse,
789 1718 878 1764 quo
898 1702 952 1747 ad
965 1701 1188 1746 sanitatem
1203 1701 1408 1764 progredi
1428 1701 1578 1764 possit,
1603 1701 1708 1746 exis-

324 1777 460 1822 timet.
494 1773 658 1820 Nolunt
678 1782 821 1817 autem
844 1772 904 1817 ita
926 1772 1042 1816 hanc
1060 1772 1421 1834 perseverantiam
1446 1772 1698 1835 praedicari,

323 1857 370 1893 ut
404 1863 491 1892 non
516 1844 583 1890 vel
616 1842 873 1906 suppliciter
898 1843 1093 1897 emereri,
1122 1842 1189 1886 vel
1213 1842 1352 1887 amitti
1383 1842 1698 1888 contumaciter

321 1918 472 1981 possit.
508 1916 597 1960 Nec
625 1913 678 1958 ad
704 1913 919 1959 incertum
936 1912 1173 1958 voluntatis
1193 1913 1269 1957 Dei
1286 1911 1444 1958 deduci
1462 1930 1504 1958 se
1523 1912 1694 1968 volunt,

320 1988 398 2033 ubi
436 1986 494 2031 eis
531 1994 746 2047 quantum
770 1993 930 2046 putant
955 1983 1005 2027 ad
1032 1982 1323 2028 obtinendum
1365 1982 1433 2028 Vel
1458 1982 1698 2028 admitten-
1754 2028 1755 2031 ,

320 2058 445 2114 dum,
473 2055 647 2101 evidens
674 2064 735 2099 est
760 2053 1078 2117 qualecumque
1102 2053 1276 2098 initium
1297 2053 1555 2098 voluntatis.
1579 2053 1697 2099 lllud

319 2130 446 2175 etiam
469 2125 766 2172 testimonium
793 2124 913 2187 quod
944 2125 1145 2187 posuisti,
1167 2146 1187 2165 α
1213 2125 1384 2187 Raptus
1411 2135 1472 2169 est
1492 2141 1545 2169 ne
1569 2124 1699 2170 mali-

318 2223 338 2244 »
367 2200 425 2245 tia
449 2206 636 2243 mutaret
653 2194 921 2241 intellectum
949 2195 1093 2254 ejus33
1120 2216 1139 2235 υ
1161 2205 1370 2257 tanquam
1394 2211 1482 2240 non
1510 2195 1695 2240 canoni-

315 2288 417 2318 cum
457 2267 673 2314 definiunt
703 2265 1011 2312 omittendum.
1056 2266 1180 2311 Unde
1214 2266 1332 2311 illam
1376 2266 1697 2330 praescientiam

314 2342 374 2388 sic
401 2338 644 2401 accipiunt,
669 2347 715 2382 ut
736 2347 916 2399 propter
945 2336 1076 2382 fidem
1104 2337 1294 2381 futuram
1323 2336 1595 2396 intelligendi
1613 2337 1698 2382 sint

315 2409 506 2476 praesciti
531 2425 541 2452 :
564 2424 642 2452 nec
663 2407 734 2453 cui
756 2407 883 2452 talem
914 2406 1010 2452 clari
1035 2408 1419 2469 perseverantiam,
1451 2425 1474 2452 a
1500 2424 1586 2470 qua
1608 2424 1696 2452 non

309 2481 589 2547 permittatur
626 2477 926 2540 praevaricari3
948 2476 1020 2524 sed
1062 2495 1186 2541 aqua
1207 2478 1341 2541 possit
1375 2494 1452 2524 sua
1470 2477 1694 2524 voluntate

311 2553 494 2600 deficere
512 2559 555 2595 et
576 2548 802 2595 infirmari.
834 2569 854 2591 >2

359 2638 369 2661 ¹
391 2649 403 2668 x
423 2638 499 2669 Cor.
515 2643 576 2672 xu,
592 2634 624 2665 6.
640 2651 680 2657 —-—
696 2631 712 2654 ‘²
730 2632 778 2665 [d.
798 2643 842 2671 iv,
864 2643 896 2674 7.
919 2651 964 2657 —-
979 2630 992 2656 3
1011 2634 1219 2676 Sap,1v‚11.
