1769 3235
306 270 398 329 304
727 285 760 313 s.
804 282 1050 313 Auensrlm
1088 281 1290 313 Episcom

305 352 551 398 notissimus
567 367 578 399 ς
595 350 676 394 nisi
698 348 807 394 forte
825 352 914 408 jam
937 347 989 393 de
1012 346 1145 393 salute
1171 346 1280 410 ipsa,
1301 365 1401 411 quae
1421 349 1463 394 in
1488 350 1677 396 Domino

307 434 391 477 est,
419 438 497 485 per
532 437 661 484 quem
690 437 756 464 me
791 419 974 464 salutare
1003 418 1197 464 voluistis
1219 455 1230 472 ‚
1266 418 1439 464 tandem
1476 421 1682 484 prudenti

309 492 653 539 consideratione
677 490 888 550 cogitatis,
913 491 1020 534 Nam
1043 490 1073 534 si
1102 507 1188 535 non
1214 490 1269 534 ita
1295 500 1388 545 est,
1409 506 1557 553 quaeso
1579 509 1679 549 VOS,

310 563 416 627 quid
450 562 537 607 laesi
557 599 566 617 ‚
598 561 703 624 quid
740 559 897 606 offendi
923 560 1266 605 benevolentiam
1295 571 1477 606 vestram
1500 599 1510 616 ‚
1540 573 1587 608 ut
1618 580 1685 609 me

313 632 438 679 titulo
463 631 671 695 Epistolae
693 644 844 676 vestrae
865 630 1135 676 irridendum
1162 631 1304 692 potius
1322 648 1452 693 quam
1474 631 1687 679 honoran-

311 702 417 748 dum
440 719 526 748 esse
549 701 759 765 putaretis
778 738 789 756 ‚
818 700 988 746 domini
1022 699 1330 762 praedicabiles
1359 711 1400 746 et
1423 700 1687 749 dilectissimi

311 774 493 820 fratres?

379 845 437 890 ΙΙ.
468 843 599 900 Quod
623 844 736 889 enim
763 842 992 903 scripsistis
1014 879 1024 895 ‚
1063 843 1198 886 Patri
1224 848 1486 905 Augustino
1512 849 1560 890 in
1589 849 1689 891 Do-

311 919 437 960 mino
459 924 687 960 (eternam
723 913 924 957 salcclesn
948 948 958 966 ‚
988 928 1087 956 cum
1112 911 1294 971 legerem
1317 950 1327 967 ‚
1356 924 1472 960 tantu
1500 932 1575 978 spe
1613 932 1689 960 su-

314 986 408 1031 bito
428 995 592 1029 erectus
616 1001 708 1029 sum
731 1020 741 1036 ,
766 993 814 1028 ut
837 982 1054 1027 crederem
1077 1000 1151 1028 vos
1175 983 1227 1028 ad
1254 983 1396 1046 ipsum
1423 986 1655 1032 Dominum
1675 1023 1685 1043 ,

314 1066 355 1102 et
382 1054 435 1100 ad
463 1055 601 1117 ipsam
634 1064 839 1099 veternam
873 1052 1053 1098 sulutem
1080 1064 1155 1098 aut
1183 1057 1273 1112 jam
1309 1072 1394 1101 csse
1430 1073 1657 1102 conversos
1677 1093 1688 1111 ,

319 1137 392 1171 aut
425 1143 500 1188 per
535 1135 729 1170 nostrum
756 1123 1038 1169 ministerium
1078 1123 1321 1170 desiderare
1354 1126 1562 1171 converti.
1608 1126 1692 1172 Sed

321 1195 398 1242 ubi
427 1195 504 1254 legi
525 1206 705 1249 aetem,
731 1193 928 1255 refriguit
955 1194 1123 1239 animus
1159 1212 1290 1241 meus.
1334 1196 1523 1252 Qua‘sivi
1554 1207 1695 1242 tamen

320 1267 376 1313 ab
403 1265 610 1329 Epistolae
633 1266 872 1329 perlatore,
895 1276 1038 1310 utrum
1062 1269 1153 1324 jum
1174 1266 1239 1311 vel
1264 1268 1406 1312 essetis
1432 1267 1691 1323 Christiani,

318 1337 386 1382 vel
406 1354 491 1382 esse
509 1337 735 1399 cuperetis.
772 1338 852 1396 Cuj
864 1353 907 1381 us
933 1336 1209 1398 responsione
1238 1348 1385 1400 postea
1414 1354 1542 1400 quam
1573 1354 1696 1383 com-

320 1407 440 1471 peri,
470 1424 743 1470 nequaquam
764 1424 837 1452 vos
861 1424 946 1451 esse
967 1417 1179 1462 mutatos,
1210 1407 1381 1466 gravius
1405 1407 1553 1464 dolui,
1579 1407 1698 1470 quod

322 1477 486 1523 Christi
523 1494 706 1532 nomen,
743 1478 812 1523 cui
849 1480 937 1536 jum
975 1487 1114 1522 totum
1154 1478 1303 1522 orbem
1332 1478 1577 1537 subjectum
1611 1494 1697 1524 esse

320 1549 570 1612 conspicitis
588 1585 598 1604 ,
626 1566 712 1594 nou
749 1548 885 1594 solum
913 1566 935 1592 a
964 1549 1087 1593 vobis
1110 1548 1429 1611 repellendum,
1464 1548 1536 1593 secl
1568 1549 1696 1594 eiiam

321 1621 364 1666 in
387 1619 511 1665 nobis
529 1619 797 1665 irridendum
827 1636 912 1664 esse
933 1618 1189 1665 credidistis.
1221 1621 1316 1664 Non
1343 1620 1455 1665 enim
1486 1620 1605 1682 potui
1628 1636 1697 1664 co-

321 1691 454 1750 gitare
472 1689 653 1735 alterum
677 1690 932 1743 Dominum,
956 1689 1195 1734 secundum
1213 1707 1341 1752 quem
1363 1701 1504 1752 posset
1524 1689 1696 1752 episco-

322 1773 557 1825 puspater
577 1779 600 1806 a
624 1761 750 1807 vobis
786 1761 958 1812 vocari,
997 1772 1156 1823 praeter
1180 1761 1416 1806 Dominum
1445 1760 1688 1805 Christum.

321 1832 422 1878 Etsi
442 1832 661 1877 essethinc
687 1831 833 1894 aliqua
856 1830 909 1876 de
934 1831 1286 1893 interpretatione
1307 1830 1696 1877 vestraesententiae

322 1902 542 1948 dubitatio
559 1939 569 1958 ,
595 1903 915 1965 subscriptione
936 1902 1145 1965 Epistolae
1170 1903 1416 1956 tolleretur,
1444 1902 1520 1948 ubi
1547 1911 1695 1964 aperte

320 1972 552 2037 posuistis,
595 1973 853 2035 «Optamus
887 1984 951 2026 te,
994 1973 1204 2027 Domine,
1240 1973 1282 2018 in
1319 1973 1409 2018 Deo
1443 1983 1485 2018 et
1519 1971 1694 2018 (Iliristo

319 2048 425 2105 ejus,
462 2061 538 2108 per
569 2045 728 2091 multos
764 2062 897 2090 annos
921 2062 1087 2108 semper
1119 2046 1162 2090 in
1187 2045 1301 2091 clero
1336 2056 1410 2091 tuo
1449 2044 1648 2105 gaudere.
1674 2066 1693 2086 »

321 2115 496 2171 Quibus
536 2115 739 2160 omnibus
775 2114 976 2178 perlectis
1013 2126 1143 2177 atque
1181 2115 1408 2172 discussis,
1443 2114 1551 2178 quid
1584 2115 1693 2160 mihi

321 2184 436 2230 aliud
461 2202 688 2231 occurrere
715 2186 884 2248 potuit,
907 2196 981 2230 aut
1005 2186 1186 2230 cuilibet
1213 2185 1377 2230 bomini
1414 2195 1585 2248 potest,
1614 2184 1693 2230 nisi

321 2265 394 2300 aut
433 2255 622 2301 veridico
673 2267 746 2301 aut
783 2255 927 2300 fallaci
970 2256 1253 2300 scribentium
1298 2256 1443 2300 animo
1484 2255 1580 2300 baec
1607 2271 1693 2300 esse

320 2326 601 2389 conscripta?
644 2326 727 2371 Sed
763 2326 794 2370 si
830 2325 1020 2371 veridico
1054 2327 1198 2370 animo
1242 2327 1300 2370 ita
1339 2326 1555 2380 scribitis,
1597 2325 1693 2388 quis

316 2396 441 2441 vobis
469 2397 521 2441 ad
559 2396 675 2442 hanc
706 2396 929 2441 veritatem
964 2396 1206 2441 interclusit
1240 2395 1382 2441 viam?
1413 2395 1522 2452 Quis
1544 2412 1692 2458 aspera

318 2466 494 2511 dumeta
534 2467 803 2513 substravit?
849 2466 956 2522 Quis
996 2467 1171 2529 rupium
1215 2477 1441 2530 praerupta
1487 2465 1691 2511 iuimicus

316 2537 556 2600 opposuit?
589 2539 813 2584 Postremo
837 2537 933 2599 quis
969 2536 1162 2583 basilicae
1189 2540 1368 2597 januam
1406 2536 1574 2597 ingredi
1607 2553 1690 2583 cu-

314 2608 537 2671 pientibus
559 2608 715 2654 clausit
733 2645 743 2664 ‚
778 2618 825 2653 ut
850 2608 895 2653 in
915 2607 1066 2654 eodem
1098 2609 1286 2654 Domino
1311 2644 1322 2664 ,
1351 2624 1426 2671 per
1448 2623 1578 2670 quem
1613 2623 1689 2652 nos

1747 334 1751 354 ι

1748 371 1752 400 l
