<?xml version="1.0" encoding="UTF-8"?>
<!DOCTYPE html PUBLIC "-//W3C//DTD XHTML 1.0 Transitional//EN"
    "http://www.w3.org/TR/xhtml1/DTD/xhtml1-transitional.dtd">
<html xmlns="http://www.w3.org/1999/xhtml" xml:lang="en" lang="en">
 <head>
  <title>
</title>
<meta http-equiv="Content-Type" content="text/html;charset=utf-8" />
  <meta name='ocr-system' content='tesseract 3.04.00' />
  <meta name='ocr-capabilities' content='ocr_page ocr_carea ocr_par ocr_line ocrx_word'/>
</head>
<body>
  <div class='ocr_page' id='page_1' title='image "./operaomniaaccura41auguuoft/operaomniaaccura41auguuoft_0091.png"; bbox 0 0 1769 3235; ppageno 0'>
   <div class='ocr_carea' id='block_1_1' title="bbox 0 0 14 196">
    <p class='ocr_par' dir='ltr' id='par_1_1' title="bbox 0 0 14 227">
     <span class='ocr_line' id='line_1_1' title="bbox 0 0 14 196; baseline 0 15"><span class='ocrx_word' id='word_1_1' title='bbox 0 0 14 196; x_wconf 65' lang='lat' dir='ltr'>i</span> 
     </span>
    </p>
   </div>
   <div class='ocr_carea' id='block_1_2' title="bbox 6 240 1420 335">
    <p class='ocr_par' dir='ltr' id='par_1_2' title="bbox 6 240 1420 335">
     <span class='ocr_line' id='line_1_2' title="bbox 6 240 1420 335; baseline -0.006 -16"><span class='ocrx_word' id='word_1_2' title='bbox 6 240 10 328; x_wconf 78' lang='lat' dir='ltr'>i</span> <span class='ocrx_word' id='word_1_3' title='bbox 511 284 720 316; x_wconf 72' lang='lat' dir='ltr'>Et‘tSTor.A</span> <span class='ocrx_word' id='word_1_4' title='bbox 761 285 908 315; x_wconf 69' lang='lat' dir='ltr'>CXCVI.</span> <span class='ocrx_word' id='word_1_5' title='bbox 1361 287 1420 335; x_wconf 81' lang='grc'>79</span> 
     </span>
    </p>
   </div>
   <div class='ocr_carea' id='block_1_3' title="bbox 0 350 1420 2610">
    <p class='ocr_par' dir='ltr' id='par_1_3' title="bbox 0 350 1420 2610">
     <span class='ocr_line' id='line_1_3' title="bbox 0 350 1417 419; baseline 0.002 -23"><span class='ocrx_word' id='word_1_6' title='bbox 0 352 9 419; x_wconf 58' lang='lat' dir='ltr'>f</span> <span class='ocrx_word' id='word_1_7' title='bbox 45 374 66 396; x_wconf 67' lang='grc' dir='ltr'>ι)</span> <span class='ocrx_word' id='word_1_8' title='bbox 92 370 184 399; x_wconf 84' lang='lat' dir='ltr'>mus</span> <span class='ocrx_word' id='word_1_9' title='bbox 207 352 450 412; x_wconf 71' lang='lat' dir='ltr'>utjustisice</span> <span class='ocrx_word' id='word_1_10' title='bbox 472 368 549 396; x_wconf 62' lang='lat' dir='ltr'>»zur</span> <span class='ocrx_word' id='word_1_11' title='bbox 574 350 790 413; x_wconf 61' lang='lat' dir='ltr'>perfidem</span> <span class='ocrx_word' id='word_1_12' title='bbox 816 351 1005 403; x_wconf 70' lang='lat' dir='ltr'>Christi,</span> <span class='ocrx_word' id='word_1_13' title='bbox 1035 363 1074 397; x_wconf 87' lang='lat' dir='ltr'>et</span> <span class='ocrx_word' id='word_1_14' title='bbox 1094 371 1180 398; x_wconf 88' lang='lat' dir='ltr'>non</span> <span class='ocrx_word' id='word_1_15' title='bbox 1204 370 1250 398; x_wconf 82' lang='lat' dir='ltr'>ex</span> <span class='ocrx_word' id='word_1_16' title='bbox 1269 355 1417 417; x_wconf 80' lang='lat' dir='ltr'>operi-</span> 
     </span>
     <span class='ocr_line' id='line_1_4' title="bbox 0 422 1419 486; baseline 0.006 -23"><span class='ocrx_word' id='word_1_17' title='bbox 0 423 7 459; x_wconf 51' lang='lat'>.&#39;</span> <span class='ocrx_word' id='word_1_18' title='bbox 44 444 64 464; x_wconf 84' lang='grc'>»</span> <span class='ocrx_word' id='word_1_19' title='bbox 91 423 173 468; x_wconf 83' lang='lat' dir='ltr'>bus</span> <span class='ocrx_word' id='word_1_20' title='bbox 197 424 320 482; x_wconf 78' lang='lat' dir='ltr'>Legis</span> <span class='ocrx_word' id='word_1_21' title='bbox 343 440 352 467; x_wconf 91' lang='lat'><strong>:</strong></span> <span class='ocrx_word' id='word_1_22' title='bbox 379 423 586 486; x_wconf 80' lang='lat' dir='ltr'>quoniam</span> <span class='ocrx_word' id='word_1_23' title='bbox 613 439 659 467; x_wconf 86' lang='lat' dir='ltr'>ex</span> <span class='ocrx_word' id='word_1_24' title='bbox 681 422 885 484; x_wconf 81' lang='lat' dir='ltr'>operibus</span> <span class='ocrx_word' id='word_1_25' title='bbox 918 422 1040 481; x_wconf 76' lang='lat' dir='ltr'>Legis</span> <span class='ocrx_word' id='word_1_26' title='bbox 1055 425 1419 483; x_wconf 79' lang='lat' dir='ltr'>nonJ&#39;ustilicabi-</span> 
     </span>
     <span class='ocr_line' id='line_1_5' title="bbox 0 492 545 539; baseline 0.004 -3"><span class='ocrx_word' id='word_1_27' title='bbox 0 523 1 528; x_wconf 64' lang='lat'>,</span> <span class='ocrx_word' id='word_1_28' title='bbox 42 514 63 536; x_wconf 77' lang='lat'>&gt;2</span> <span class='ocrx_word' id='word_1_29' title='bbox 88 503 159 538; x_wconf 88' lang='lat' dir='ltr'>tur</span> <span class='ocrx_word' id='word_1_30' title='bbox 181 494 319 539; x_wconf 88' lang='lat' dir='ltr'>omnis</span> <span class='ocrx_word' id='word_1_31' title='bbox 347 492 498 539; x_wconf 66' lang='lat' dir='ltr'>caro1.</span> <span class='ocrx_word' id='word_1_32' title='bbox 525 513 545 534; x_wconf 87' lang='lat'>»</span> 
     </span>
     <span class='ocr_line' id='line_1_6' title="bbox 3 542 1417 626; baseline 0.003 -18"><span class='ocrx_word' id='word_1_33' title='bbox 3 542 7 614; x_wconf 62' lang='lat' dir='ltr'>,i</span> <span class='ocrx_word' id='word_1_34' title='bbox 108 564 191 611; x_wconf 87' lang='lat'>111.</span> <span class='ocrx_word' id='word_1_35' title='bbox 223 563 320 609; x_wconf 89' lang='lat' dir='ltr'>Non</span> <span class='ocrx_word' id='word_1_36' title='bbox 340 563 481 609; x_wconf 92' lang='lat' dir='ltr'>solum</span> <span class='ocrx_word' id='word_1_37' title='bbox 505 573 647 608; x_wconf 86' lang='lat' dir='ltr'>autem</span> <span class='ocrx_word' id='word_1_38' title='bbox 672 561 743 608; x_wconf 77' lang='lat' dir='ltr'>illa</span> <span class='ocrx_word' id='word_1_39' title='bbox 774 579 905 625; x_wconf 86' lang='lat' dir='ltr'>opera</span> <span class='ocrx_word' id='word_1_40' title='bbox 937 563 1087 622; x_wconf 80' lang='lat' dir='ltr'>Legis,</span> <span class='ocrx_word' id='word_1_41' title='bbox 1118 580 1217 626; x_wconf 81' lang='lat' dir='ltr'>quae</span> <span class='ocrx_word' id='word_1_42' title='bbox 1242 577 1343 611; x_wconf 88' lang='lat' dir='ltr'>sunt</span> <span class='ocrx_word' id='word_1_43' title='bbox 1371 566 1417 612; x_wconf 90' lang='lat' dir='ltr'>in</span> 
     </span>
     <span class='ocr_line' id='line_1_7' title="bbox 2 633 1418 690; baseline 0.001 -10"><span class='ocrx_word' id='word_1_44' title='bbox 2 633 5 642; x_wconf 67' lang='grc'><strong>”</strong></span> <span class='ocrx_word' id='word_1_45' title='bbox 40 634 258 682; x_wconf 81' lang='lat' dir='ltr'>veteribus</span> <span class='ocrx_word' id='word_1_46' title='bbox 281 635 559 681; x_wconf 80' lang='lat' dir='ltr'>sacramentis</span> <span class='ocrx_word' id='word_1_47' title='bbox 574 671 585 690; x_wconf 89' lang='lat'><strong>,</strong></span> <span class='ocrx_word' id='word_1_48' title='bbox 599 644 770 679; x_wconf 85' lang='lat' dir='ltr'>etnunc</span> <span class='ocrx_word' id='word_1_49' title='bbox 789 633 977 679; x_wconf 84' lang='lat' dir='ltr'>revelato</span> <span class='ocrx_word' id='word_1_50' title='bbox 996 634 1271 680; x_wconf 87' lang='lat' dir='ltr'>Testamento</span> <span class='ocrx_word' id='word_1_51' title='bbox 1294 636 1418 682; x_wconf 91' lang='lat' dir='ltr'>Novo</span> 
     </span>
     <span class='ocr_line' id='line_1_8' title="bbox 40 704 1420 769; baseline 0.001 -18"><span class='ocrx_word' id='word_1_52' title='bbox 40 722 128 752; x_wconf 87' lang='lat' dir='ltr'>non</span> <span class='ocrx_word' id='word_1_53' title='bbox 148 705 433 751; x_wconf 80' lang='lat' dir='ltr'>observantur</span> <span class='ocrx_word' id='word_1_54' title='bbox 451 722 474 751; x_wconf 88' lang='lat' dir='ltr'>a</span> <span class='ocrx_word' id='word_1_55' title='bbox 490 704 751 751; x_wconf 88' lang='lat' dir='ltr'>Christianis</span> <span class='ocrx_word' id='word_1_56' title='bbox 765 741 775 761; x_wconf 86' lang='lat'><strong>,</strong></span> <span class='ocrx_word' id='word_1_57' title='bbox 799 704 925 750; x_wconf 87' lang='lat' dir='ltr'>sicuti</span> <span class='ocrx_word' id='word_1_58' title='bbox 940 715 1002 750; x_wconf 89' lang='lat' dir='ltr'>est</span> <span class='ocrx_word' id='word_1_59' title='bbox 1020 705 1295 751; x_wconf 83' lang='lat' dir='ltr'>circumcisio</span> <span class='ocrx_word' id='word_1_60' title='bbox 1307 723 1420 769; x_wconf 84' lang='lat' dir='ltr'>prae-</span> 
     </span>
     <span class='ocr_line' id='line_1_9' title="bbox 39 775 1419 839; baseline 0.001 -18"><span class='ocrx_word' id='word_1_61' title='bbox 39 775 153 839; x_wconf 90' lang='lat' dir='ltr'>putii</span> <span class='ocrx_word' id='word_1_62' title='bbox 172 811 183 832; x_wconf 86' lang='lat'>,</span> <span class='ocrx_word' id='word_1_63' title='bbox 209 786 252 821; x_wconf 90' lang='lat' dir='ltr'>et</span> <span class='ocrx_word' id='word_1_64' title='bbox 274 775 446 821; x_wconf 84' lang='lat' dir='ltr'>sabbati</span> <span class='ocrx_word' id='word_1_65' title='bbox 471 775 655 821; x_wconf 83' lang='lat' dir='ltr'>carnalis</span> <span class='ocrx_word' id='word_1_66' title='bbox 683 775 878 829; x_wconf 82' lang='lat' dir='ltr'>vacati0‚</span> <span class='ocrx_word' id='word_1_67' title='bbox 907 785 947 820; x_wconf 89' lang='lat' dir='ltr'>et</span> <span class='ocrx_word' id='word_1_68' title='bbox 971 793 992 820; x_wconf 89' lang='lat' dir='ltr'>a</span> <span class='ocrx_word' id='word_1_69' title='bbox 1023 775 1288 838; x_wconf 81' lang='lat' dir='ltr'>quibusdam</span> <span class='ocrx_word' id='word_1_70' title='bbox 1314 777 1419 824; x_wconf 88' lang='lat' dir='ltr'>escis</span> 
     </span>
     <span class='ocr_line' id='line_1_10' title="bbox 39 845 1417 910; baseline 0.001 -18"><span class='ocrx_word' id='word_1_71' title='bbox 39 845 299 892; x_wconf 75' lang='lat' dir='ltr'>abstinentia</span> <span class='ocrx_word' id='word_1_72' title='bbox 315 883 325 901; x_wconf 84' lang='grc'><em>,</em></span> <span class='ocrx_word' id='word_1_73' title='bbox 355 857 395 892; x_wconf 87' lang='lat' dir='ltr'>et</span> <span class='ocrx_word' id='word_1_74' title='bbox 416 863 623 910; x_wconf 87' lang='lat' dir='ltr'>pecorum</span> <span class='ocrx_word' id='word_1_75' title='bbox 651 847 694 891; x_wconf 88' lang='lat' dir='ltr'>in</span> <span class='ocrx_word' id='word_1_76' title='bbox 715 845 936 891; x_wconf 81' lang='lat' dir='ltr'>sacrificiis</span> <span class='ocrx_word' id='word_1_77' title='bbox 960 846 1203 891; x_wconf 80' lang='lat' dir='ltr'>immolatio</span> <span class='ocrx_word' id='word_1_78' title='bbox 1218 883 1228 901; x_wconf 83' lang='lat'>‚</span> <span class='ocrx_word' id='word_1_79' title='bbox 1249 857 1290 891; x_wconf 90' lang='lat' dir='ltr'>et</span> <span class='ocrx_word' id='word_1_80' title='bbox 1311 864 1417 893; x_wconf 90' lang='lat' dir='ltr'>neo-</span> 
     </span>
     <span class='ocr_line' id='line_1_11' title="bbox 38 915 1417 979; baseline 0 -16"><span class='ocrx_word' id='word_1_81' title='bbox 38 917 202 975; x_wconf 82' lang='lat' dir='ltr'>menia,</span> <span class='ocrx_word' id='word_1_82' title='bbox 238 927 278 963; x_wconf 88' lang='lat' dir='ltr'>et</span> <span class='ocrx_word' id='word_1_83' title='bbox 303 934 528 979; x_wconf 82' lang='lat' dir='ltr'>azymum,</span> <span class='ocrx_word' id='word_1_84' title='bbox 565 927 606 961; x_wconf 91' lang='lat' dir='ltr'>et</span> <span class='ocrx_word' id='word_1_85' title='bbox 630 926 785 962; x_wconf 67' lang='lat' dir='ltr'>caetera</span> <span class='ocrx_word' id='word_1_86' title='bbox 814 915 1097 976; x_wconf 80' lang='lat' dir='ltr'>hujusmodi3</span> <span class='ocrx_word' id='word_1_87' title='bbox 1135 918 1417 963; x_wconf 80' lang='lat' dir='ltr'>verumetiam</span> 
     </span>
     <span class='ocr_line' id='line_1_12' title="bbox 0 972 1416 1051; baseline -0.001 -19"><span class='ocrx_word' id='word_1_88' title='bbox 0 972 3 1047; x_wconf 64' lang='lat' dir='ltr'>i</span> <span class='ocrx_word' id='word_1_89' title='bbox 36 985 149 1033; x_wconf 86' lang='lat' dir='ltr'>illud</span> <span class='ocrx_word' id='word_1_90' title='bbox 180 986 301 1051; x_wconf 87' lang='lat' dir='ltr'>quod</span> <span class='ocrx_word' id='word_1_91' title='bbox 328 987 372 1033; x_wconf 90' lang='lat' dir='ltr'>in</span> <span class='ocrx_word' id='word_1_92' title='bbox 413 989 525 1047; x_wconf 84' lang='lat' dir='ltr'>Lege</span> <span class='ocrx_word' id='word_1_93' title='bbox 558 987 724 1032; x_wconf 87' lang='lat' dir='ltr'>dietum</span> <span class='ocrx_word' id='word_1_94' title='bbox 757 997 819 1032; x_wconf 87' lang='lat' dir='ltr'>est</span> <span class='ocrx_word' id='word_1_95' title='bbox 844 1004 854 1032; x_wconf 73' lang='grc' dir='ltr'>ε</span> <span class='ocrx_word' id='word_1_96' title='bbox 882 1008 901 1028; x_wconf 85' lang='grc'>«</span> <span class='ocrx_word' id='word_1_97' title='bbox 922 987 1019 1032; x_wconf 79' lang='lat' dir='ltr'>Non</span> <span class='ocrx_word' id='word_1_98' title='bbox 1046 987 1373 1050; x_wconf 76' lang='lat' dir='ltr'>eoncupisces2‚</span> <span class='ocrx_word' id='word_1_99' title='bbox 1396 1010 1416 1030; x_wconf 78' lang='lat'>»</span> 
     </span>
     <span class='ocr_line' id='line_1_13' title="bbox 0 1053 1415 1136; baseline 0 -32"><span class='ocrx_word' id='word_1_100' title='bbox 0 1053 3 1126; x_wconf 54' lang='lat' dir='ltr'>i</span> <span class='ocrx_word' id='word_1_101' title='bbox 37 1057 200 1120; x_wconf 86' lang='lat' dir='ltr'>(Quod</span> <span class='ocrx_word' id='word_1_102' title='bbox 227 1059 374 1122; x_wconf 87' lang='lat' dir='ltr'>utique</span> <span class='ocrx_word' id='word_1_103' title='bbox 396 1075 444 1104; x_wconf 81' lang='lat' dir='ltr'>ex</span> <span class='ocrx_word' id='word_1_104' title='bbox 478 1058 739 1104; x_wconf 85' lang='lat' dir='ltr'>Christianis</span> <span class='ocrx_word' id='word_1_105' title='bbox 771 1058 917 1103; x_wconf 84' lang='lat' dir='ltr'>nullus</span> <span class='ocrx_word' id='word_1_106' title='bbox 943 1058 1126 1136; x_wconf 80' lang='lat' dir='ltr'>ambigit</span> <span class='ocrx_word' id='word_1_107' title='bbox 1154 1076 1238 1103; x_wconf 89' lang='lat' dir='ltr'>esse</span> <span class='ocrx_word' id='word_1_108' title='bbox 1259 1058 1415 1105; x_wconf 88' lang='lat' dir='ltr'>dicen·-</span> 
     </span>
     <span class='ocr_line' id='line_1_14' title="bbox 0 1127 1418 1192; baseline 0.001 -18"><span class='ocrx_word' id='word_1_109' title='bbox 0 1132 1 1142; x_wconf 61' lang='lat'>¹</span> <span class='ocrx_word' id='word_1_110' title='bbox 37 1127 253 1192; x_wconf 86' lang='lat' dir='ltr'>cendum)</span> <span class='ocrx_word' id='word_1_111' title='bbox 282 1146 369 1174; x_wconf 91' lang='lat' dir='ltr'>non</span> <span class='ocrx_word' id='word_1_112' title='bbox 402 1128 615 1187; x_wconf 85' lang='lat' dir='ltr'>justificat</span> <span class='ocrx_word' id='word_1_113' title='bbox 652 1129 875 1173; x_wconf 85' lang='lat' dir='ltr'>hominem</span> <span class='ocrx_word' id='word_1_114' title='bbox 920 1128 999 1174; x_wconf 90' lang='lat' dir='ltr'>nisi</span> <span class='ocrx_word' id='word_1_115' title='bbox 1036 1146 1112 1191; x_wconf 76' lang='lat' dir='ltr'>pet</span> <span class='ocrx_word' id='word_1_116' title='bbox 1147 1128 1278 1174; x_wconf 84' lang='lat' dir='ltr'>fidem</span> <span class='ocrx_word' id='word_1_117' title='bbox 1315 1129 1418 1176; x_wconf 82' lang='lat' dir='ltr'>Jesu</span> 
     </span>
     <span class='ocr_line' id='line_1_15' title="bbox 37 1197 1415 1261; baseline 0.001 -17"><span class='ocrx_word' id='word_1_118' title='bbox 37 1197 202 1245; x_wconf 82' lang='lat' dir='ltr'>Christi</span> <span class='ocrx_word' id='word_1_119' title='bbox 232 1209 274 1244; x_wconf 87' lang='lat' dir='ltr'>et</span> <span class='ocrx_word' id='word_1_120' title='bbox 309 1199 488 1259; x_wconf 80' lang='lat' dir='ltr'>gratiam</span> <span class='ocrx_word' id='word_1_121' title='bbox 529 1198 607 1243; x_wconf 90' lang='lat' dir='ltr'>Dei</span> <span class='ocrx_word' id='word_1_122' title='bbox 637 1215 715 1261; x_wconf 83' lang='lat' dir='ltr'>per</span> <span class='ocrx_word' id='word_1_123' title='bbox 750 1198 897 1243; x_wconf 86' lang='lat' dir='ltr'>Jesum</span> <span class='ocrx_word' id='word_1_124' title='bbox 925 1199 1149 1243; x_wconf 75' lang='lat' dir='ltr'>Clnistum</span> <span class='ocrx_word' id='word_1_125' title='bbox 1182 1199 1415 1245; x_wconf 78' lang='lat' dir='ltr'>Dominum</span> 
     </span>
     <span class='ocr_line' id='line_1_16' title="bbox 0 1260 1418 1333; baseline 0.001 -18"><span class='ocrx_word' id='word_1_126' title='bbox 0 1260 2 1300; x_wconf 59' lang='lat' dir='ltr'>i</span> <span class='ocrx_word' id='word_1_127' title='bbox 34 1280 246 1317; x_wconf 71' lang='lat' dir='ltr'>nom-‚um</span> <span class='ocrx_word' id='word_1_128' title='bbox 269 1270 420 1316; x_wconf 89' lang='lat' dir='ltr'>Idem</span> <span class='ocrx_word' id='word_1_129' title='bbox 409 1287 501 1333; x_wconf 77' lang='lat' dir='ltr'>ipse</span> <span class='ocrx_word' id='word_1_130' title='bbox 522 1270 690 1332; x_wconf 83' lang='lat' dir='ltr'>quippe</span> <span class='ocrx_word' id='word_1_131' title='bbox 711 1268 820 1314; x_wconf 89' lang='lat' dir='ltr'>dicit</span> <span class='ocrx_word' id='word_1_132' title='bbox 840 1269 1105 1333; x_wconf 84' lang='lat' dir='ltr'>Apostolus:</span> <span class='ocrx_word' id='word_1_133' title='bbox 1135 1291 1153 1311; x_wconf 72' lang='grc' dir='ltr'>α</span> <span class='ocrx_word' id='word_1_134' title='bbox 1178 1270 1298 1325; x_wconf 78' lang='lat' dir='ltr'>Ouid</span> <span class='ocrx_word' id='word_1_135' title='bbox 1317 1287 1418 1330; x_wconf 83' lang='lat' dir='ltr'>ergo</span> 
     </span>
     <span class='ocr_line' id='line_1_17' title="bbox 0 1339 1416 1404; baseline 0.002 -19"><span class='ocrx_word' id='word_1_136' title='bbox 0 1369 1 1374; x_wconf 63' lang='lat'><em>=</em></span> <span class='ocrx_word' id='word_1_137' title='bbox 36 1359 58 1382; x_wconf 82' lang='lat'>»</span> <span class='ocrx_word' id='word_1_138' title='bbox 83 1339 303 1387; x_wconf 71' lang='lat' dir='ltr'>dicemus?</span> <span class='ocrx_word' id='word_1_139' title='bbox 330 1344 410 1387; x_wconf 84' lang='lat' dir='ltr'>Lex</span> <span class='ocrx_word' id='word_1_140' title='bbox 430 1351 661 1404; x_wconf 83' lang='lat' dir='ltr'>peccatum</span> <span class='ocrx_word' id='word_1_141' title='bbox 685 1343 778 1386; x_wconf 53' lang='lat' dir='ltr'>est?</span> <span class='ocrx_word' id='word_1_142' title='bbox 805 1341 934 1386; x_wconf 86' lang='lat' dir='ltr'>absit.</span> <span class='ocrx_word' id='word_1_143' title='bbox 963 1340 1045 1385; x_wconf 78' lang='lat' dir='ltr'>Sed</span> <span class='ocrx_word' id='word_1_144' title='bbox 1068 1357 1188 1403; x_wconf 70' lang='lat' dir='ltr'>pecc</span> <span class='ocrx_word' id='word_1_145' title='bbox 1179 1351 1297 1386; x_wconf 68' lang='lat' dir='ltr'>itum</span> <span class='ocrx_word' id='word_1_146' title='bbox 1328 1359 1416 1388; x_wconf 85' lang='lat' dir='ltr'>non</span> 
     </span>
     <span class='ocr_line' id='line_1_18' title="bbox 0 1411 1416 1475; baseline 0.002 -21"><span class='ocrx_word' id='word_1_147' title='bbox 0 1420 1 1425; x_wconf 77' lang='grc'>’</span> <span class='ocrx_word' id='word_1_148' title='bbox 36 1430 59 1454; x_wconf 82' lang='grc'>&gt;)</span> <span class='ocrx_word' id='word_1_149' title='bbox 83 1412 289 1471; x_wconf 80' lang='lat' dir='ltr'>cognovi,</span> <span class='ocrx_word' id='word_1_150' title='bbox 321 1411 401 1457; x_wconf 91' lang='lat' dir='ltr'>nisi</span> <span class='ocrx_word' id='word_1_151' title='bbox 430 1429 509 1475; x_wconf 84' lang='lat' dir='ltr'>per</span> <span class='ocrx_word' id='word_1_152' title='bbox 536 1413 707 1471; x_wconf 86' lang='lat' dir='ltr'>Legem.</span> <span class='ocrx_word' id='word_1_153' title='bbox 741 1411 849 1456; x_wconf 88' lang='lat' dir='ltr'>Nam</span> <span class='ocrx_word' id='word_1_154' title='bbox 880 1411 1281 1474; x_wconf 82' lang='lat' dir='ltr'>concupiscentiam</span> <span class='ocrx_word' id='word_1_155' title='bbox 1315 1429 1416 1458; x_wconf 86' lang='lat' dir='ltr'>nes-</span> 
     </span>
     <span class='ocr_line' id='line_1_19' title="bbox 36 1481 1416 1544; baseline 0.004 -21"><span class='ocrx_word' id='word_1_156' title='bbox 36 1501 57 1523; x_wconf 82' lang='grc'>»</span> <span class='ocrx_word' id='word_1_157' title='bbox 80 1481 245 1528; x_wconf 81' lang='lat' dir='ltr'>cieham</span> <span class='ocrx_word' id='word_1_158' title='bbox 261 1519 272 1537; x_wconf 96' lang='lat'>‚</span> <span class='ocrx_word' id='word_1_159' title='bbox 300 1481 381 1527; x_wconf 89' lang='lat' dir='ltr'>nisi</span> <span class='ocrx_word' id='word_1_160' title='bbox 406 1485 490 1527; x_wconf 87' lang='lat' dir='ltr'>Lex</span> <span class='ocrx_word' id='word_1_161' title='bbox 507 1481 698 1527; x_wconf 86' lang='lat' dir='ltr'>diceret:</span> <span class='ocrx_word' id='word_1_162' title='bbox 722 1483 819 1528; x_wconf 87' lang='lat' dir='ltr'>Non</span> <span class='ocrx_word' id='word_1_163' title='bbox 844 1482 1141 1544; x_wconf 84' lang='lat' dir='ltr'>concupisces.</span> <span class='ocrx_word' id='word_1_164' title='bbox 1173 1482 1416 1530; x_wconf 86' lang='lat' dir='ltr'>Occasione</span> 
     </span>
     <span class='ocr_line' id='line_1_20' title="bbox 36 1552 1417 1630; baseline 0.003 -35"><span class='ocrx_word' id='word_1_165' title='bbox 36 1572 58 1595; x_wconf 77' lang='lat'>&gt;2</span> <span class='ocrx_word' id='word_1_166' title='bbox 83 1563 226 1598; x_wconf 84' lang='lat' dir='ltr'>autem</span> <span class='ocrx_word' id='word_1_167' title='bbox 248 1563 454 1616; x_wconf 84' lang='lat' dir='ltr'>accepta,</span> <span class='ocrx_word' id='word_1_168' title='bbox 480 1562 712 1616; x_wconf 85' lang='lat' dir='ltr'>peccatum</span> <span class='ocrx_word' id='word_1_169' title='bbox 735 1569 813 1615; x_wconf 86' lang='lat' dir='ltr'>per</span> <span class='ocrx_word' id='word_1_170' title='bbox 833 1552 977 1597; x_wconf 87' lang='lat' dir='ltr'>mand¹</span> <span class='ocrx_word' id='word_1_171' title='bbox 970 1563 1084 1597; x_wconf 68' lang='lat' dir='ltr'>itum</span> <span class='ocrx_word' id='word_1_172' title='bbox 1103 1563 1331 1630; x_wconf 80' lang='lat' dir='ltr'>operatum</span> <span class='ocrx_word' id='word_1_173' title='bbox 1355 1564 1417 1599; x_wconf 86' lang='lat' dir='ltr'>est</span> 
     </span>
     <span class='ocr_line' id='line_1_21' title="bbox 35 1622 1415 1701; baseline 0.002 -35"><span class='ocrx_word' id='word_1_174' title='bbox 35 1643 58 1666; x_wconf 83' lang='lat'>›&gt;</span> <span class='ocrx_word' id='word_1_175' title='bbox 79 1622 124 1669; x_wconf 90' lang='lat' dir='ltr'>in</span> <span class='ocrx_word' id='word_1_176' title='bbox 147 1640 215 1669; x_wconf 88' lang='lat' dir='ltr'>me</span> <span class='ocrx_word' id='word_1_177' title='bbox 240 1640 412 1669; x_wconf 87' lang='lat' dir='ltr'>omnem</span> <span class='ocrx_word' id='word_1_178' title='bbox 438 1623 856 1686; x_wconf 84' lang='lat' dir='ltr'>concupiscentiam.</span> <span class='ocrx_word' id='word_1_179' title='bbox 886 1623 986 1668; x_wconf 82' lang='lat' dir='ltr'>Sine</span> <span class='ocrx_word' id='word_1_180' title='bbox 1004 1622 1094 1682; x_wconf 81' lang='lat' dir='ltr'>lege</span> <span class='ocrx_word' id='word_1_181' title='bbox 1114 1623 1228 1668; x_wconf 85' lang='lat' dir='ltr'>enim</span> <span class='ocrx_word' id='word_1_182' title='bbox 1255 1641 1415 1701; x_wconf 78' lang='lat' dir='ltr'>pecca-</span> 
     </span>
     <span class='ocr_line' id='line_1_22' title="bbox 36 1658 1416 1757; baseline 0.002 -20"><span class='ocrx_word' id='word_1_183' title='bbox 36 1716 57 1737; x_wconf 69' lang='lat'>2&gt;</span> <span class='ocrx_word' id='word_1_184' title='bbox 83 1705 174 1740; x_wconf 91' lang='lat' dir='ltr'>tum</span> <span class='ocrx_word' id='word_1_185' title='bbox 200 1705 423 1740; x_wconf 86' lang='lat' dir='ltr'>mortuum</span> <span class='ocrx_word' id='word_1_186' title='bbox 447 1705 522 1741; x_wconf 85' lang='lat' dir='ltr'>est.</span> <span class='ocrx_word' id='word_1_187' title='bbox 560 1695 592 1739; x_wconf 82' lang='grc' dir='ltr'>Ε</span> <span class='ocrx_word' id='word_1_188' title='bbox 578 1711 651 1754; x_wconf 91' lang='lat' dir='ltr'>go</span> <span class='ocrx_word' id='word_1_189' title='bbox 679 1705 820 1740; x_wconf 90' lang='lat' dir='ltr'>autem</span> <span class='ocrx_word' id='word_1_190' title='bbox 847 1658 1067 1740; x_wconf 45' lang='lat' dir='ltr'>vivebamn</span> <span class='ocrx_word' id='word_1_191' title='bbox 1070 1693 1305 1757; x_wconf 84' lang='lat' dir='ltr'>aliquando</span> <span class='ocrx_word' id='word_1_192' title='bbox 1325 1695 1416 1741; x_wconf 87' lang='lat' dir='ltr'>sine</span> 
     </span>
     <span class='ocr_line' id='line_1_23' title="bbox 33 1764 1407 1828; baseline 0.002 -20"><span class='ocrx_word' id='word_1_193' title='bbox 33 1785 54 1807; x_wconf 69' lang='lat' dir='ltr'>&gt;s</span> <span class='ocrx_word' id='word_1_194' title='bbox 78 1766 204 1825; x_wconf 86' lang='lat' dir='ltr'>Lege.</span> <span class='ocrx_word' id='word_1_195' title='bbox 242 1764 510 1812; x_wconf 85' lang='lat' dir='ltr'>Adveniente</span> <span class='ocrx_word' id='word_1_196' title='bbox 542 1775 684 1810; x_wconf 82' lang='lat' dir='ltr'>autem</span> <span class='ocrx_word' id='word_1_197' title='bbox 724 1764 872 1810; x_wconf 87' lang='lat' dir='ltr'>mand¹</span> <span class='ocrx_word' id='word_1_198' title='bbox 863 1775 932 1810; x_wconf 83' lang='lat' dir='ltr'>ato</span> <span class='ocrx_word' id='word_1_199' title='bbox 969 1775 1200 1828; x_wconf 85' lang='lat' dir='ltr'>peccatum</span> <span class='ocrx_word' id='word_1_200' title='bbox 1244 1765 1407 1813; x_wconf 78' lang='lat' dir='ltr'>levixit.</span> 
     </span>
     <span class='ocr_line' id='line_1_24' title="bbox 35 1835 1416 1896; baseline 0.001 -17"><span class='ocrx_word' id='word_1_201' title='bbox 35 1856 57 1879; x_wconf 90' lang='lat'>»</span> <span class='ocrx_word' id='word_1_202' title='bbox 79 1836 170 1896; x_wconf 89' lang='lat' dir='ltr'>Ego</span> <span class='ocrx_word' id='word_1_203' title='bbox 195 1846 336 1881; x_wconf 89' lang='lat' dir='ltr'>autem</span> <span class='ocrx_word' id='word_1_204' title='bbox 365 1846 562 1881; x_wconf 89' lang='lat' dir='ltr'>mortuus</span> <span class='ocrx_word' id='word_1_205' title='bbox 586 1852 681 1881; x_wconf 89' lang='lat' dir='ltr'>sum</span> <span class='ocrx_word' id='word_1_206' title='bbox 701 1872 711 1892; x_wconf 84' lang='lat'>‚</span> <span class='ocrx_word' id='word_1_207' title='bbox 738 1846 780 1881; x_wconf 89' lang='lat' dir='ltr'>et</span> <span class='ocrx_word' id='word_1_208' title='bbox 802 1836 1028 1881; x_wconf 85' lang='lat' dir='ltr'>inventum</span> <span class='ocrx_word' id='word_1_209' title='bbox 1053 1845 1113 1880; x_wconf 86' lang='lat' dir='ltr'>est</span> <span class='ocrx_word' id='word_1_210' title='bbox 1143 1835 1253 1881; x_wconf 82' lang='lat' dir='ltr'>mihi</span> <span class='ocrx_word' id='word_1_211' title='bbox 1287 1853 1416 1881; x_wconf 86' lang='lat' dir='ltr'>man-</span> 
     </span>
     <span class='ocr_line' id='line_1_25' title="bbox 33 1905 1414 1970; baseline 0.003 -22"><span class='ocrx_word' id='word_1_212' title='bbox 33 1927 54 1949; x_wconf 73' lang='lat'>‚2</span> <span class='ocrx_word' id='word_1_213' title='bbox 79 1905 228 1952; x_wconf 82' lang='lat' dir='ltr'>datum</span> <span class='ocrx_word' id='word_1_214' title='bbox 245 1905 362 1970; x_wconf 90' lang='lat' dir='ltr'>quod</span> <span class='ocrx_word' id='word_1_215' title='bbox 385 1916 475 1951; x_wconf 82' lang='lat' dir='ltr'>erat</span> <span class='ocrx_word' id='word_1_216' title='bbox 496 1906 541 1951; x_wconf 88' lang='lat' dir='ltr'>in</span> <span class='ocrx_word' id='word_1_217' title='bbox 562 1906 695 1951; x_wconf 89' lang='lat' dir='ltr'>vitam</span> <span class='ocrx_word' id='word_1_218' title='bbox 713 1943 722 1961; x_wconf 87' lang='lat'><strong>‚</strong></span> <span class='ocrx_word' id='word_1_219' title='bbox 748 1906 834 1951; x_wconf 89' lang='lat' dir='ltr'>hoc</span> <span class='ocrx_word' id='word_1_220' title='bbox 857 1923 943 1951; x_wconf 89' lang='lat' dir='ltr'>esse</span> <span class='ocrx_word' id='word_1_221' title='bbox 958 1906 1001 1951; x_wconf 90' lang='lat' dir='ltr'>in</span> <span class='ocrx_word' id='word_1_222' title='bbox 1029 1916 1226 1950; x_wconf 89' lang='lat' dir='ltr'>mortem.</span> <span class='ocrx_word' id='word_1_223' title='bbox 1245 1907 1414 1952; x_wconf 86' lang='lat' dir='ltr'>Pecca-</span> 
     </span>
     <span class='ocr_line' id='line_1_26' title="bbox 33 1975 1412 2040; baseline 0.002 -20"><span class='ocrx_word' id='word_1_224' title='bbox 33 1997 55 2020; x_wconf 86' lang='lat'>»</span> <span class='ocrx_word' id='word_1_225' title='bbox 80 1987 171 2023; x_wconf 91' lang='lat' dir='ltr'>tum</span> <span class='ocrx_word' id='word_1_226' title='bbox 195 1977 309 2022; x_wconf 90' lang='lat' dir='ltr'>enim</span> <span class='ocrx_word' id='word_1_227' title='bbox 331 1977 557 2023; x_wconf 84' lang='lat' dir='ltr'>occasione</span> <span class='ocrx_word' id='word_1_228' title='bbox 579 1988 755 2040; x_wconf 73' lang='lat' dir='ltr'>accepta</span> <span class='ocrx_word' id='word_1_229' title='bbox 784 1994 862 2040; x_wconf 84' lang='lat' dir='ltr'>per</span> <span class='ocrx_word' id='word_1_230' title='bbox 885 1976 1137 2024; x_wconf 82' lang='lat' dir='ltr'>mandatum</span> <span class='ocrx_word' id='word_1_231' title='bbox 1157 1975 1309 2022; x_wconf 88' lang='lat' dir='ltr'>fefellit</span> <span class='ocrx_word' id='word_1_232' title='bbox 1326 1994 1412 2034; x_wconf 86' lang='lat' dir='ltr'>me,</span> 
     </span>
     <span class='ocr_line' id='line_1_27' title="bbox 31 2047 1414 2112; baseline 0.002 -21"><span class='ocrx_word' id='word_1_233' title='bbox 31 2068 54 2091; x_wconf 66' lang='lat' dir='ltr'>a&gt;</span> <span class='ocrx_word' id='word_1_234' title='bbox 77 2059 119 2094; x_wconf 89' lang='lat' dir='ltr'>et</span> <span class='ocrx_word' id='word_1_235' title='bbox 134 2065 212 2112; x_wconf 86' lang='lat' dir='ltr'>per</span> <span class='ocrx_word' id='word_1_236' title='bbox 234 2047 344 2094; x_wconf 87' lang='lat' dir='ltr'>illud</span> <span class='ocrx_word' id='word_1_237' title='bbox 364 2047 539 2094; x_wconf 85' lang='lat' dir='ltr'>occidit.</span> <span class='ocrx_word' id='word_1_238' title='bbox 566 2048 719 2111; x_wconf 85' lang='lat' dir='ltr'>Itaque</span> <span class='ocrx_word' id='word_1_239' title='bbox 737 2050 822 2093; x_wconf 64' lang='lat' dir='ltr'>Lex</span> <span class='ocrx_word' id='word_1_240' title='bbox 835 2047 1012 2112; x_wconf 87' lang='lat' dir='ltr'>quidem</span> <span class='ocrx_word' id='word_1_241' title='bbox 1035 2058 1183 2093; x_wconf 84' lang='lat' dir='ltr'>sancta</span> <span class='ocrx_word' id='word_1_242' title='bbox 1201 2085 1211 2104; x_wconf 84' lang='grc'>,</span> <span class='ocrx_word' id='word_1_243' title='bbox 1231 2058 1272 2093; x_wconf 87' lang='lat' dir='ltr'>et</span> <span class='ocrx_word' id='word_1_244' title='bbox 1292 2066 1414 2094; x_wconf 83' lang='lat' dir='ltr'>man·</span> 
     </span>
     <span class='ocr_line' id='line_1_28' title="bbox 33 2117 1410 2179; baseline 0.001 -14"><span class='ocrx_word' id='word_1_245' title='bbox 33 2140 55 2162; x_wconf 72' lang='lat'>2&gt;</span> <span class='ocrx_word' id='word_1_246' title='bbox 76 2119 227 2166; x_wconf 89' lang='lat' dir='ltr'>datum</span> <span class='ocrx_word' id='word_1_247' title='bbox 246 2130 445 2165; x_wconf 88' lang='lat' dir='ltr'>sanctum</span> <span class='ocrx_word' id='word_1_248' title='bbox 471 2123 692 2179; x_wconf 82' lang='lat' dir='ltr'>etJ&#39;ustum</span> <span class='ocrx_word' id='word_1_249' title='bbox 709 2130 750 2164; x_wconf 88' lang='lat' dir='ltr'>et</span> <span class='ocrx_word' id='word_1_250' title='bbox 768 2120 951 2165; x_wconf 87' lang='lat' dir='ltr'>bonum.</span> <span class='ocrx_word' id='word_1_251' title='bbox 976 2117 1107 2175; x_wconf 82' lang='lat' dir='ltr'>Quod</span> <span class='ocrx_word' id='word_1_252' title='bbox 1124 2136 1223 2178; x_wconf 83' lang='lat' dir='ltr'>ergo</span> <span class='ocrx_word' id='word_1_253' title='bbox 1240 2119 1410 2166; x_wconf 84' lang='lat' dir='ltr'>bonum</span> 
     </span>
     <span class='ocr_line' id='line_1_29' title="bbox 33 2189 1413 2252; baseline 0.002 -19"><span class='ocrx_word' id='word_1_254' title='bbox 33 2211 55 2233; x_wconf 74' lang='lat'>&gt;2</span> <span class='ocrx_word' id='word_1_255' title='bbox 79 2201 167 2248; x_wconf 85' lang='lat' dir='ltr'>est,</span> <span class='ocrx_word' id='word_1_256' title='bbox 211 2190 321 2236; x_wconf 87' lang='lat' dir='ltr'>mihi</span> <span class='ocrx_word' id='word_1_257' title='bbox 355 2189 517 2236; x_wconf 84' lang='lat' dir='ltr'>factum</span> <span class='ocrx_word' id='word_1_258' title='bbox 551 2201 613 2236; x_wconf 89' lang='lat' dir='ltr'>est</span> <span class='ocrx_word' id='word_1_259' title='bbox 639 2193 784 2236; x_wconf 68' lang='lat' dir='ltr'>mors?</span> <span class='ocrx_word' id='word_1_260' title='bbox 813 2190 940 2236; x_wconf 83' lang='lat' dir='ltr'>absit.</span> <span class='ocrx_word' id='word_1_261' title='bbox 974 2189 1057 2234; x_wconf 85' lang='lat' dir='ltr'>Sed</span> <span class='ocrx_word' id='word_1_262' title='bbox 1097 2199 1328 2252; x_wconf 83' lang='lat' dir='ltr'>peccatum</span> <span class='ocrx_word' id='word_1_263' title='bbox 1365 2201 1413 2236; x_wconf 87' lang='lat' dir='ltr'>ut</span> 
     </span>
     <span class='ocr_line' id='line_1_30' title="bbox 33 2260 1414 2327; baseline 0 -21"><span class='ocrx_word' id='word_1_264' title='bbox 33 2283 55 2305; x_wconf 70' lang='grc' dir='ltr'>ι)</span> <span class='ocrx_word' id='word_1_265' title='bbox 80 2272 289 2327; x_wconf 84' lang='lat' dir='ltr'>appareat</span> <span class='ocrx_word' id='word_1_266' title='bbox 326 2272 584 2325; x_wconf 84' lang='lat' dir='ltr'>peccatum,</span> <span class='ocrx_word' id='word_1_267' title='bbox 625 2279 704 2325; x_wconf 84' lang='lat' dir='ltr'>per</span> <span class='ocrx_word' id='word_1_268' title='bbox 734 2261 900 2307; x_wconf 86' lang='lat' dir='ltr'>bonum</span> <span class='ocrx_word' id='word_1_269' title='bbox 938 2260 1049 2306; x_wconf 84' lang='lat' dir='ltr'>mihi</span> <span class='ocrx_word' id='word_1_270' title='bbox 1084 2269 1312 2323; x_wconf 73' lang='lat' dir='ltr'>operatum</span> <span class='ocrx_word' id='word_1_271' title='bbox 1351 2270 1414 2306; x_wconf 88' lang='lat' dir='ltr'>est</span> 
     </span>
     <span class='ocr_line' id='line_1_31' title="bbox 35 2332 1412 2396; baseline 0 -20"><span class='ocrx_word' id='word_1_272' title='bbox 35 2354 55 2376; x_wconf 85' lang='grc'>»</span> <span class='ocrx_word' id='word_1_273' title='bbox 78 2345 260 2380; x_wconf 86' lang='lat' dir='ltr'>mortem</span> <span class='ocrx_word' id='word_1_274' title='bbox 276 2371 286 2391; x_wconf 87' lang='lat'>‚</span> <span class='ocrx_word' id='word_1_275' title='bbox 309 2344 356 2379; x_wconf 89' lang='lat' dir='ltr'>ut</span> <span class='ocrx_word' id='word_1_276' title='bbox 381 2333 458 2378; x_wconf 87' lang='lat' dir='ltr'>fiat</span> <span class='ocrx_word' id='word_1_277' title='bbox 480 2350 614 2396; x_wconf 85' lang='lat' dir='ltr'>supra</span> <span class='ocrx_word' id='word_1_278' title='bbox 638 2332 818 2378; x_wconf 87' lang='lat' dir='ltr'>modum</span> <span class='ocrx_word' id='word_1_279' title='bbox 854 2342 1085 2396; x_wconf 83' lang='lat' dir='ltr'>peccatum</span> <span class='ocrx_word' id='word_1_280' title='bbox 1116 2347 1304 2393; x_wconf 81' lang='lat' dir='ltr'>peccans</span> <span class='ocrx_word' id='word_1_281' title='bbox 1332 2348 1412 2394; x_wconf 84' lang='lat' dir='ltr'>per</span> 
     </span>
     <span class='ocr_line' id='line_1_32' title="bbox 33 2401 1413 2467; baseline -0.003 -16"><span class='ocrx_word' id='word_1_282' title='bbox 33 2425 56 2447; x_wconf 72' lang='lat' dir='ltr'>n</span> <span class='ocrx_word' id='word_1_283' title='bbox 80 2404 351 2452; x_wconf 86' lang='lat' dir='ltr'>mandatum.</span> <span class='ocrx_word' id='word_1_284' title='bbox 398 2404 568 2450; x_wconf 87' lang='lat' dir='ltr'>Scimus</span> <span class='ocrx_word' id='word_1_285' title='bbox 594 2404 707 2449; x_wconf 87' lang='lat' dir='ltr'>enim</span> <span class='ocrx_word' id='word_1_286' title='bbox 738 2404 840 2467; x_wconf 84' lang='lat' dir='ltr'>quia</span> <span class='ocrx_word' id='word_1_287' title='bbox 867 2404 951 2448; x_wconf 86' lang='lat' dir='ltr'>Lex</span> <span class='ocrx_word' id='word_1_288' title='bbox 982 2401 1186 2465; x_wconf 81' lang='lat' dir='ltr'>spiritalis</span> <span class='ocrx_word' id='word_1_289' title='bbox 1211 2412 1298 2455; x_wconf 80' lang='lat' dir='ltr'>est3</span> <span class='ocrx_word' id='word_1_290' title='bbox 1335 2418 1413 2461; x_wconf 85' lang='lat' dir='ltr'>ego</span> 
     </span>
     <span class='ocr_line' id='line_1_33' title="bbox 33 2471 1411 2536; baseline -0.004 -13"><span class='ocrx_word' id='word_1_291' title='bbox 33 2496 54 2518; x_wconf 86' lang='grc'>»</span> <span class='ocrx_word' id='word_1_292' title='bbox 78 2486 219 2523; x_wconf 82' lang='lat' dir='ltr'>autem</span> <span class='ocrx_word' id='word_1_293' title='bbox 245 2474 427 2521; x_wconf 86' lang='lat' dir='ltr'>carnalis</span> <span class='ocrx_word' id='word_1_294' title='bbox 461 2492 585 2532; x_wconf 86' lang='lat' dir='ltr'>sum,</span> <span class='ocrx_word' id='word_1_295' title='bbox 613 2474 906 2521; x_wconf 82' lang='lat' dir='ltr'>venumdatus</span> <span class='ocrx_word' id='word_1_296' title='bbox 928 2473 1009 2519; x_wconf 85' lang='lat' dir='ltr'>sub</span> <span class='ocrx_word' id='word_1_297' title='bbox 1041 2482 1236 2536; x_wconf 80' lang='lat' dir='ltr'>peccato,</span> <span class='ocrx_word' id='word_1_298' title='bbox 1278 2471 1411 2529; x_wconf 87' lang='lat' dir='ltr'>Quod</span> 
     </span>
     <span class='ocr_line' id='line_1_34' title="bbox 34 2541 1413 2610; baseline -0.001 -20"><span class='ocrx_word' id='word_1_299' title='bbox 34 2568 54 2590; x_wconf 70' lang='grc' dir='ltr'>υ</span> <span class='ocrx_word' id='word_1_300' title='bbox 76 2547 191 2593; x_wconf 87' lang='lat' dir='ltr'>enim</span> <span class='ocrx_word' id='word_1_301' title='bbox 212 2562 387 2610; x_wconf 83' lang='lat' dir='ltr'>operor,</span> <span class='ocrx_word' id='word_1_302' title='bbox 411 2545 590 2606; x_wconf 86' lang='lat' dir='ltr'>ignoro;</span> <span class='ocrx_word' id='word_1_303' title='bbox 611 2562 699 2591; x_wconf 89' lang='lat' dir='ltr'>non</span> <span class='ocrx_word' id='word_1_304' title='bbox 719 2545 831 2592; x_wconf 87' lang='lat' dir='ltr'>enim</span> <span class='ocrx_word' id='word_1_305' title='bbox 851 2543 971 2608; x_wconf 89' lang='lat' dir='ltr'>quod</span> <span class='ocrx_word' id='word_1_306' title='bbox 998 2541 1192 2590; x_wconf 75' lang='lat' dir='ltr'>volohoc</span> <span class='ocrx_word' id='word_1_307' title='bbox 1208 2559 1286 2604; x_wconf 87' lang='lat' dir='ltr'>ago</span> <span class='ocrx_word' id='word_1_308' title='bbox 1307 2579 1317 2601; x_wconf 87' lang='lat'>‚</span> <span class='ocrx_word' id='word_1_309' title='bbox 1339 2541 1413 2589; x_wconf 87' lang='lat' dir='ltr'>sed</span> 
     </span>
    </p>
   </div>
   <div class='ocr_carea' id='block_1_4' title="bbox 79 2627 713 2673">
    <p class='ocr_par' dir='ltr' id='par_1_4' title="bbox 79 2627 713 2673">
     <span class='ocr_line' id='line_1_35' title="bbox 79 2627 713 2673; baseline -0.005 -10"><span class='ocrx_word' id='word_1_310' title='bbox 79 2632 89 2654; x_wconf 80' lang='lat'>¹</span> <span class='ocrx_word' id='word_1_311' title='bbox 106 2631 210 2664; x_wconf 75' lang='lat' dir='ltr'>Galat.</span> <span class='ocrx_word' id='word_1_312' title='bbox 228 2641 264 2673; x_wconf 80' lang='grc' dir='ltr'>ιι,</span> <span class='ocrx_word' id='word_1_313' title='bbox 288 2633 340 2665; x_wconf 69' lang='lat'>14.</span> <span class='ocrx_word' id='word_1_314' title='bbox 357 2646 400 2654; x_wconf 82' lang='lat'>-</span> <span class='ocrx_word' id='word_1_315' title='bbox 420 2627 434 2651; x_wconf 82' lang='lat'><strong>²</strong></span> <span class='ocrx_word' id='word_1_316' title='bbox 453 2629 555 2662; x_wconf 79' lang='lat' dir='ltr'>Exod.</span> <span class='ocrx_word' id='word_1_317' title='bbox 575 2639 634 2673; x_wconf 66' lang='lat' dir='ltr'>ax,</span> <span class='ocrx_word' id='word_1_318' title='bbox 657 2640 713 2669; x_wconf 73' lang='lat'>¹5·</span> 
     </span>
    </p>
   </div>
   <div class='ocr_carea' id='block_1_5' title="bbox 3 441 8 541">
    <p class='ocr_par' dir='ltr' id='par_1_5' title="bbox 3 441 8 541">
     <span class='ocr_line' id='line_1_36' title="bbox 3 441 8 541; baseline 0 2694"><span class='ocrx_word' id='word_1_319' title='bbox 3 441 8 541; x_wconf 95' lang='lat' dir='ltr'> </span> 
     </span>
    </p>
   </div>
   <div class='ocr_carea' id='block_1_6' title="bbox 0 647 6 820">
    <p class='ocr_par' dir='ltr' id='par_1_6' title="bbox 0 647 6 820">
     <span class='ocr_line' id='line_1_37' title="bbox 0 647 6 820; baseline 0 2415"><span class='ocrx_word' id='word_1_320' title='bbox 0 647 6 820; x_wconf 95' lang='lat' dir='ltr'> </span> 
     </span>
    </p>
   </div>
   <div class='ocr_carea' id='block_1_7' title="bbox 0 824 4 970">
    <p class='ocr_par' dir='ltr' id='par_1_7' title="bbox 0 824 4 970">
     <span class='ocr_line' id='line_1_38' title="bbox 0 824 4 970; baseline 0 2265"><span class='ocrx_word' id='word_1_321' title='bbox 0 824 4 970; x_wconf 95' lang='lat' dir='ltr'> </span> 
     </span>
    </p>
   </div>
  </div>
 </body>
</html>
