1769 3235
8 205 12 245 i

7 253 12 328 Ι
489 273 699 303 Epls'sOLA
736 273 950 303 ccxxvtu.
1322 257 1410 304 983

6 384 11 425 ἱ

37 340 343 391 formida,utu1
376 348 580 393 avertere,
602 336 795 383 necideo
826 348 967 384 tamen
992 338 1230 400 propteris
1215 348 1294 393 ta,
1316 355 1415 415 quae

38 413 198 467 incerta
222 420 349 464 sunt,
377 408 508 454 debet
533 409 670 454 nostri
690 408 820 453 officii
846 425 932 453 esse
953 419 1068 454 certa
1091 408 1301 457 desertio
1327 409 1415 454 sine

4 446 9 532 l
39 497 123 545 quo
141 490 204 526 est
233 479 353 542 plebi
375 489 492 524 certa
515 477 761 541 pernicies,
790 494 876 523 non
902 478 947 522 in
970 478 1100 524 rebus
1123 479 1223 524 vitae
1248 458 1410 536 hujus,

3 580 7 618 ,
39 550 109 604 sed
146 549 319 595 alterius
359 547 762 625 incomparabiliter
811 547 1059 606 diligentius
1105 547 1416 625 sollicitiusque

2 621 5 663 ἔ
39 618 258 666 curandae.
295 619 405 664 Nam
427 618 459 663 si
487 628 603 663 certa
627 627 763 662 essent
793 618 869 662 ista
893 616 1004 661 mala
1023 634 1159 679 ,quae
1187 618 1410 672 timentur,

1 671 5 743 l
38 706 90 738 ne
123 691 167 734 in
204 689 339 743 locis,
371 689 415 733 in
441 688 603 751 quibus
634 704 810 741 sumus,
846 686 957 732 forte
977 653 1151 745 ςᾶῐιῐὶιιῖ,
1143 698 1261 742 ant,
1297 688 1418 750 prius

1 772 5 812 ε
39 759 138 809 inde
159 759 354 819 fugerent
389 775 568 815 omnes,
599 769 779 821 propter-
807 774 914 821 quos
940 757 1004 803 ibi
1027 757 1291 804 manendum
1317 769 1411 809 est,

0 851 3 892 g
39 839 80 876 et
100 845 177 874 nos
196 846 217 873 a
237 828 439 874 manendi
459 829 706 874 necessitate
730 828 888 874 liberos
912 826 1157 874 redderent.
1183 827 1280 872 uon
1301 810 1415 872 enini

0 916 3 955 ι
39 899 267 963 quisquam
290 909 352 944 est
372 935 382 955 ,
409 899 486 962 qui
507 898 626 944 dicat
648 898 865 944 ministros
893 914 1065 944 manere
1088 907 1313 959 oportere,
1339 897 1416 942 ubi

0 964 3 1026 Ξ
33 971 124 1029 jam
143 985 229 1014 non
242 968 403 1014 fuerint
418 968 581 1032 quibus
607 985 771 1013 neeesse
791 969 844 1014 sit
865 967 1122 1013 ministrare.
1149 967 1215 1012 Ita
1234 966 1414 1029 quidam

40 1038 173 1085 sancti
200 1038 395 1100 episcopi
413 1038 466 1084 de
491 1039 702 1100 Hispania
733 1037 1045 1100 profugerunt,
1072 1038 1192 1100 prius
1211 1037 1418 1100 plebibus

41 1107 197 1170 partim
217 1106 318 1166 fuga
336 1107 468 1170 lapsis
488 1144 499 1161 ‚
523 1108 685 1170 partim
710 1108 948 1170 peremptis
968 1144 977 1162 ‚
1007 1108 1166 1170 partim
1191 1107 1419 1153 obsidione

42 1178 306 1239 consumptis
325 1214 334 1231 ‚
360 1177 519 1239 partim
536 1178 788 1239 captivitate
807 1178 1012 1240 dispersis
1036 1195 1045 1222 z
1072 1177 1143 1224 sed
1169 1178 1307 1223 multo
1326 1177 1423 1240 plu-

41 1263 104 1293 res
127 1246 219 1295 illic
239 1247 539 1299 manentibus,
562 1258 743 1310 propter
759 1264 867 1310 quos
887 1258 1127 1301 manerent,
1149 1248 1232 1294 sub
1251 1265 1418 1295 eorum-

40 1315 136 1370 dem
154 1316 452 1379 periculorum
473 1317 682 1363 densitate
702 1328 964 1365 manserunt.
993 1319 1048 1362 Et
1072 1318 1106 1362 si
1134 1318 1270 1380 aliqui
1297 1318 1420 1364 (lese-

36 1397 218 1433 ruerunt
248 1386 393 1449 plebes
428 1405 520 1433 suas
544 1425 555 1444 ,
603 1388 689 1433 hoc
726 1399 787 1433 est
821 1387 940 1450 quod
977 1387 1164 1433 dicimus
1203 1388 1296 1433 fieri
1332 1405 1420 1433 non

42 1457 209 1513 debere.
241 1458 390 1519 Neque
417 1459 529 1506 enim
564 1459 667 1504 tales
698 1458 817 1507 docti
851 1459 1109 1504 auctoritate
1142 1457 1320 1512 divina3
1347 1457 1421 1504 sed

42 1527 236 1575 humano
262 1527 327 1572 vel
350 1544 492 1573 errore
511 1528 711 1591 decepti,
734 1528 800 1574 vel
821 1528 976 1574 timore
1000 1539 1099 1575 sunt
1123 1528 1250 1575 victi.

105 1597 180 1644 VI.
213 1600 304 1645 Cur
334 1599 446 1644 enim
481 1600 563 1644 sibi
592 1610 749 1661 putant
781 1600 1076 1649 indifferenter
1100 1599 1422 1662 obtemperan-

43 1667 148 1725 dum
182 1685 268 1714 esse
296 1680 541 1732 praecepto,
572 1670 648 1715 ubi
673 1670 822 1729 legunt
851 1669 904 1716 de
929 1670 1104 1716 civitate
1131 1669 1175 1721 in
1203 1669 1421 1717 civitatem

44 1755 129 1795 esse
146 1738 465 1798 fugiendun113
503 1750 545 1785 et
576 1740 892 1786 mercenarium
923 1757 1010 1787 non
1047 1739 1309 1795 exhorrent,
1349 1740 1425 1802 qui

44 1808 161 1865 videt
179 1808 334 1872 lupum
353 1810 592 1856 venientem
614 1822 657 1856 et
672 1811 808 1870 fugit,
837 1811 1043 1874 quoniam
1066 1827 1156 1856 non
1180 1820 1240 1856 est
1264 1810 1302 1855 ei
1321 1827 1426 1861 cura

46 1878 97 1935 de
115 1879 272 1935 ovibus
286 1880 303 1908 2
320 1882 337 1925 P
364 1879 456 1925 Cur
478 1897 565 1925 non
595 1881 695 1927 istas
713 1881 821 1926 duas
835 1880 1084 1930 dominicas
1102 1896 1311 1942 verasque
1331 1897 1425 1926 sen-

47 1948 219 2006 tentias,
247 1966 377 1995 unam
401 1949 565 1996 scilicet
596 1951 674 1996 ubi
703 1950 807 2010 fuga
825 1951 979 1996 sinitur
1003 1959 1078 1995 aut
1098 1950 1299 2008 jubetur,
1321 1949 1423 1996 alte-

47 2036 136 2077 ram
154 2019 233 2073 ubi
256 2020 451 2079 arguitur
470 2031 597 2084 atque
620 2020 843 2084 culpatur,
867 2021 929 2066 sic
953 2019 1194 2079 intelligere
1221 2019 1419 2075 student,

50 2099 98 2143 ut
127 2089 238 2140 inter
274 2106 316 2135 se
354 2090 624 2153 reperiantur
653 2108 742 2139 non
774 2107 861 2136 esse
892 2089 1149 2144 contrariae,
1189 2089 1303 2135 sicut
1337 2107 1426 2143 non

49 2161 182 2211 sunt?
212 2161 267 2207 Et
294 2160 381 2205 hoc
404 2160 631 2223 quomodo
655 2161 889 2224 reperitur,
925 2159 1008 2209 nisi
1032 2158 1284 2207 attendatur
1304 2159 1423 2223 quod

45 2233 131 2289 jam
158 2230 357 2293 superius
381 2230 603 2294 disputavi
621 2268 631 2289 ,
658 2242 765 2289 tunc
786 2231 839 2279 de
861 2230 985 2286 locis,
1007 2230 1052 2277 in
1072 2230 1236 2293 quibus
1257 2246 1424 2287 sumus,

50 2310 269 2365 premente
290 2302 587 2363 persecutione
608 2301 865 2362 fugiendum
885 2318 972 2348 esse
991 2300 1157 2350 Christi
1188 2300 1396 2348 ministris
1413 2337 1425 2358 ,

50 2370 225 2434 quando
249 2371 310 2420 ibi
335 2382 411 2419 aut
431 2371 556 2435 plebs
578 2372 741 2431 Christi
763 2390 852 2424 non
866 2371 1014 2428 fuerit,
1040 2371 1113 2423 cui
1131 2370 1426 2426 ministretur;

51 2451 126 2497 aut
146 2441 272 2493 etiam
296 2441 429 2490 fuerit
444 2478 456 2497 ‚
479 2452 521 2487 et
553 2453 692 2505 potest
716 2443 890 2506 impleri
915 2459 992 2505 per
1015 2441 1119 2499 alios
1143 2442 1429 2499 necessarium

51 2510 354 2567 ministerium,
381 2511 544 2575 quibus
565 2512 714 2558 eadem
734 2531 822 2559 non
843 2523 906 2559 est
924 2529 1054 2558 causa
1071 2511 1296 2572 fugiendi3
1323 2513 1434 2559 sicut

100 2592 246 2625 1ΜειῑεΙι.
267 2604 300 2632 x,
320 2594 372 2624 23.
391 2611 435 2618 —
454 2591 470 2615 2
486 2596 701 2631 Joan.x‚19..
