1769 3235
529 283 738 314 EPIS'IOLA
776 284 873 314 cxc.
1334 271 1385 316 3³

26 359 68 395 et
97 348 243 413 potius
278 347 442 394 discere
463 348 698 411 cupientis,
726 349 845 411 apud
878 366 944 394 me
975 348 1056 407 legi
1081 360 1252 412 potest:
1277 351 1391 397 mitti

25 435 126 464 vero
155 418 321 482 uspiam
357 434 445 463 non
480 417 633 473 debet,
673 418 738 464 vel
774 419 978 481 cuiquam
1014 419 1127 464 {oras
1156 420 1280 476 dari,
1311 422 1392 467 nisi

24 506 124 536 cum
145 488 354 551 rescripta
373 489 561 535 Domino
582 489 815 549 adjuvante
834 507 1066 553 percepero
1083 509 1094 543 ;
1114 490 1158 535 id
1185 492 1303 553 quod
1319 492 1390 538 ille

24 561 176 615 sentit,
215 559 540 622 promptissime
575 577 624 605 ac
649 560 928 605 libentissime
959 559 1235 616 defensurus,
1266 561 1299 606 si
1327 579 1394 608 me

23 630 178 677 docere
196 629 414 693 potuerit,
445 630 666 692 quomodo
687 631 843 676 animae
860 647 944 675 non
965 646 1011 675 ex
1034 629 1171 675 Adam
1190 631 1391 688 veniant,

23 710 230 747 ettamen
260 716 306 744 ex
338 698 414 745 illo
443 703 605 759 justam
630 710 787 746 sortem
822 699 1110 745 damnationis
1141 701 1392 758 inveniant,

23 769 104 818 nisi
129 770 182 816 ad
206 769 495 834 remissionem
521 781 801 834 peccatorum
828 769 1091 815 renascendo
1115 772 1389 833 perveniant.

25 840 150 889 Absit
163 840 275 885 enim
293 850 340 885 ut
355 839 582 886 credamus
599 841 666 886 vel
687 840 848 886 animas
865 839 1151 903 parvulorum
1167 841 1211 886 in
1225 841 1398 888 lavacro

22 910 357 971 regenerationis
372 909 522 956 falsam
541 912 738 975 accipere
753 922 957 974 peccator
963 928 1031 956 um
1049 911 1396 969 mundationem,

24 981 92 1029 vel
112 982 248 1027 Deum
273 997 387 1037 esse,
415 991 489 1027 aut
505 981 695 1046 aliquam
715 993 917 1028 naturam
934 998 1063 1045 quam
1091 999 1176 1027 non
1202 983 1402 1029 condidit

26 1052 165 1108 Deus,
197 1051 314 1097 1111115
332 1068 379 1096 ex
403 1068 488 1114 qua
510 1052 780 1098 mundantur
815 1052 1125 1115 inquinationis
1157 1063 1394 1101 auctorem.

24 1124 176 1168 Donec
194 1137 295 1180 ergo
314 1131 392 1166 aut
413 1121 486 1167 ille
505 1122 741 1177 rescribat,
765 1133 840 1168 aut
860 1139 963 1181 ego,
985 1123 1018 1167 si
1044 1125 1160 1168 Deus
1181 1123 1394 1179 voluerit,

24 1191 170 1255 aliquo
189 1190 321 1237 modo
334 1190 497 1236 discam
514 1227 526 1247 ‚
547 1159 762 1237 511111113111
776 1191 830 1237 de
845 1192 918 1237 1113
928 1193 1173 1254 peccatrice
1189 1160 1397 1253 origineni

25 1262 176 1318 ducit,
197 1277 297 1325 quae
313 1277 442 1307 causa
458 1261 513 1306 sit
526 1260 684 1307 animae
697 1261 915 1308 subeundi
927 1261 1134 1321 originale
1146 1274 1395 1325 peccatum,

24 1333 144 1397 quod
164 1348 334 1378 necesse
357 1341 419 1378 est
450 1349 538 1378 esse
571 1332 617 1378 in
650 1332 856 1378 omnibus
881 1332 1102 1396 parvulis;
1131 1343 1172 1377 et
1196 1350 1282 1396 quo
1305 1350 1400 1379 eam

25 1420 105 1451 nec
127 1404 244 1450 Deus
263 1402 379 1462 cogit
402 1401 616 1449 insontem
635 1439 646 1457 ‚
669 1404 772 1467 quia
793 1403 1007 1466 peccandi
1032 1414 1185 1449 auctor
1204 1421 1292 1450 non
1311 1414 1396 1461 est,

25 1492 105 1521 nec
131 1474 217 1521 ulla
236 1474 336 1520 mali
354 1483 511 1521 natura
527 1511 541 1531 ,
561 1474 665 1539 quia
682 1491 768 1520 non
782 1484 870 1530 est3
898 1473 1010 1520 nihil
1028 1473 1108 1520 tale
1126 1474 1262 1521 audeo
1280 1492 1400 1538 prae-

26 1544 189 1592 dicare.

91 1616 236 1664 XXll.
271 1616 333 1661 Te
358 1626 526 1671 autem,
569 1615 604 1661 si
639 1616 826 1662 libenter
853 1616 919 1662 vel
944 1615 1157 1679 patienter
1180 1614 1397 1673 admittis,

26 1686 278 1736 charissime
297 1685 441 1744 frater,
469 1685 682 1732 admoneo
702 1724 713 1743 ‚
750 1705 802 1733 ne
836 1687 1037 1733 haeresim
1064 1704 1221 1732 novam
1258 1687 1402 1733 minus

27 1758 411 1814 cautusincurras‚
429 1774 531 1822 quae
549 1758 861 1821 antiquissimae
886 1757 987 1804 fidei
1008 1757 1199 1803 stabilita
1225 1757 1404 1804 molitur

26 1829 308 1878 fundamenta
332 1829 573 1874 convellere
592 1829 796 1875 adversus
817 1829 895 1874 Dei
914 1828 1095 1889 gratiam
1118 1828 1402 1891 disputando,

26 1918 158 1965 quam
184 1899 395 1945 Dominus
411 1899 612 1945 Christus
630 1900 799 1963 pusillis
814 1910 855 1945 et
873 1901 1038 1959 magnis
1055 1898 1262 1944 ineffabili
1278 1899 1407 1945 boni-

30 1982 114 2018 tate
131 1969 314 2030 largitur
341 1986 352 2014 ε
379 1973 505 2029 cujus
531 1970 598 2015 vel
620 1981 839 2026 auctores,
867 1969 934 2016 vel
959 1980 1073 2015 certo
1105 1970 1303 2016 acerrimi
1322 1987 1403 2016 no-

29 2042 269 2104 tissimique
285 2057 478 2086 suasores
501 2057 600 2086 cum
621 2040 820 2100 Pelagius
839 2051 881 2086 et
901 2040 1130 2087 Coelestius
1151 2041 1403 2097 extitissent,

30 2112 316 2161 conciliorum
347 2111 663 2175 episcopalium
693 2112 916 2171 vigilantia
942 2112 984 2158 in
1013 2112 1229 2172 adjutorio
1254 2112 1407 2158 Salva—

31 2184 159 2238 toris‚
180 2182 255 2246 qui
272 2198 395 2228 suam
424 2193 569 2228 tuetur
594 2182 858 2238 Ecclesiam,
887 2183 1016 2228 ctiam
1037 2201 1058 2228 a
1082 2183 1257 2229 duobus
1274 2198 1407 2229 vene—

30 2254 245 2302 rabilibus
262 2252 529 2299 antistitibus
551 2253 803 2316 apostolicae
829 2253 951 2300 Sedis
971 2290 982 2309 ‚
1006 2271 1121 2317 papa
1152 2253 1407 2299 Innocentio

32 2337 74 2373 et
90 2343 204 2389 papa
227 2324 400 2369 Zosimo
415 2360 426 2381 ,
453 2323 533 2369 nisi
550 2323 734 2369 correcti
751 2324 879 2369 etiam
901 2325 1065 2384 egerint
1083 2324 1404 2388 poenitentiam,

35 2407 124 2444 toto
148 2394 387 2442 christiano
411 2394 516 2440 orbe
546 2393 743 2440 damnati
781 2405 894 2441 sunt.
931 2396 991 2440 De
1021 2396 1183 2459 quibus
1214 2394 1408 2458 exempla

33 2466 268 2516 recentium
284 2465 523 2512 litterarum
542 2503 553 2522 ‚
575 2466 663 2511 sive
687 2482 790 2528 quae
810 2465 1054 2529 specialiter
1074 2466 1127 2512 ad
1152 2467 1275 2513 Afros
1292 2502 1302 2521 ‚
1323 2466 1411 2511 sive

32 2555 134 2606 quae
153 2536 452 2585 universaliter
478 2536 531 2584 ad
555 2554 703 2583 omnes
720 2536 949 2601 episcopos
979 2536 1033 2583 de
1056 2547 1293 2585 memorata
1316 2535 1414 2583 sede

35 2618 269 2658 manarunt
284 2643 296 2665 ‚
323 2625 377 2656 ne
392 2607 505 2656 forte
520 2608 574 2655 ad
595 2618 778 2655 vestram
805 2608 1074 2655 sanctitatem
1095 2608 1292 2656 nondum
1309 2619 1414 2671 per·
