1769 3235
539 289 753 320 Emsrom
789 290 935 322 cchI.
1353 276 1444 323 213

65 359 153 406 sive
185 358 351 404 bonum
375 394 386 413 ‚
429 356 516 403 sive
549 356 749 403 malum1
781 376 790 402 :
832 358 934 420 quia
968 358 1110 405 veniet
1135 359 1377 416 Dominus,
1407 370 1450 405 et

67 446 226 476 merces
252 432 342 488 ejus
376 445 475 474 cum
501 428 628 490 ipso2
652 445 661 472 ε
690 428 790 490 quia
817 428 950 473 stabit
972 428 1131 485 homo,
1157 442 1198 476 et
1222 449 1333 495 opus
1357 434 1449 490 ejus

69 510 166 546 ante
191 499 337 562 ipsum
354 535 364 555 ,
386 499 488 562 quia
507 499 648 544 veniet
677 499 889 543 Dominus
916 499 1027 544 sicut
1047 500 1249 546 clibanus
1274 501 1445 551 ardens,

69 581 117 617 ut
151 569 356 616 incendat
396 570 555 632 impios
591 580 798 632 tanquam
836 569 1043 631 stipulam
1067 607 1076 624 ‚
1120 582 1161 615 et
1196 572 1451 617 timentibus

69 657 226 687 nomen
262 640 440 686 Domini
465 640 628 685 orietur
651 639 713 684 sol
747 640 930 698 justiti-az
954 675 963 691 ,
991 641 1169 703 quando
1192 642 1317 704 impii
1357 659 1449 704 pu-

69 713 241 758 nientur
260 711 429 771 judicio
450 711 633 770 justitiae
652 711 683 755 3.
713 710 807 755 Hoc
836 713 979 768 justus
1002 748 1012 765 ,
1042 715 1168 770 cujus
1201 723 1246 757 tu
1280 713 1447 758 amicus

69 800 111 829 es
137 781 311 828 domine
328 799 445 845 papa
464 819 474 836 ‚
506 781 749 836 exclamat,
777 782 1096 836 contremiscit,
1125 793 1165 827 et
1192 783 1452 846 suppliciter

70 852 234 907 dicitl‘3
257 875 276 895 «
298 853 484 899 Domine
503 870 556 897 ne
573 852 706 897 intres
723 852 767 897 in
787 851 1005 912 judicium
1021 869 1122 898 cum
1147 870 1268 898 servo
1289 864 1364 898 tuo
1386 853 1452 898 5.»

72 924 117 970 Si
140 924 276 984 gratia
301 934 408 970 esset
432 922 755 969 remunerantis
775 960 785 977 ,
808 940 896 968 non
924 924 1093 969 timeret
1112 927 1254 983 Justus
1275 933 1456 969 secrcta-

71 994 414 1055 riumjudicium
442 994 690 1052 majestatis.
730 994 851 1038 Servi
872 994 935 1039 tui
958 993 1075 1039 Flori
1100 994 1199 1040 haec
1224 993 1331 1039 fides
1355 1004 1417 1038 est
1438 1030 1448 1047 ‚

72 1076 219 1130 pater,
249 1081 336 1109 non
360 1064 472 1110 sicut
502 1063 657 1109 fratres
692 1064 760 1109 isti
798 1074 898 1109 sunt
924 1063 1093 1110 locuti:
1122 1064 1166 1109 in
1190 1063 1453 1127 praesentia-

73 1153 170 1183 rum
197 1135 427 1181 audierunt
447 1135 503 1180 ab
527 1134 601 1180 illo
635 1134 801 1180 dictum
823 1172 833 1189 ‚
864 1152 949 1180 non
972 1139 1093 1195 juxta
1120 1136 1272 1181 merita
1310 1145 1455 1180 nostra

74 1208 167 1254 dari
191 1206 357 1252 donum
381 1205 571 1269 pietatiS‚
594 1205 667 1251 sed
686 1223 766 1268 per
789 1207 970 1266 gratiam
995 1207 1319 1270 Redemptoris.
1346 1206 1457 1250 Nam

75 1278 128 1324 de
145 1278 220 1323 illo
249 1277 342 1333 die,
362 1277 459 1340 quis
483 1277 655 1322 dubitet
679 1277 807 1336 longe
834 1294 920 1322 esse
943 1278 1122 1336 gratiam
1142 1315 1151 1332 ‚
1181 1295 1281 1323 cum
1304 1293 1458 1339 coepe-

75 1350 130 1396 rit
152 1347 277 1394 irasci
295 1348 499 1408 justitia?
526 1349 611 1394 hoc
641 1349 897 1405 clamamus,
921 1359 1072 1412 pater3
1096 1349 1182 1395 hoc
1209 1359 1246 1394 te
1274 1348 1457 1394 docente

76 1420 272 1467 canimus
291 1458 301 1476 ,
326 1437 414 1465 non
431 1419 587 1474 securi,
618 1419 690 1465 sed
716 1419 876 1482 trepidi
896 1457 906 1474 ‚
934 1441 953 1460 «
976 1420 1164 1465 Domine
1179 1437 1232 1465 ne
1251 1420 1296 1465 in
1316 1418 1461 1464 furore

77 1513 97 1533 »
122 1501 197 1536 tuo
223 1508 375 1551 arguas
400 1508 469 1536 me
489 1528 499 1543 ,
523 1508 664 1553 neque
684 1491 727 1536 in
753 1491 816 1535 ira
836 1501 906 1536 tua
931 1490 1141 1554 corripias
1170 1491 1287 1536 mefi.
1312 1511 1332 1531 »
1360 1490 1458 1535 Hoc

77 1561 289 1617 dicimus,
307 1561 539 1607 «Emenda
565 1579 658 1617 nos,
689 1561 896 1618 Domine,
937 1572 979 1606 et
1022 1561 1076 1607 de
1102 1563 1213 1621 Lege
1238 1571 1312 1606 tua
1338 1559 1465 1606 erudi

79 1653 100 1675 ›>
119 1649 222 1688 nos,
262 1643 310 1678 ut
342 1633 510 1692 mitiges
545 1650 622 1678 nos
649 1650 672 1678 a
696 1631 852 1678 diebus
874 1633 997 1678 malis
1015 1633 1048 1678 7.
1076 1654 1095 1674 »
1124 1634 1220 1678 Hoc
1246 1631 1465 1678 credimus

78 1703 344 1760 docentem,
376 1704 634 1750 venerabilis
658 1714 804 1768 pater,
833 1705 936 1768 quia
960 1706 1075 1750 Deus
1107 1703 1342 1763 interrogat
1370 1703 1464 1762 ius—

80 1786 170 1821 tum
196 1786 236 1820 et
254 1775 440 1838 impium
459 1813 468 1830 ‚
498 1776 601 1838 quia
625 1794 646 1820 a
667 1775 824 1821 dextris
844 1786 883 1820 ct
908 1793 931 1820 a
947 1776 1130 1820 sinistris
1153 1774 1308 1837 positis
1330 1773 1459 1818 bonis

79 1857 119 1892 et
143 1846 290 1901 malis,
310 1848 500 1910 imputat
520 1846 841 1892 remuneranda
867 1864 999 1910 opera
1024 1847 1215 1909 pietatis,
1240 1853 1466 1891 enumerat

81 1916 348 1980 puniendam
367 1917 642 1962 tenacitatem
657 1917 905 1980 impictatis.
926 1917 1011 1962 [Ibi
1023 1917 1103 1962 erit
1116 1916 1272 1976 gratia,
1291 1914 1469 1978 quando

79 2005 162 2051 pro
194 1988 260 2033 sui
288 1988 497 2052 qualitate
534 1988 855 2052 dispungentur
891 2005 1023 2051 opera
1047 2026 1057 2041 ,
1093 1988 1180 2033 sive
1202 1988 1320 2033 bona
1339 2024 1350 2041 ‚
1377 1987 1465 2032 sive

81 2059 195 2104 mala
208 2061 227 2104 P
242 2081 262 2100 >)

147 2129 197 2176 V.
230 2152 251 2172 «
270 2130 354 2177 Sed
379 2147 458 2177 cur
480 2149 568 2177 non
589 2131 806 2177 directum
829 2148 914 2177 non
945 2131 1065 2177 timet
1088 2129 1274 2194 proferri
1296 2129 1470 2175 menda·

84 2201 220 2256 cium3
241 2202 453 2247 Liberum
484 2202 717 2247 arbitrium
740 2202 819 2248 Dei
840 2202 978 2262 gratia
1000 2212 1202 2247 curatum
1226 2217 1316 2246 non
1337 2217 1473 2260 nega-

84 2288 179 2317 mus
194 2309 205 2327 ,
229 2272 301 2317 sed
326 2290 405 2335 per
427 2272 594 2318 Christi
615 2273 917 2336 quotidianam
940 2273 1121 2333 gratiam
1141 2271 1355 2335 proficere
1373 2287 1472 2316 cre-

86 2341 255 2399 dimus,
285 2353 326 2388 et
351 2343 548 2403 adjuvari
585 2343 866 2390 confidimus.
902 2342 1022 2400 Quid
1051 2342 1251 2388 homines
1284 2340 1470 2397 dicunt,

87 2412 140 2457 ln
155 2429 250 2458 mea
268 2425 330 2459 est
349 2424 579 2477 potestate,
601 2425 648 2459 ut
662 2414 815 2460 faciam
835 2414 1038 2459 bonum?
1058 2413 1091 2459 si
1112 2424 1257 2458 tamen
1275 2411 1477 2457 homines

87 2482 278 2531 facerent
297 2486 482 2532 bonum.
517 2487 556 2532 Ο
578 2486 719 2532 inanis
739 2486 938 2546 gloriatio
967 2484 1250 2531 miserorum!
1280 2483 1479 2549 quotidIe

137 2584 146 2605 ¹
170 2596 187 2615 2
207 2587 280 2617 Cor.
303 2598 334 2626 v,
362 2598 414 2617 10.
430 2605 471 2610 —
493 2584 508 2608 ²
522 2586 597 2620 Isai.
614 2597 667 2622 η,
689 2598 744 2623 ιο,
763 2604 808 2610 -
825 2583 840 2608 3
859 2587 945 2619 Joejl.
967 2597 1002 2623 n,
1022 2587 1094 2619 3-5.
1122 2604 1167 2610 —
1182 2582 1196 2607 ⁴
1214 2582 1419 2626 Malach,1v,
1440 2594 1475 2618 α.

90 2657 134 2664 -
152 2637 165 2662 ⁵
180 2639 263 2673 Psal.
281 2640 429 2686 cx1.11‚{2.
446 2661 487 2667 -
503 2638 518 2663 ⁶
535 2641 582 2675 Id.
598 2653 643 2681 vt,
665 2654 699 2674 2.
716 2661 761 2666 —
778 2641 791 2664 '¹
810 2642 859 2676 Id.
879 2651 969 2682 xcm,
991 2655 1042 2677 12,
