<?xml version="1.0" encoding="UTF-8"?>
<!DOCTYPE html PUBLIC "-//W3C//DTD XHTML 1.0 Transitional//EN"
    "http://www.w3.org/TR/xhtml1/DTD/xhtml1-transitional.dtd">
<html xmlns="http://www.w3.org/1999/xhtml" xml:lang="en" lang="en">
 <head>
  <title>
</title>
<meta http-equiv="Content-Type" content="text/html;charset=utf-8" />
  <meta name='ocr-system' content='tesseract 3.04.00' />
  <meta name='ocr-capabilities' content='ocr_page ocr_carea ocr_par ocr_line ocrx_word'/>
</head>
<body>
  <div class='ocr_page' id='page_1' title='image "./operaomniaaccura41auguuoft/operaomniaaccura41auguuoft_0216.png"; bbox 0 0 1769 3235; ppageno 0'>
   <div class='ocr_carea' id='block_1_1' title="bbox 350 247 1761 302">
    <p class='ocr_par' dir='ltr' id='par_1_1' title="bbox 350 247 1761 302">
     <span class='ocr_line' id='line_1_1' title="bbox 350 247 1761 302; baseline 0.004 -17"><span class='ocrx_word' id='word_1_1' title='bbox 350 254 439 285; x_wconf 79' lang='lat'>202</span> <span class='ocrx_word' id='word_1_2' title='bbox 759 257 792 287; x_wconf 89' lang='grc'>5.</span> <span class='ocrx_word' id='word_1_3' title='bbox 838 255 1082 288; x_wconf 64' lang='lat' dir='ltr'>Aucus-nm</span> <span class='ocrx_word' id='word_1_4' title='bbox 1116 257 1320 289; x_wconf 76' lang='lat' dir='ltr'>EPISCOPI</span> <span class='ocrx_word' id='word_1_5' title='bbox 1738 247 1761 315; x_wconf 43' lang='grc' dir='ltr'>ξ’</span> 
     </span>
    </p>
   </div>
   <div class='ocr_carea' id='block_1_2' title="bbox 413 319 1765 389">
    <p class='ocr_par' dir='ltr' id='par_1_2' title="bbox 413 319 1765 389">
     <span class='ocr_line' id='line_1_2' title="bbox 413 319 1765 389; baseline 0.006 -25"><span class='ocrx_word' id='word_1_6' title='bbox 413 319 462 366; x_wconf 91' lang='lat' dir='ltr'>V.</span> <span class='ocrx_word' id='word_1_7' title='bbox 498 319 636 366; x_wconf 88' lang='lat' dir='ltr'>Multa</span> <span class='ocrx_word' id='word_1_8' title='bbox 656 331 779 366; x_wconf 86' lang='lat' dir='ltr'>erant</span> <span class='ocrx_word' id='word_1_9' title='bbox 795 322 1062 385; x_wconf 83' lang='lat' dir='ltr'>,quaevobis</span> <span class='ocrx_word' id='word_1_10' title='bbox 1084 322 1254 369; x_wconf 81' lang='lat' dir='ltr'>mitteie</span> <span class='ocrx_word' id='word_1_11' title='bbox 1275 323 1540 386; x_wconf 83' lang='lat' dir='ltr'>cupiebam,</span> <span class='ocrx_word' id='word_1_12' title='bbox 1562 325 1765 389; x_wconf 90' lang='lat' dir='ltr'>quibus</span> 
     </span>
    </p>
   </div>
   <div class='ocr_carea' id='block_1_3' title="bbox 341 388 1769 2564">
    <p class='ocr_par' dir='ltr' id='par_1_3' title="bbox 341 388 1769 2564">
     <span class='ocr_line' id='line_1_3' title="bbox 346 388 1769 458; baseline 0.006 -24"><span class='ocrx_word' id='word_1_13' title='bbox 346 388 485 446; x_wconf 83' lang='lat' dir='ltr'>lectis,</span> <span class='ocrx_word' id='word_1_14' title='bbox 506 399 639 436; x_wconf 83' lang='lat' dir='ltr'>totam</span> <span class='ocrx_word' id='word_1_15' title='bbox 668 390 806 454; x_wconf 83' lang='lat' dir='ltr'>ipsam</span> <span class='ocrx_word' id='word_1_16' title='bbox 839 408 1040 446; x_wconf 87' lang='lat' dir='ltr'>causam,</span> <span class='ocrx_word' id='word_1_17' title='bbox 1065 409 1166 455; x_wconf 85' lang='lat' dir='ltr'>quae</span> <span class='ocrx_word' id='word_1_18' title='bbox 1185 393 1381 439; x_wconf 88' lang='lat' dir='ltr'>conciliis</span> <span class='ocrx_word' id='word_1_19' title='bbox 1404 394 1769 458; x_wconf 69' lang='lat' dir='ltr'>episcopalibuszz</span> 
     </span>
     <span class='ocr_line' id='line_1_4' title="bbox 348 418 1769 534; baseline 0.005 -29"><span class='ocrx_word' id='word_1_20' title='bbox 348 467 442 505; x_wconf 81' lang='lat' dir='ltr'>&#39;acta</span> <span class='ocrx_word' id='word_1_21' title='bbox 467 470 528 505; x_wconf 88' lang='lat' dir='ltr'>est</span> <span class='ocrx_word' id='word_1_22' title='bbox 548 460 750 507; x_wconf 86' lang='lat' dir='ltr'>adversus</span> <span class='ocrx_word' id='word_1_23' title='bbox 771 459 942 507; x_wconf 89' lang='lat' dir='ltr'>eosdem</span> <span class='ocrx_word' id='word_1_24' title='bbox 966 429 1216 522; x_wconf 84' lang='lat' dir='ltr'>Pelagianos</span> <span class='ocrx_word' id='word_1_25' title='bbox 1242 463 1501 521; x_wconf 60' lang='lat' dir='ltr'>haereticos,</span> <span class='ocrx_word' id='word_1_26' title='bbox 1535 464 1723 526; x_wconf 87' lang='lat' dir='ltr'>diligen·</span> <span class='ocrx_word' id='word_1_27' title='bbox 1740 418 1769 534; x_wconf 73' lang='lat' dir='ltr'>ll</span> 
     </span>
     <span class='ocr_line' id='line_1_5' title="bbox 345 498 1769 602; baseline 0.004 -27"><span class='ocrx_word' id='word_1_28' title='bbox 345 530 430 576; x_wconf 80' lang='lat' dir='ltr'>tius</span> <span class='ocrx_word' id='word_1_29' title='bbox 450 541 493 576; x_wconf 91' lang='lat' dir='ltr'>et</span> <span class='ocrx_word' id='word_1_30' title='bbox 515 530 684 594; x_wconf 87' lang='lat' dir='ltr'>plenius</span> <span class='ocrx_word' id='word_1_31' title='bbox 712 549 833 578; x_wconf 87' lang='lat' dir='ltr'>nosse</span> <span class='ocrx_word' id='word_1_32' title='bbox 850 532 1061 595; x_wconf 90' lang='lat' dir='ltr'>possetis.</span> <span class='ocrx_word' id='word_1_33' title='bbox 1069 498 1162 578; x_wconf 48' lang='lat' dir='ltr'>”sed</span> <span class='ocrx_word' id='word_1_34' title='bbox 1192 532 1371 580; x_wconf 64' lang='lat' dir='ltr'>festinax</span> <span class='ocrx_word' id='word_1_35' title='bbox 1378 545 1506 580; x_wconf 89' lang='lat' dir='ltr'>erunt</span> <span class='ocrx_word' id='word_1_36' title='bbox 1539 535 1719 596; x_wconf 75' lang='lat' dir='ltr'>fratres,</span> <span class='ocrx_word' id='word_1_37' title='bbox 1741 523 1769 602; x_wconf 64' lang='lat' dir='ltr'>{f</span> 
     </span>
     <span class='ocr_line' id='line_1_6' title="bbox 347 596 1752 668; baseline 0.004 -22"><span class='ocrx_word' id='word_1_38' title='bbox 347 601 424 665; x_wconf 91' lang='lat' dir='ltr'>qui</span> <span class='ocrx_word' id='word_1_39' title='bbox 448 618 493 646; x_wconf 86' lang='lat' dir='ltr'>ex</span> <span class='ocrx_word' id='word_1_40' title='bbox 512 618 692 647; x_wconf 89' lang='lat' dir='ltr'>numero</span> <span class='ocrx_word' id='word_1_41' title='bbox 719 612 859 648; x_wconf 88' lang='lat' dir='ltr'>vestro</span> <span class='ocrx_word' id='word_1_42' title='bbox 895 602 948 648; x_wconf 88' lang='lat' dir='ltr'>ad</span> <span class='ocrx_word' id='word_1_43' title='bbox 981 620 1058 648; x_wconf 89' lang='lat' dir='ltr'>nos</span> <span class='ocrx_word' id='word_1_44' title='bbox 1086 614 1322 657; x_wconf 80' lang='lat' dir='ltr'>venerunt,</span> <span class='ocrx_word' id='word_1_45' title='bbox 1357 621 1434 666; x_wconf 85' lang='lat' dir='ltr'>per</span> <span class='ocrx_word' id='word_1_46' title='bbox 1470 621 1577 668; x_wconf 92' lang='lat' dir='ltr'>quos</span> <span class='ocrx_word' id='word_1_47' title='bbox 1601 596 1752 657; x_wconf 75' lang='lat' dir='ltr'>vobisl</span> 
     </span>
     <span class='ocr_line' id='line_1_7' title="bbox 346 662 1769 735; baseline 0.003 -19"><span class='ocrx_word' id='word_1_48' title='bbox 346 687 435 716; x_wconf 90' lang='lat' dir='ltr'>non</span> <span class='ocrx_word' id='word_1_49' title='bbox 463 671 764 734; x_wconf 83' lang='lat' dir='ltr'>rescripsimus</span> <span class='ocrx_word' id='word_1_50' title='bbox 796 672 904 728; x_wconf 83' lang='lat' dir='ltr'>ista,</span> <span class='ocrx_word' id='word_1_51' title='bbox 941 672 1013 717; x_wconf 88' lang='lat' dir='ltr'>sed</span> <span class='ocrx_word' id='word_1_52' title='bbox 1038 672 1305 735; x_wconf 83' lang='lat' dir='ltr'>scripsimus.</span> <span class='ocrx_word' id='word_1_53' title='bbox 1337 672 1490 720; x_wconf 84' lang='lat' dir='ltr'>Nullas</span> <span class='ocrx_word' id='word_1_54' title='bbox 1524 674 1638 720; x_wconf 89' lang='lat' dir='ltr'>enim</span> <span class='ocrx_word' id='word_1_55' title='bbox 1671 662 1769 722; x_wconf 78' lang='lat' dir='ltr'>ad</span> 
     </span>
     <span class='ocr_line' id='line_1_8' title="bbox 347 741 1769 806; baseline 0.002 -20"><span class='ocrx_word' id='word_1_56' title='bbox 347 757 425 787; x_wconf 89' lang='lat' dir='ltr'>nos</span> <span class='ocrx_word' id='word_1_57' title='bbox 443 746 593 787; x_wconf 89' lang='lat' dir='ltr'>vestrae</span> <span class='ocrx_word' id='word_1_58' title='bbox 617 741 842 788; x_wconf 85' lang='lat' dir='ltr'>charitatis</span> <span class='ocrx_word' id='word_1_59' title='bbox 859 742 1022 788; x_wconf 79' lang='lat' dir='ltr'>litteras</span> <span class='ocrx_word' id='word_1_60' title='bbox 1052 741 1324 787; x_wconf 85' lang='lat' dir='ltr'>attule1unt:</span> <span class='ocrx_word' id='word_1_61' title='bbox 1361 752 1504 788; x_wconf 89' lang='lat' dir='ltr'>tamen</span> <span class='ocrx_word' id='word_1_62' title='bbox 1530 743 1769 806; x_wconf 68' lang='lat' dir='ltr'>suscepi-1</span> 
     </span>
     <span class='ocr_line' id='line_1_9' title="bbox 349 805 1769 890; baseline 0.004 -34"><span class='ocrx_word' id='word_1_63' title='bbox 349 819 445 857; x_wconf 87' lang='lat' dir='ltr'>mus</span> <span class='ocrx_word' id='word_1_64' title='bbox 481 829 573 870; x_wconf 78' lang='lat' dir='ltr'>eos,</span> <span class='ocrx_word' id='word_1_65' title='bbox 613 813 821 876; x_wconf 89' lang='lat' dir='ltr'>quoniam</span> <span class='ocrx_word' id='word_1_66' title='bbox 856 812 1110 890; x_wconf 79' lang='lat' dir='ltr'>simplicitas</span> <span class='ocrx_word' id='word_1_67' title='bbox 1142 829 1290 858; x_wconf 87' lang='lat' dir='ltr'>eorum</span> <span class='ocrx_word' id='word_1_68' title='bbox 1325 813 1426 858; x_wconf 87' lang='lat' dir='ltr'>satis</span> <span class='ocrx_word' id='word_1_69' title='bbox 1465 812 1722 870; x_wconf 80' lang='lat' dir='ltr'>indicabat,</span> <span class='ocrx_word' id='word_1_70' title='bbox 1744 805 1769 876; x_wconf 65' lang='lat' dir='ltr'>l*</span> 
     </span>
     <span class='ocr_line' id='line_1_10' title="bbox 347 850 1751 947; baseline 0.001 -19"><span class='ocrx_word' id='word_1_71' title='bbox 347 882 457 928; x_wconf 90' lang='lat' dir='ltr'>nihil</span> <span class='ocrx_word' id='word_1_72' title='bbox 481 882 575 929; x_wconf 89' lang='lat' dir='ltr'>illos</span> <span class='ocrx_word' id='word_1_73' title='bbox 603 883 729 929; x_wconf 89' lang='lat' dir='ltr'>nobis</span> <span class='ocrx_word' id='word_1_74' title='bbox 750 883 940 947; x_wconf 89' lang='lat' dir='ltr'>potuisse</span> <span class='ocrx_word' id='word_1_75' title='bbox 965 883 1224 942; x_wconf 88' lang='lat' dir='ltr'>confingere.</span> <span class='ocrx_word' id='word_1_76' title='bbox 1257 881 1361 929; x_wconf 90' lang='lat' dir='ltr'>Ideo</span> <span class='ocrx_word' id='word_1_77' title='bbox 1387 894 1530 929; x_wconf 86' lang='lat' dir='ltr'>autem</span> <span class='ocrx_word' id='word_1_78' title='bbox 1555 850 1751 930; x_wconf 75' lang='lat' dir='ltr'>festina-l</span> 
     </span>
     <span class='ocr_line' id='line_1_11' title="bbox 347 931 1751 1017; baseline 0 -18"><span class='ocrx_word' id='word_1_79' title='bbox 347 963 530 1009; x_wconf 86' lang='lat' dir='ltr'>verunt,</span> <span class='ocrx_word' id='word_1_80' title='bbox 554 964 601 999; x_wconf 91' lang='lat' dir='ltr'>ut</span> <span class='ocrx_word' id='word_1_81' title='bbox 625 952 746 1017; x_wconf 84' lang='lat' dir='ltr'>apud</span> <span class='ocrx_word' id='word_1_82' title='bbox 764 971 840 999; x_wconf 90' lang='lat' dir='ltr'>vos</span> <span class='ocrx_word' id='word_1_83' title='bbox 866 953 1032 1012; x_wconf 82' lang='lat' dir='ltr'>agerint</span> <span class='ocrx_word' id='word_1_84' title='bbox 1051 951 1223 998; x_wconf 86' lang='lat' dir='ltr'>Pascha</span> <span class='ocrx_word' id='word_1_85' title='bbox 1239 970 1358 1016; x_wconf 84' lang='lat' dir='ltr'>‚quo</span> <span class='ocrx_word' id='word_1_86' title='bbox 1391 954 1558 1016; x_wconf 88' lang='lat' dir='ltr'>possit,</span> <span class='ocrx_word' id='word_1_87' title='bbox 1595 931 1751 1014; x_wconf 74' lang='lat' dir='ltr'>adju-l</span> 
     </span>
     <span class='ocr_line' id='line_1_12' title="bbox 348 990 1753 1088; baseline 0.001 -20"><span class='ocrx_word' id='word_1_88' title='bbox 348 1028 474 1087; x_wconf 72' lang='lat' dir='ltr'>vante</span> <span class='ocrx_word' id='word_1_89' title='bbox 495 990 711 1080; x_wconf 59' lang='grc' dir='ltr'>όοιῃίῃο,</span> <span class='ocrx_word' id='word_1_90' title='bbox 745 1035 831 1069; x_wconf 87' lang='lat' dir='ltr'>tam</span> <span class='ocrx_word' id='word_1_91' title='bbox 867 1034 1042 1069; x_wconf 79' lang='lat' dir='ltr'>sanctus</span> <span class='ocrx_word' id='word_1_92' title='bbox 1078 1022 1168 1069; x_wconf 78' lang='lat' dir='ltr'>dies</span> <span class='ocrx_word' id='word_1_93' title='bbox 1191 1034 1374 1070; x_wconf 82' lang='lat' dir='ltr'>vestram</span> <span class='ocrx_word' id='word_1_94' title='bbox 1410 1042 1562 1088; x_wconf 82' lang='lat' dir='ltr'>pacem</span> <span class='ocrx_word' id='word_1_95' title='bbox 1594 1020 1753 1088; x_wconf 72' lang='lat' dir='ltr'>quaml</span> 
     </span>
     <span class='ocr_line' id='line_1_13' title="bbox 348 1089 1753 1158; baseline 0 -20"><span class='ocrx_word' id='word_1_96' title='bbox 348 1092 651 1141; x_wconf 81' lang='lat' dir='ltr'>dissensionem</span> <span class='ocrx_word' id='word_1_97' title='bbox 677 1094 826 1158; x_wconf 84' lang='lat' dir='ltr'>potius</span> <span class='ocrx_word' id='word_1_98' title='bbox 848 1094 1054 1140; x_wconf 84' lang='lat' dir='ltr'>invenire.</span> <span class='ocrx_word' id='word_1_99' title='bbox 1747 1089 1753 1138; x_wconf 89' lang='lat' dir='ltr'>l</span> 
     </span>
     <span class='ocr_line' id='line_1_14' title="bbox 414 1145 1754 1239; baseline 0.002 -30"><span class='ocrx_word' id='word_1_100' title='bbox 414 1161 488 1209; x_wconf 87' lang='lat' dir='ltr'>VI.</span> <span class='ocrx_word' id='word_1_101' title='bbox 526 1164 682 1210; x_wconf 80' lang='lat' dir='ltr'>Melius</span> <span class='ocrx_word' id='word_1_102' title='bbox 713 1175 855 1210; x_wconf 84' lang='lat' dir='ltr'>autem</span> <span class='ocrx_word' id='word_1_103' title='bbox 881 1164 1024 1210; x_wconf 85' lang='lat' dir='ltr'>facitis</span> <span class='ocrx_word' id='word_1_104' title='bbox 1052 1163 1199 1227; x_wconf 80' lang='lat' dir='ltr'>(quod</span> <span class='ocrx_word' id='word_1_105' title='bbox 1223 1161 1412 1210; x_wconf 87' lang='lat' dir='ltr'>multum</span> <span class='ocrx_word' id='word_1_106' title='bbox 1446 1182 1551 1225; x_wconf 87' lang='lat' dir='ltr'>rogo</span> <span class='ocrx_word' id='word_1_107' title='bbox 1568 1167 1584 1229; x_wconf 79' lang='grc'>)</span> <span class='ocrx_word' id='word_1_108' title='bbox 1601 1166 1635 1212; x_wconf 88' lang='lat' dir='ltr'>si</span> <span class='ocrx_word' id='word_1_109' title='bbox 1653 1145 1754 1239; x_wconf 70' lang='lat' dir='ltr'>ip-l</span> 
     </span>
     <span class='ocr_line' id='line_1_15' title="bbox 346 1231 1755 1304; baseline 0.001 -24"><span class='ocrx_word' id='word_1_110' title='bbox 346 1250 440 1280; x_wconf 87' lang='lat' dir='ltr'>sum</span> <span class='ocrx_word' id='word_1_111' title='bbox 458 1271 468 1291; x_wconf 94' lang='lat'>,</span> <span class='ocrx_word' id='word_1_112' title='bbox 497 1252 519 1279; x_wconf 94' lang='lat' dir='ltr'>a</span> <span class='ocrx_word' id='word_1_113' title='bbox 540 1252 628 1298; x_wconf 87' lang='lat' dir='ltr'>quo</span> <span class='ocrx_word' id='word_1_114' title='bbox 655 1235 810 1282; x_wconf 86' lang='lat' dir='ltr'>dicunt</span> <span class='ocrx_word' id='word_1_115' title='bbox 829 1252 871 1281; x_wconf 89' lang='lat' dir='ltr'>se</span> <span class='ocrx_word' id='word_1_116' title='bbox 896 1235 1026 1280; x_wconf 85' lang='lat' dir='ltr'>fuisse</span> <span class='ocrx_word' id='word_1_117' title='bbox 1053 1234 1248 1280; x_wconf 86' lang='lat' dir='ltr'>turbatos</span> <span class='ocrx_word' id='word_1_118' title='bbox 1267 1273 1277 1290; x_wconf 83' lang='lat'>,</span> <span class='ocrx_word' id='word_1_119' title='bbox 1300 1231 1354 1281; x_wconf 85' lang='lat' dir='ltr'>ad</span> <span class='ocrx_word' id='word_1_120' title='bbox 1373 1253 1439 1281; x_wconf 89' lang='lat' dir='ltr'>me</span> <span class='ocrx_word' id='word_1_121' title='bbox 1454 1237 1622 1283; x_wconf 87' lang='lat' dir='ltr'>mittere</span> <span class='ocrx_word' id='word_1_122' title='bbox 1642 1254 1727 1282; x_wconf 86' lang='lat' dir='ltr'>non</span> <span class='ocrx_word' id='word_1_123' title='bbox 1749 1245 1755 1304; x_wconf 61' lang='lat' dir='ltr'><strong>f</strong></span> 
     </span>
     <span class='ocr_line' id='line_1_16' title="bbox 348 1304 1755 1365; baseline 0.001 -15"><span class='ocrx_word' id='word_1_124' title='bbox 348 1305 600 1364; x_wconf 85' lang='lat' dir='ltr'>gravemini.</span> <span class='ocrx_word' id='word_1_125' title='bbox 638 1307 724 1351; x_wconf 89' lang='lat' dir='ltr'>Aut</span> <span class='ocrx_word' id='word_1_126' title='bbox 755 1307 869 1351; x_wconf 85' lang='lat' dir='ltr'>enim</span> <span class='ocrx_word' id='word_1_127' title='bbox 901 1323 990 1351; x_wconf 88' lang='lat' dir='ltr'>non</span> <span class='ocrx_word' id='word_1_128' title='bbox 1022 1305 1227 1365; x_wconf 86' lang='lat' dir='ltr'>intelligit</span> <span class='ocrx_word' id='word_1_129' title='bbox 1259 1304 1423 1351; x_wconf 84' lang='lat' dir='ltr'>librum</span> <span class='ocrx_word' id='word_1_130' title='bbox 1457 1323 1626 1363; x_wconf 84' lang='lat' dir='ltr'>meum,</span> <span class='ocrx_word' id='word_1_131' title='bbox 1656 1308 1755 1364; x_wconf 68' lang='lat' dir='ltr'>aut}</span> 
     </span>
     <span class='ocr_line' id='line_1_17' title="bbox 345 1370 1728 1441; baseline 0.003 -22"><span class='ocrx_word' id='word_1_132' title='bbox 345 1370 456 1420; x_wconf 86' lang='lat' dir='ltr'>forte</span> <span class='ocrx_word' id='word_1_133' title='bbox 478 1374 568 1438; x_wconf 87' lang='lat' dir='ltr'>ipse</span> <span class='ocrx_word' id='word_1_134' title='bbox 583 1378 670 1421; x_wconf 85' lang='lat' dir='ltr'>non</span> <span class='ocrx_word' id='word_1_135' title='bbox 691 1376 972 1435; x_wconf 76' lang='lat' dir='ltr'>intelligitur,</span> <span class='ocrx_word' id='word_1_136' title='bbox 995 1375 1172 1437; x_wconf 83' lang='lat' dir='ltr'>quando</span> <span class='ocrx_word' id='word_1_137' title='bbox 1193 1373 1495 1422; x_wconf 86' lang='lat' dir='ltr'>difficillimam</span> <span class='ocrx_word' id='word_1_138' title='bbox 1518 1377 1728 1441; x_wconf 79' lang='lat' dir='ltr'>quaestio-</span> 
     </span>
     <span class='ocr_line' id='line_1_18' title="bbox 346 1444 1729 1510; baseline 0.004 -21"><span class='ocrx_word' id='word_1_139' title='bbox 346 1461 478 1501; x_wconf 88' lang='lat' dir='ltr'>nem,</span> <span class='ocrx_word' id='word_1_140' title='bbox 518 1456 558 1490; x_wconf 92' lang='lat' dir='ltr'>et</span> <span class='ocrx_word' id='word_1_141' title='bbox 599 1447 753 1508; x_wconf 86' lang='lat' dir='ltr'>paucis</span> <span class='ocrx_word' id='word_1_142' title='bbox 787 1445 1135 1506; x_wconf 81' lang='lat' dir='ltr'>intelligibilem,</span> <span class='ocrx_word' id='word_1_143' title='bbox 1177 1444 1340 1492; x_wconf 86' lang='lat' dir='ltr'>solvere</span> <span class='ocrx_word' id='word_1_144' title='bbox 1379 1456 1507 1510; x_wconf 79' lang='lat' dir='ltr'>atque</span> <span class='ocrx_word' id='word_1_145' title='bbox 1542 1448 1729 1494; x_wconf 84' lang='lat' dir='ltr'>&#39;enodare</span> 
     </span>
     <span class='ocr_line' id='line_1_19' title="bbox 343 1515 1729 1581; baseline 0.004 -22"><span class='ocrx_word' id='word_1_146' title='bbox 343 1525 540 1561; x_wconf 85' lang='lat' dir='ltr'>conatur.</span> <span class='ocrx_word' id='word_1_147' title='bbox 567 1517 668 1579; x_wconf 88' lang='lat' dir='ltr'>Ipsa</span> <span class='ocrx_word' id='word_1_148' title='bbox 693 1528 754 1562; x_wconf 90' lang='lat' dir='ltr'>est</span> <span class='ocrx_word' id='word_1_149' title='bbox 780 1517 895 1562; x_wconf 90' lang='lat' dir='ltr'>enim</span> <span class='ocrx_word' id='word_1_150' title='bbox 920 1516 1104 1580; x_wconf 79' lang='lat' dir='ltr'>quaestio</span> <span class='ocrx_word' id='word_1_151' title='bbox 1125 1515 1178 1561; x_wconf 88' lang='lat' dir='ltr'>de</span> <span class='ocrx_word' id='word_1_152' title='bbox 1202 1516 1339 1577; x_wconf 84' lang='lat' dir='ltr'>gratia</span> <span class='ocrx_word' id='word_1_153' title='bbox 1363 1515 1443 1562; x_wconf 86' lang='lat' dir='ltr'>Dei</span> <span class='ocrx_word' id='word_1_154' title='bbox 1465 1553 1476 1573; x_wconf 91' lang='lat'>,</span> <span class='ocrx_word' id='word_1_155' title='bbox 1499 1534 1602 1581; x_wconf 80' lang='lat' dir='ltr'>quae</span> <span class='ocrx_word' id='word_1_156' title='bbox 1626 1517 1729 1564; x_wconf 83' lang='lat' dir='ltr'>fecit</span> 
     </span>
     <span class='ocr_line' id='line_1_20' title="bbox 344 1580 1728 1651; baseline 0.002 -19"><span class='ocrx_word' id='word_1_157' title='bbox 344 1593 394 1632; x_wconf 83' lang='lat' dir='ltr'>ut</span> <span class='ocrx_word' id='word_1_158' title='bbox 415 1580 614 1632; x_wconf 86' lang='lat' dir='ltr'>homines</span> <span class='ocrx_word' id='word_1_159' title='bbox 643 1605 732 1633; x_wconf 91' lang='lat' dir='ltr'>non</span> <span class='ocrx_word' id='word_1_160' title='bbox 763 1587 1049 1647; x_wconf 82' lang='lat' dir='ltr'>intelligentes</span> <span class='ocrx_word' id='word_1_161' title='bbox 1068 1623 1078 1642; x_wconf 75' lang='lat'>‚</span> <span class='ocrx_word' id='word_1_162' title='bbox 1114 1598 1325 1651; x_wconf 88' lang='lat' dir='ltr'>putarent</span> <span class='ocrx_word' id='word_1_163' title='bbox 1343 1587 1585 1651; x_wconf 90' lang='lat' dir='ltr'>apostolum</span> <span class='ocrx_word' id='word_1_164' title='bbox 1607 1589 1728 1635; x_wconf 80' lang='lat' dir='ltr'>Pau-</span> 
     </span>
     <span class='ocr_line' id='line_1_21' title="bbox 344 1653 1729 1714; baseline 0.003 -12"><span class='ocrx_word' id='word_1_165' title='bbox 344 1653 436 1702; x_wconf 87' lang='lat' dir='ltr'>lum</span> <span class='ocrx_word' id='word_1_166' title='bbox 463 1656 604 1703; x_wconf 85' lang='lat' dir='ltr'>dicere</span> <span class='ocrx_word' id='word_1_167' title='bbox 621 1695 632 1714; x_wconf 93' lang='lat'>,</span> <span class='ocrx_word' id='word_1_168' title='bbox 668 1680 689 1700; x_wconf 84' lang='lat'>«</span> <span class='ocrx_word' id='word_1_169' title='bbox 717 1658 941 1705; x_wconf 84' lang='lat' dir='ltr'>Faciamus</span> <span class='ocrx_word' id='word_1_170' title='bbox 964 1658 1095 1714; x_wconf 85' lang='lat' dir='ltr'>mala,</span> <span class='ocrx_word' id='word_1_171' title='bbox 1117 1668 1165 1704; x_wconf 87' lang='lat' dir='ltr'>ut</span> <span class='ocrx_word' id='word_1_172' title='bbox 1188 1658 1361 1704; x_wconf 88' lang='lat' dir='ltr'>veniant</span> <span class='ocrx_word' id='word_1_173' title='bbox 1391 1657 1583 1706; x_wconf 77' lang='lat' dir='ltr'>bona1.»</span> <span class='ocrx_word' id='word_1_174' title='bbox 1603 1659 1729 1706; x_wconf 88' lang='lat' dir='ltr'>Unde</span> 
     </span>
     <span class='ocr_line' id='line_1_22' title="bbox 347 1724 1729 1793; baseline 0.002 -22"><span class='ocrx_word' id='word_1_175' title='bbox 347 1726 568 1790; x_wconf 88' lang='lat' dir='ltr'>apostolus</span> <span class='ocrx_word' id='word_1_176' title='bbox 592 1732 745 1774; x_wconf 89' lang='lat' dir='ltr'>Petrus</span> <span class='ocrx_word' id='word_1_177' title='bbox 762 1728 807 1773; x_wconf 92' lang='lat' dir='ltr'>in</span> <span class='ocrx_word' id='word_1_178' title='bbox 828 1724 1017 1774; x_wconf 84' lang='lat' dir='ltr'>secunda</span> <span class='ocrx_word' id='word_1_179' title='bbox 1044 1728 1242 1791; x_wconf 79' lang='lat' dir='ltr'>Epistola</span> <span class='ocrx_word' id='word_1_180' title='bbox 1266 1745 1342 1773; x_wconf 86' lang='lat' dir='ltr'>sua</span> <span class='ocrx_word' id='word_1_181' title='bbox 1362 1764 1372 1786; x_wconf 89' lang='lat'>‚</span> <span class='ocrx_word' id='word_1_182' title='bbox 1397 1729 1729 1793; x_wconf 86' lang='lat' dir='ltr'>«Quapropter,</span> 
     </span>
     <span class='ocr_line' id='line_1_23' title="bbox 347 1796 1729 1862; baseline 0.002 -20"><span class='ocrx_word' id='word_1_183' title='bbox 347 1818 368 1839; x_wconf 67' lang='lat'>&gt;³</span> <span class='ocrx_word' id='word_1_184' title='bbox 392 1796 553 1861; x_wconf 83' lang='lat' dir='ltr'>inquit,</span> <span class='ocrx_word' id='word_1_185' title='bbox 571 1798 834 1856; x_wconf 79' lang='lat' dir='ltr'>charissimi,</span> <span class='ocrx_word' id='word_1_186' title='bbox 860 1798 958 1844; x_wconf 87' lang='lat' dir='ltr'>haec</span> <span class='ocrx_word' id='word_1_187' title='bbox 976 1809 1245 1862; x_wconf 87' lang='lat' dir='ltr'>expectantes</span> <span class='ocrx_word' id='word_1_188' title='bbox 1271 1798 1448 1859; x_wconf 88' lang='lat' dir='ltr'>satagite</span> <span class='ocrx_word' id='word_1_189' title='bbox 1472 1799 1669 1845; x_wconf 87' lang='lat' dir='ltr'>inviolati</span> <span class='ocrx_word' id='word_1_190' title='bbox 1688 1810 1729 1845; x_wconf 87' lang='lat' dir='ltr'>et</span> 
     </span>
     <span class='ocr_line' id='line_1_24' title="bbox 345 1866 1728 1932; baseline 0.005 -23"><span class='ocrx_word' id='word_1_191' title='bbox 345 1887 366 1908; x_wconf 86' lang='lat'>&gt;)</span> <span class='ocrx_word' id='word_1_192' title='bbox 385 1866 654 1914; x_wconf 88' lang='lat' dir='ltr'>immaculati</span> <span class='ocrx_word' id='word_1_193' title='bbox 677 1868 796 1932; x_wconf 87' lang='lat' dir='ltr'>apud</span> <span class='ocrx_word' id='word_1_194' title='bbox 821 1885 920 1914; x_wconf 91' lang='lat' dir='ltr'>eum</span> <span class='ocrx_word' id='word_1_195' title='bbox 944 1868 1125 1932; x_wconf 86' lang='lat' dir='ltr'>reperiri</span> <span class='ocrx_word' id='word_1_196' title='bbox 1148 1869 1193 1914; x_wconf 89' lang='lat' dir='ltr'>in</span> <span class='ocrx_word' id='word_1_197' title='bbox 1218 1885 1327 1931; x_wconf 84' lang='lat' dir='ltr'>pace</span> <span class='ocrx_word' id='word_1_198' title='bbox 1343 1906 1354 1925; x_wconf 88' lang='lat'>,</span> <span class='ocrx_word' id='word_1_199' title='bbox 1377 1879 1418 1914; x_wconf 93' lang='lat' dir='ltr'>et</span> <span class='ocrx_word' id='word_1_200' title='bbox 1437 1869 1616 1916; x_wconf 89' lang='lat' dir='ltr'>Domini</span> <span class='ocrx_word' id='word_1_201' title='bbox 1632 1887 1728 1916; x_wconf 88' lang='lat' dir='ltr'>nos—</span> 
     </span>
     <span class='ocr_line' id='line_1_25' title="bbox 348 1936 1730 2000; baseline 0.004 -20"><span class='ocrx_word' id='word_1_202' title='bbox 348 1958 368 1979; x_wconf 85' lang='lat'>»</span> <span class='ocrx_word' id='word_1_203' title='bbox 394 1938 448 1982; x_wconf 86' lang='lat' dir='ltr'>tri</span> <span class='ocrx_word' id='word_1_204' title='bbox 465 1938 719 2000; x_wconf 86' lang='lat' dir='ltr'>patientiam</span> <span class='ocrx_word' id='word_1_205' title='bbox 739 1938 921 1985; x_wconf 84' lang='lat' dir='ltr'>salutem</span> <span class='ocrx_word' id='word_1_206' title='bbox 941 1939 1191 1986; x_wconf 85' lang='lat' dir='ltr'>existimate.</span> <span class='ocrx_word' id='word_1_207' title='bbox 1218 1938 1342 1984; x_wconf 87' lang='lat' dir='ltr'>Sicut</span> <span class='ocrx_word' id='word_1_208' title='bbox 1365 1949 1407 1985; x_wconf 90' lang='lat' dir='ltr'>et</span> <span class='ocrx_word' id='word_1_209' title='bbox 1427 1936 1730 1986; x_wconf 89' lang='lat' dir='ltr'>dilectissimus</span> 
     </span>
     <span class='ocr_line' id='line_1_26' title="bbox 347 2006 1761 2102; baseline 0.003 -49"><span class='ocrx_word' id='word_1_210' title='bbox 347 2027 368 2050; x_wconf 63' lang='lat' dir='ltr'>&gt;v</span> <span class='ocrx_word' id='word_1_211' title='bbox 390 2006 523 2053; x_wconf 84' lang='lat' dir='ltr'>frater</span> <span class='ocrx_word' id='word_1_212' title='bbox 553 2020 697 2056; x_wconf 90' lang='lat' dir='ltr'>noster</span> <span class='ocrx_word' id='word_1_213' title='bbox 721 2009 884 2055; x_wconf 88' lang='lat' dir='ltr'>Paulus</span> <span class='ocrx_word' id='word_1_214' title='bbox 904 2046 914 2065; x_wconf 89' lang='lat'>,</span> <span class='ocrx_word' id='word_1_215' title='bbox 945 2009 1186 2055; x_wconf 90' lang='lat' dir='ltr'>secundum</span> <span class='ocrx_word' id='word_1_216' title='bbox 1208 2026 1300 2055; x_wconf 89' lang='lat' dir='ltr'>eam</span> <span class='ocrx_word' id='word_1_217' title='bbox 1320 2047 1332 2066; x_wconf 93' lang='lat'>,</span> <span class='ocrx_word' id='word_1_218' title='bbox 1355 2026 1456 2074; x_wconf 78' lang='lat' dir='ltr'>quae</span> <span class='ocrx_word' id='word_1_219' title='bbox 1487 2009 1588 2057; x_wconf 86' lang='lat' dir='ltr'>data</span> <span class='ocrx_word' id='word_1_220' title='bbox 1612 2022 1674 2057; x_wconf 87' lang='lat' dir='ltr'>est</span> <span class='ocrx_word' id='word_1_221' title='bbox 1691 2014 1729 2057; x_wconf 92' lang='lat' dir='ltr'>ei</span> <span class='ocrx_word' id='word_1_222' title='bbox 1756 2069 1761 2102; x_wconf 68' lang='lat' dir='ltr'>i</span> 
     </span>
     <span class='ocr_line' id='line_1_27' title="bbox 345 2079 1762 2149; baseline 0.004 -27"><span class='ocrx_word' id='word_1_223' title='bbox 345 2100 366 2121; x_wconf 78' lang='lat'>&gt;2</span> <span class='ocrx_word' id='word_1_224' title='bbox 383 2079 566 2142; x_wconf 87' lang='lat' dir='ltr'>sapienti</span> <span class='ocrx_word' id='word_1_225' title='bbox 571 2098 664 2137; x_wconf 83' lang='lat' dir='ltr'>a,m</span> <span class='ocrx_word' id='word_1_226' title='bbox 689 2081 864 2144; x_wconf 86' lang='lat' dir='ltr'>scripsit</span> <span class='ocrx_word' id='word_1_227' title='bbox 881 2080 1036 2136; x_wconf 81' lang='lat' dir='ltr'>vobis,</span> <span class='ocrx_word' id='word_1_228' title='bbox 1066 2091 1114 2126; x_wconf 90' lang='lat' dir='ltr'>ut</span> <span class='ocrx_word' id='word_1_229' title='bbox 1140 2091 1181 2127; x_wconf 88' lang='lat' dir='ltr'>et</span> <span class='ocrx_word' id='word_1_230' title='bbox 1201 2081 1246 2125; x_wconf 88' lang='lat' dir='ltr'>in</span> <span class='ocrx_word' id='word_1_231' title='bbox 1267 2081 1472 2126; x_wconf 85' lang='lat' dir='ltr'>omnibus</span> <span class='ocrx_word' id='word_1_232' title='bbox 1500 2082 1692 2145; x_wconf 87' lang='lat' dir='ltr'>epistolis</span> <span class='ocrx_word' id='word_1_233' title='bbox 1713 2119 1724 2139; x_wconf 91' lang='lat'>,</span> <span class='ocrx_word' id='word_1_234' title='bbox 1756 2084 1762 2149; x_wconf 69' lang='grc' dir='ltr'><strong>ξ</strong></span> 
     </span>
     <span class='ocr_line' id='line_1_28' title="bbox 347 2148 1762 2215; baseline 0.003 -23"><span class='ocrx_word' id='word_1_235' title='bbox 347 2170 369 2191; x_wconf 88' lang='grc'><em>»</em></span> <span class='ocrx_word' id='word_1_236' title='bbox 387 2148 601 2213; x_wconf 89' lang='lat' dir='ltr'>loquens</span> <span class='ocrx_word' id='word_1_237' title='bbox 589 2168 637 2196; x_wconf 80' lang='lat'>111</span> <span class='ocrx_word' id='word_1_238' title='bbox 655 2151 713 2197; x_wconf 92' lang='lat' dir='ltr'>eis</span> <span class='ocrx_word' id='word_1_239' title='bbox 732 2150 786 2197; x_wconf 90' lang='lat' dir='ltr'>de</span> <span class='ocrx_word' id='word_1_240' title='bbox 808 2151 906 2208; x_wconf 92' lang='lat' dir='ltr'>his,</span> <span class='ocrx_word' id='word_1_241' title='bbox 935 2150 981 2196; x_wconf 89' lang='lat' dir='ltr'>in</span> <span class='ocrx_word' id='word_1_242' title='bbox 1000 2151 1163 2215; x_wconf 90' lang='lat' dir='ltr'>quibus</span> <span class='ocrx_word' id='word_1_243' title='bbox 1186 2161 1287 2196; x_wconf 89' lang='lat' dir='ltr'>sunt</span> <span class='ocrx_word' id='word_1_244' title='bbox 1305 2150 1510 2214; x_wconf 87' lang='lat' dir='ltr'>quaedam</span> <span class='ocrx_word' id='word_1_245' title='bbox 1534 2150 1728 2199; x_wconf 86' lang='lat' dir='ltr'>difficilia</span> <span class='ocrx_word' id='word_1_246' title='bbox 1757 2158 1762 2196; x_wconf 77' lang='lat' dir='ltr'>l</span> 
     </span>
     <span class='ocr_line' id='line_1_29' title="bbox 350 2205 1762 2286; baseline 0.005 -24"><span class='ocrx_word' id='word_1_247' title='bbox 350 2239 370 2261; x_wconf 81' lang='lat'>›&gt;</span> <span class='ocrx_word' id='word_1_248' title='bbox 389 2218 642 2276; x_wconf 88' lang='lat' dir='ltr'>intellectu,</span> <span class='ocrx_word' id='word_1_249' title='bbox 669 2237 769 2284; x_wconf 85' lang='lat' dir='ltr'>quae</span> <span class='ocrx_word' id='word_1_250' title='bbox 810 2219 977 2266; x_wconf 87' lang='lat' dir='ltr'>indocti</span> <span class='ocrx_word' id='word_1_251' title='bbox 1008 2231 1051 2266; x_wconf 92' lang='lat' dir='ltr'>et</span> <span class='ocrx_word' id='word_1_252' title='bbox 1076 2220 1300 2267; x_wconf 88' lang='lat' dir='ltr'>instabiles</span> <span class='ocrx_word' id='word_1_253' title='bbox 1325 2221 1524 2267; x_wconf 89' lang='lat' dir='ltr'>homines</span> <span class='ocrx_word' id='word_1_254' title='bbox 1548 2238 1728 2286; x_wconf 85' lang='lat' dir='ltr'>perver-</span> <span class='ocrx_word' id='word_1_255' title='bbox 1758 2205 1762 2286; x_wconf 61' lang='lat' dir='ltr'>l</span> 
     </span>
     <span class='ocr_line' id='line_1_30' title="bbox 348 2289 1763 2355; baseline 0.006 -23"><span class='ocrx_word' id='word_1_256' title='bbox 348 2310 369 2332; x_wconf 86' lang='lat'>))</span> <span class='ocrx_word' id='word_1_257' title='bbox 389 2299 516 2346; x_wconf 84' lang='lat' dir='ltr'>tunt,</span> <span class='ocrx_word' id='word_1_258' title='bbox 541 2290 655 2337; x_wconf 89' lang='lat' dir='ltr'>sicut</span> <span class='ocrx_word' id='word_1_259' title='bbox 673 2301 715 2337; x_wconf 88' lang='lat' dir='ltr'>et</span> <span class='ocrx_word' id='word_1_260' title='bbox 735 2301 912 2339; x_wconf 79' lang='lat' dir='ltr'>caeteias</span> <span class='ocrx_word' id='word_1_261' title='bbox 939 2291 1220 2355; x_wconf 85' lang='lat' dir='ltr'>Scripturas,</span> <span class='ocrx_word' id='word_1_262' title='bbox 1258 2289 1314 2337; x_wconf 88' lang='lat' dir='ltr'>ad</span> <span class='ocrx_word' id='word_1_263' title='bbox 1343 2291 1576 2355; x_wconf 87' lang='lat' dir='ltr'>proprium</span> <span class='ocrx_word' id='word_1_264' title='bbox 1601 2309 1726 2339; x_wconf 92' lang='lat' dir='ltr'>suum</span> <span class='ocrx_word' id='word_1_265' title='bbox 1759 2310 1763 2330; x_wconf 76' lang='lat'><em>³</em></span> 
     </span>
     <span class='ocr_line' id='line_1_31' title="bbox 349 2360 1763 2410; baseline 0.004 -5"><span class='ocrx_word' id='word_1_266' title='bbox 349 2381 371 2402; x_wconf 85' lang='lat'>»</span> <span class='ocrx_word' id='word_1_267' title='bbox 394 2360 623 2407; x_wconf 89' lang='lat' dir='ltr'>interitum</span> <span class='ocrx_word' id='word_1_268' title='bbox 641 2361 660 2390; x_wconf 77' lang='lat'>2</span> <span class='ocrx_word' id='word_1_269' title='bbox 666 2383 714 2409; x_wconf 86' lang='lat'>.»</span> <span class='ocrx_word' id='word_1_270' title='bbox 1759 2374 1763 2410; x_wconf 64' lang='lat' dir='ltr'>e</span> 
     </span>
     <span class='ocr_line' id='line_1_32' title="bbox 411 2427 1764 2516; baseline 0.001 -38"><span class='ocrx_word' id='word_1_271' title='bbox 411 2427 510 2478; x_wconf 88' lang='lat' dir='ltr'><strong>VII.</strong></span> <span class='ocrx_word' id='word_1_272' title='bbox 541 2435 700 2480; x_wconf 86' lang='lat' dir='ltr'>Cavete</span> <span class='ocrx_word' id='word_1_273' title='bbox 717 2450 816 2494; x_wconf 89' lang='lat' dir='ltr'>ergo</span> <span class='ocrx_word' id='word_1_274' title='bbox 842 2432 963 2497; x_wconf 85' lang='lat' dir='ltr'>quod</span> <span class='ocrx_word' id='word_1_275' title='bbox 988 2442 1132 2479; x_wconf 87' lang='lat' dir='ltr'>tantus</span> <span class='ocrx_word' id='word_1_276' title='bbox 1161 2430 1401 2496; x_wconf 89' lang='lat' dir='ltr'>Apostolus</span> <span class='ocrx_word' id='word_1_277' title='bbox 1422 2443 1511 2478; x_wconf 85' lang='lat' dir='ltr'>tam</span> <span class='ocrx_word' id='word_1_278' title='bbox 1551 2433 1727 2480; x_wconf 80' lang='lat' dir='ltr'>terribi-</span> <span class='ocrx_word' id='word_1_279' title='bbox 1759 2443 1764 2516; x_wconf 50' lang='grc' dir='ltr'>ἰ</span> 
     </span>
     <span class='ocr_line' id='line_1_33' title="bbox 341 2493 1763 2564; baseline 0.002 -17"><span class='ocrx_word' id='word_1_280' title='bbox 341 2499 439 2547; x_wconf 90' lang='lat' dir='ltr'>liter</span> <span class='ocrx_word' id='word_1_281' title='bbox 462 2500 602 2557; x_wconf 80' lang='lat' dir='ltr'>dicit3</span> <span class='ocrx_word' id='word_1_282' title='bbox 642 2513 685 2549; x_wconf 90' lang='lat' dir='ltr'>et</span> <span class='ocrx_word' id='word_1_283' title='bbox 721 2503 799 2550; x_wconf 91' lang='lat' dir='ltr'>ubi</span> <span class='ocrx_word' id='word_1_284' title='bbox 824 2503 991 2550; x_wconf 87' lang='lat' dir='ltr'>sentitis</span> <span class='ocrx_word' id='word_1_285' title='bbox 1025 2520 1102 2550; x_wconf 89' lang='lat' dir='ltr'>vos</span> <span class='ocrx_word' id='word_1_286' title='bbox 1135 2519 1223 2548; x_wconf 89' lang='lat' dir='ltr'>non</span> <span class='ocrx_word' id='word_1_287' title='bbox 1259 2502 1527 2564; x_wconf 88' lang='lat' dir='ltr'>intelligere,</span> <span class='ocrx_word' id='word_1_288' title='bbox 1553 2493 1725 2550; x_wconf 80' lang='lat' dir='ltr'>interim</span> <span class='ocrx_word' id='word_1_289' title='bbox 1760 2522 1763 2528; x_wconf 95' lang='lat'>·</span> 
     </span>
    </p>
   </div>
   <div class='ocr_carea' id='block_1_4' title="bbox 343 2585 1176 2635">
    <p class='ocr_par' dir='ltr' id='par_1_4' title="bbox 343 2585 1176 2635">
     <span class='ocr_line' id='line_1_34' title="bbox 343 2585 1176 2635; baseline 0.002 -18"><span class='ocrx_word' id='word_1_290' title='bbox 343 2585 402 2632; x_wconf 84' lang='lat' dir='ltr'>Q¹</span> <span class='ocrx_word' id='word_1_291' title='bbox 421 2588 517 2622; x_wconf 82' lang='lat' dir='ltr'>Rom.</span> <span class='ocrx_word' id='word_1_292' title='bbox 536 2597 590 2630; x_wconf 84' lang='lat'>111,</span> <span class='ocrx_word' id='word_1_293' title='bbox 593 2585 646 2621; x_wconf 92' lang='grc'><strong>8</strong></span> <span class='ocrx_word' id='word_1_294' title='bbox 659 2605 704 2612; x_wconf 90' lang='grc'><strong>-</strong></span> <span class='ocrx_word' id='word_1_295' title='bbox 724 2586 739 2611; x_wconf 85' lang='lat'>2</span> <span class='ocrx_word' id='word_1_296' title='bbox 755 2599 772 2621; x_wconf 88' lang='lat'><strong>2</strong></span> <span class='ocrx_word' id='word_1_297' title='bbox 792 2591 944 2632; x_wconf 79' lang='lat' dir='ltr'>Pet1·.111,</span> <span class='ocrx_word' id='word_1_298' title='bbox 965 2593 1019 2635; x_wconf 72' lang='lat'>¹42</span> <span class='ocrx_word' id='word_1_299' title='bbox 1038 2592 1069 2620; x_wconf 86' lang='lat' dir='ltr'>et</span> <span class='ocrx_word' id='word_1_300' title='bbox 1089 2597 1176 2630; x_wconf 84' lang='lat' dir='ltr'>seqq.</span> 
     </span>
    </p>
   </div>
   <div class='ocr_carea' id='block_1_5' title="bbox 1739 319 1747 456">
    <p class='ocr_par' dir='ltr' id='par_1_5' title="bbox 1739 319 1747 456">
     <span class='ocr_line' id='line_1_35' title="bbox 1739 319 1747 456; baseline 0 2779"><span class='ocrx_word' id='word_1_301' title='bbox 1739 319 1747 456; x_wconf 95' lang='lat' dir='ltr'> </span> 
     </span>
    </p>
   </div>
   <div class='ocr_carea' id='block_1_6' title="bbox 1742 664 1750 800">
    <p class='ocr_par' dir='ltr' id='par_1_6' title="bbox 1742 664 1750 800">
     <span class='ocr_line' id='line_1_36' title="bbox 1742 664 1750 800; baseline 0 2435"><span class='ocrx_word' id='word_1_302' title='bbox 1742 664 1750 800; x_wconf 95' lang='lat' dir='ltr'> </span> 
     </span>
    </p>
   </div>
  </div>
 </body>
</html>
