1769 3235
302 259 318 291 1
331 242 358 289 6
718 252 753 283 s.
795 249 849 281 Au
859 248 1041 280 Gus‘rmr
1077 247 1280 280 EPlscom

298 333 342 369 et
369 317 639 384 quaesiissent
663 317 718 362 ab
738 333 787 362 eo
809 315 917 379 quid
936 315 1125 361 facerent
1143 334 1155 368 ;
1176 312 1402 376 respondit
1421 312 1479 359 eis
1501 328 1511 357 :
1538 332 1559 353 α
1578 311 1669 358 Ne-

298 413 322 435 »
344 390 505 436 minem
525 387 825 434 concusseritis
841 423 851 443 ,
886 385 995 433 nulli
1019 385 1283 431 calumniam
1310 383 1491 430 feceritis
1512 420 1523 439 ,
1555 382 1672 428 suffi-

299 483 323 505 »
345 461 433 506 ciat
455 459 582 506 vobis
607 457 874 522 stipendium
903 455 1139 503 vestrum1.
1167 475 1187 495 »
1206 455 1304 501 Non
1327 471 1396 500 eos
1423 454 1571 516 utique
1588 452 1672 497 sub

300 532 430 579 armis
452 529 637 576 militare
656 528 890 592 prohibuit
905 565 915 584 ,
940 528 1102 591 quibus
1125 542 1253 572 suum
1275 524 1540 589 stipendium
1557 521 1673 569 suffi-

299 619 394 649 cere
412 600 569 646 debere
586 599 812 663 praecepit.

366 672 418 743 Y.
451 670 626 730 Majoris
640 669 818 733 quidem
837 669 923 715 loci
942 680 1043 715 sunt
1061 668 1178 732 apud
1201 669 1361 724 Deum,
1380 665 1457 729 qui
1472 663 1676 711 omnibus

301 742 394 789 istis
405 740 686 788 saecularibus
706 739 950 785 actionibus
967 739 1181 785 derelictis
1194 774 1205 794 ,
1228 738 1358 783 etiam
1378 752 1546 782 summa
1565 752 1678 781 con-

304 811 483 858 tinentia
507 810 716 856 castitatis
747 810 786 855 ei
809 811 1027 867 serviunt3
1055 830 1075 850 «
1098 808 1182 854 Sed
1214 807 1536 870 unusquisque,
1567 805 1679 851 sicut

305 903 329 925 »
354 880 589 946 Apostolus
615 879 752 936 dicit,
776 880 1008 943 proprium
1035 879 1201 925 donum
1226 878 1405 923 habeta
1428 878 1548 934 Deo3
1573 875 1680 921 alius

309 974 332 997 »
355 953 442 1009 sic,
479 951 586 997 alius
622 960 764 996 autem
801 951 862 995 sic
877 951 910 997 2.
940 971 960 992 n
996 950 1079 995 Alii
1110 965 1208 1008 ergo
1243 965 1324 1010 pro
1356 947 1480 994 vobis
1515 945 1680 992 orando

306 1034 510 1090 pugnant
521 1034 671 1069 contra
691 1022 929 1068 invisibiles
942 1022 1157 1078 inimicos,
1179 1038 1254 1068 vos
1269 1038 1351 1084 pro
1372 1022 1430 1067 eis
1442 1018 1682 1084 pugnando

306 1094 517 1143 laboratis
537 1104 688 1139 contra
708 1092 898 1138 visibiles
910 1092 1135 1138 barbaros.
1162 1091 1336 1137 Utinam
1352 1109 1437 1137 una
1456 1090 1562 1137 fides
1577 1099 1683 1135 esset

307 1165 356 1213 in
370 1163 597 1220 omnibus,
623 1163 728 1226 quia
750 1172 790 1208 et
809 1162 951 1208 minus
971 1161 1258 1219 laboraretur,
1281 1161 1507 1209 etfacilius
1530 1160 1685 1206 diabo-

308 1236 377 1283 lus
402 1251 501 1280 curn
528 1233 688 1294 angelis
712 1233 798 1279 suis
824 1233 1081 1279 vinceretur.
1112 1232 1196 1278 Sed
1216 1232 1318 1296 quia
1344 1233 1388 1278 in
1413 1233 1500 1278 1106
1523 1229 1684 1277 saeculo

310 1322 479 1354 necesse
502 1314 566 1350 est
589 1314 636 1349 ut
658 1304 771 1349 cives
804 1303 924 1364 regni
948 1303 1162 1349 coelorum
1186 1303 1298 1349 inter
1320 1313 1509 1349 errantes
1532 1312 1575 1348 et
1595 1300 1684 1347 im-

310 1377 408 1442 pios
432 1374 742 1422 tentationibus
765 1374 1000 1433 agitentur,
1025 1384 1074 1420 ut
1098 1385 1391 1429 exerceantur,
1412 1384 1454 1420 et
1475 1384 1684 1435 tanquam

312 1449 358 1495 in
392 1448 568 1494 fornace
602 1445 716 1491 sicut
755 1462 908 1490 aurum
944 1445 1204 1508 probentur,
1234 1462 1322 1491 non
1357 1444 1567 1490 debemus
1590 1451 1687 1487 ante

311 1529 485 1582 tempus
509 1515 616 1564 velle
642 1532 742 1562 cum
768 1514 869 1560 solis
891 1515 1059 1562 Sanctis
1084 1525 1125 1561 et
1159 1516 1291 1562 Justis
1322 1516 1466 1562 vivere
1482 1551 1493 1572 ,
1521 1523 1570 1559 ut
1599 1512 1687 1558 hoc

312 1606 391 1637 suo
409 1600 602 1651 tempore
621 1602 865 1633 mereamur
886 1586 1098 1649 accipere.

376 1659 453 1706 VI.
497 1659 594 1704 Hoc
629 1674 728 1717 ergo
770 1656 962 1720 primum
1001 1657 1143 1717 cogita
1162 1693 1172 1712 ,
1212 1656 1389 1720 quando
1420 1655 1598 1702 armaris
1634 1653 1688 1700 ad
1757 1697 1758 1701 ,

312 1746 508 1795 pugnam
527 1765 538 1786 ,
570 1727 674 1790 quia
698 1728 835 1773 virtus
868 1737 941 1773 tua
976 1727 1105 1773 etiam
1128 1727 1221 1790 ipsa
1253 1727 1492 1791 corporalis
1521 1726 1688 1772 donum

315 1800 397 1848 Dei
419 1810 495 1847 est.
529 1798 601 1844 Sic
622 1798 736 1843 enim
765 1797 977 1858 cogitabis
1000 1797 1053 1844 de
1077 1798 1194 1844 dono
1219 1799 1297 1844 Dei
1317 1816 1404 1844 non
1426 1798 1569 1844 facere
1586 1814 1690 1843 con·
1755 1797 1758 1838 ἓ

313 1882 381 1919 tra
400 1873 559 1916 Deum.
590 1868 715 1914 Fides
736 1869 851 1914 6111111
878 1869 1056 1932 quando
1084 1870 1371 1933 promittitur,
1413 1870 1542 1915 etiam
1573 1868 1691 1914 hosti
1754 1858 1757 1911 ξ

313 1939 525 1989 servanda
551 1949 613 1984 est
633 1949 785 1984 contra
808 1955 937 2002 quem
967 1939 1129 1985 bellum
1153 1940 1332 2000 geritur,
1359 1951 1524 2004 quanto
1554 1937 1691 1999 magis
1754 1947 1756 1949 ’

317 2011 457 2060 amico
472 2026 552 2073 pro
571 2025 660 2072 quo
683 2011 930 2071 pugnatur?
951 2010 1108 2055 Pacem
1128 2010 1289 2056 habere
1306 2011 1437 2056 debet
1460 2010 1660 2058 voluntas
1673 2045 1685 2065 ,

316 2081 479 2129 bellum
503 2079 728 2125 necessitas
745 2115 755 2135 ,
790 2089 838 2124 ut
861 2078 1015 2125 liberet
1045 2082 1160 2126 Deus
1185 2099 1206 2126 a
1224 2081 1498 2139 necessitate,
1520 2091 1560 2127 et
1580 2097 1690 2126 con-

316 2151 515 2201 servetin
534 2167 657 2214 pace.
684 2150 780 2195 Non
801 2150 915 2195 enim
943 2168 1022 2214 pax
1046 2151 1258 2214 quaeritur
1279 2162 1326 2198 ut
1342 2152 1508 2199 bellum
1529 2151 1691 2198 excite-
1751 2149 1753 2152 ’

320 2236 406 2280 tur,
423 2221 497 2268 sed
513 2220 677 2266 bellum
696 2220 856 2280 geritur
872 2232 918 2266 ut
938 2239 1020 2284 pax
1033 2225 1298 2286 acquiratur.
1328 2225 1429 2269 Esto
1443 2240 1542 2284 ergo
1560 2223 1691 2268 etiam
1752 2229 1753 2233 ’

316 2291 522 2341 bellando
548 2290 784 2354 pacificus,
811 2301 858 2336 ut
882 2308 951 2337 CO.)
975 2308 1085 2355 quos
1103 2310 1319 2356 expugnas
1337 2330 1348 2350 ,
1376 2293 1430 2339 ad
1462 2293 1582 2357 pacis
1599 2293 1687 2339 uti-

314 2367 481 2413 litatem
498 2361 713 2409 vincendo
728 2361 956 2425 perducas,
983 2384 1004 2403 «
1023 2364 1143 2408 Beati
1162 2364 1276 2409 enim
1300 2364 1498 2428 pacifici,
1524 2364 1583 2410 ait
1601 2366 1690 2411 Do·
1748 2410 1749 2413 ,

314 2458 335 2480 »
361 2435 503 2483 minus
518 2469 528 2485 ,
546 2431 756 2495 quoniam
779 2432 862 2496 ipsi
884 2433 962 2479 filii
977 2433 1060 2480 Dei
1084 2434 1402 2483 vocabuntur3.
1433 2457 1453 2479 ›>
1481 2435 1526 2482 Si
1545 2446 1688 2482 autem
1748 2449 1750 2457 ’

357 2544 367 2569 ¹
388 2547 464 2577 Luc.
481 2553 539 2580 111,
562 2546 614 2578 14.
634 2557 675 2565 ·-
696 2539 711 2563 ‘²
730 2552 739 2572 1
765 2543 839 2574 Cur.
862 2552 921 2584 111,
948 2553 977 2581 7.
1003 2539 1075 2567 -3
1094 2542 1210 2575 Mauh.
1226 2554 1257 2588 v,
1282 2556 1312 2585 9.
