1769 3235
526 273 737 304 EPISTOLA
776 274 939 305 ccxvn.
1321 259 1412 306 235

39 348 81 386 et
108 339 216 385 velle
244 339 465 402 incipiunt
486 338 603 402 quod
626 339 852 396 nolebant,
876 351 914 384 et
931 339 1095 384 hahere
1120 340 1267 395 fidem,
1289 357 1420 404 quem

38 427 126 461 non
145 408 397 463 habebant3
421 409 537 472 quod
562 421 610 455 ut
634 409 767 454 fiatin
788 409 861 464 615,
890 419 1038 458 oratur
1063 426 1144 472 pro
1166 410 1241 463 eis,
1265 427 1419 474 quam-

36 480 100 526 vis
119 497 206 525 non
225 491 370 525 oretur
397 480 451 525 ab
476 480 547 526 eis.
592 479 682 543 Ipsi
715 479 828 525 enim
857 478 1078 541 quomodo
1122 479 1411 533 invocabunt,

35 550 80 601 in
116 566 242 595 (uem
280 568 368 596 non
409 549 761 601 credideruntw
797 549 910 593 Cum
948 566 1048 594 vero
1087 548 1249 595 factum
1285 550 1417 596 fuerit

34 567 151 683 quod
176 633 342 675 oratur,
367 622 405 666 ei
433 621 508 684 qui
532 620 634 666 fecit
656 630 843 680 aguntur
869 620 1034 678 grume,
1059 631 1100 664 et
1121 637 1200 682 pro
1220 621 1277 665 eis
1299 633 1340 665 et
1359 622 1413 666 ab

33 689 104 744 eiS.
128 691 189 737 De
213 691 636 736 oiwitionibusauteni
652 695 741 751 jani
765 689 977 744 fidolium,
1002 706 1109 753 quas
1127 701 1168 735 et
1193 708 1269 753 pro
1294 709 1349 745 se,
1373 703 1415 736 et

33 777 113 824 pro
131 760 223 810 aliis
244 761 451 807 fidelibus
477 761 661 816 faciunt,
705 772 752 806 ut
772 760 1008 823 proliciunt
1027 761 1070 804 in
1097 777 1163 816 6ο,
1188 761 1308 823 quod
1329 778 1416 806 esse

33 841 281 893 coeperunt,
325 841 368 876 et
405 831 458 877 de
485 832 721 891 gratiarum
765 831 1011 876 actionibus
1035 832 1137 894 quia
1159 831 1415 893 proficiunt,

36 900 358 960 confligendum
384 919 470 947 esse
504 913 647 948 tecum
676 919 764 947 non
792 913 900 965 puto
929 918 939 945 z
985 911 1134 946 contra
1158 900 1417 960 Pelagianos

35 981 97 1017 est
136 971 212 1016 iste
235 973 483 1029 conflictus,
509 974 591 1019 tibi
611 973 823 1036 nobisque
866 972 1124 1018 communis.
1154 971 1225 1016 1111
1248 972 1416 1035 quippe

37 1041 179 1087 omnia
203 1041 256 1087 ad
292 1042 463 1088 fidelem
491 1044 697 1107 piamque
722 1045 854 1088 vitam
889 1042 1119 1088 hominum
1148 1042 1409 1105 pertinentia

36 1112 95 1157 ita
116 1112 317 1158 tribuunt
336 1113 473 1158 libero
488 1114 723 1159 voluntatis
742 1114 941 1163 arbitrio,
971 1124 1019 1157 ut
1046 1111 1252 1157 habenda
1273 1129 1320 1157 ex
1342 1129 1419 1157 no-

37 1181 120 1236 bis,
139 1200 226 1228 non
246 1201 268 1228 a
294 1185 482 1229 Domino
506 1195 761 1247 putentesse
785 1183 1028 1243 poscenda:
1054 1193 1101 1228 tu
1127 1193 1268 1228 autem
1294 1183 1328 1227 si
1348 1200 1414 1238 ea,

0 1247 4 1262 ¹
37 1270 137 1317 quae
160 1254 213 1304 de
236 1265 274 1304 16
293 1254 441 1309 audio,
463 1271 560 1300 vera
584 1265 702 1310 sunt,
732 1255 906 1300 initium
935 1253 1052 1306 fidei,
1079 1253 1157 1298 ubi
1193 1263 1255 1297 est
1289 1252 1419 1297 etiam

38 1324 211 1369 initium
232 1325 380 1378 bonae,
416 1325 503 1371 hoc
530 1336 607 1379 est,
634 1326 719 1389 piae
743 1324 978 1375 voluntatis
996 1361 1006 1378 ,
1044 1340 1133 1368 non
1152 1323 1216 1368 vis
1254 1322 1420 1367 donum

39 1410 124 1440 esse
157 1395 253 1447 Dei,
291 1395 364 1440 sed
389 1412 435 1440 ex
460 1397 587 1441 nobis
610 1414 687 1441 nos
724 1396 886 1441 habere
915 1393 1141 1440 contendis
1175 1404 1220 1438 ut
1248 1392 1421 1445 credere

38 1464 323 1528 incipiamu83
343 1476 498 1515 caetera
523 1478 666 1517 aute-m
691 1466 902 1525 religiosae
924 1465 1027 1515 Vitae
1042 1465 1160 1513 bona
1175 1465 1316 1515 Deum
1343 1480 1420 1526 per

41 1534 222 1594 gratiam
249 1552 369 1580 suam
390 1539 481 1595 jam
505 1553 552 1581 ex
577 1536 663 1582 fide
682 1536 952 1599 petentihUS,
980 1533 1302 1598 quaerentibu5‚
1318 1533 1418 1595 pul-

39 1605 234 1650 santibus
250 1605 412 1651 donare
432 1608 662 1653 consentis.
692 1608 780 1653 Nec
819 1605 1005 1653 attendis
1025 1605 1122 1656 ideo
1147 1621 1228 1667 pro
1257 1603 1418 1654 infide-

40 1673 156 1720 libus
188 1677 328 1720 Deum
355 1677 494 1736 rogari
524 1688 571 1722 ut
602 1677 802 1731 credant,
840 1676 1049 1740 quoniam
1077 1677 1193 1720 Deus
1220 1674 1356 1719 donat
1380 1685 1422 1719 et

42 1744 173 1796 fidem
196 1765 207 1799 3
230 1745 328 1795 ideo
354 1764 435 1810 pro
461 1748 519 1795 eis
541 1759 582 1797 et
619 1748 695 1811 qui
717 1747 983 1798 crediderint
1020 1749 1111 1796 Deo
1136 1745 1292 1805 gratias
1332 1744 1417 1804 agi,

43 1815 246 1879 quoniam
266 1816 448 1867 donavit
471 1829 511 1863 et
533 1818 678 1868 fidem.

108 1886 250 1937 XXX.
281 1888 582 1944 Quamobrem
622 1900 671 1935 ut
711 1889 833 1937 hunc
881 1887 937 1939 ad
981 1899 1021 1935 te
1058 1902 1297 1936 sermonem
1342 1885 1425 1934 ali-

47 1957 225 2020 quando
245 1958 527 2014 concludam,
550 1960 583 2005 si
604 1977 731 2019 negas
749 1958 965 2009 orandum
981 1976 1084 2013 esse,
1104 1968 1152 2004 ut
1174 1957 1248 2020 qui
1270 1956 1426 2002 nolunt

45 2027 218 2078 credero
236 2029 371 2077 velint
392 2030 588 2085 credere3
612 2032 646 2076 si
673 2048 799 2090 negas
823 2029 1008 2090 agendas
1027 2046 1113 2077 esse
1132 2030 1224 2078 Deo
1246 2027 1422 2088 gratias.

46 2099 249 2160 quoniam
279 2099 454 2147 credere
475 2102 709 2150 voluerunt
745 2102 821 2168 qui
848 2101 1057 2151 nolebant
1084 2099 1274 2153 credere,
1303 2098 1427 2148 aliter

47 2178 187 2219 tecum
208 2170 425 2229 agendum
447 2183 526 2227 est,
554 2184 603 2220 ut
621 2191 709 2219 non
732 2174 791 2219 sic
820 2190 950 2228 erreS‚
994 2181 1069 2221 aut
1095 2170 1129 2220 si
1154 2186 1295 2217 errare
1321 2186 1429 2232 per-

48 2239 176 2295 sistis,
203 2257 255 2290 ne
280 2242 424 2291 mittas
447 2243 551 2291 alios
584 2244 628 2290 in
652 2261 854 2294 error-em.
884 2243 929 2293 :Si
961 2253 1105 2295 autem
1132 2239 1252 2304 quod
1295 2239 1348 2290 de
1386 2249 1428 2295 te

51 2310 181 2369 magis
208 2312 356 2367 Credo,
385 2315 514 2361 sentis
541 2325 670 2378 atque
695 2314 910 2364 consentis
935 2329 1058 2363 orare
1082 2328 1160 2362 nos
1182 2313 1323 2361 Deum
1347 2309 1428 2359 de-

48 2379 149 2430 here
169 2398 220 2430 ac
245 2382 379 2432 solere
408 2402 489 2447 pro
509 2386 762 2433 nolentibus
781 2385 973 2440 credere,
997 2394 1046 2429 ut
1071 2382 1207 2432 velint
1232 2381 1424 2437 credere,

0 2517 1 2525 ἵ
50 2459 91 2500 et
107 2467 187 2513 pro
209 2452 268 2501 eis
293 2454 370 2516 qui
395 2454 680 2505 adversantur
701 2467 743 2506 et
775 2455 1086 2506 contradicunt.
1106 2452 1210 2513 Legi,
1238 2456 1330 2512 ejus
1354 2463 1428 2499 at-

50 2535 134 2586 que
152 2520 382 2582 dQCtriuae,
403 2536 450 2576 ut
472 2528 509 2573 ei
530 2527 710 2580 credaut
744 2544 927 2592 eamque
946 2535 1192 2579 sectentur3
1234 2523 1269 2569 si
1303 2522 1432 2570 sentis

100 2603 110 2626 ¹
131 2605 226 2635 Rom.
245 2615 277 2644 x,
301 2614 351 2644 14.
