1769 3235
0 100 5 118 ι

0 124 4 147 t

0 153 3 174 Ι

0 193 2 227 ἒ

0 241 14 327 l
487 278 699 311 musi-om
736 281 902 313 ccxvu.
1311 271 1402 318 233

0 350 3 400 l
29 347 142 399 hanc
162 365 231 396 eas
254 346 402 411 potius
413 346 671 409 praeparari,
693 363 826 410 quam
842 358 1023 411 propter
1040 366 1185 396 earum
1202 352 1404 398 meritum

0 442 3 469 ε
31 421 135 469 dari.
161 423 248 466 Aut
281 419 313 464 si
338 417 503 480 aliquid
544 434 694 463 earum
712 418 944 463 duodecim
972 436 1058 465 esse
1077 438 1227 467 verum
1247 441 1400 483 negas,

0 514 2 518 ·
32 509 210 557 quarum
229 500 458 554 propterea
480 488 740 534 commendo
757 489 884 535 etiam
910 506 1156 547 numerum,
1177 494 1406 540 utfacilius

0 593 2 605 .
33 561 248 610 memoriae
269 559 891 622 mandentur,distinctiusque
910 570 1153 618 teneantur,
1183 581 1271 608 non
1289 575 1328 609 te
1341 565 1407 627 pi-

31 642 122 694 geat
138 631 377 677 rescribere
396 630 608 685 utsciam‚
635 640 676 674 et
699 646 747 674 ea
761 646 890 692 quam
907 630 1015 675 mihi
1042 631 1255 678 Dominus
1279 634 1407 679 dede-

2 694 10 754 l
35 703 108 757 rit,
127 700 333 746 facultate
357 700 658 761 respondeam.
692 700 784 759 Ego
811 700 924 744 enim
950 700 1208 748 haereticum
1230 704 1410 766 quidem

3 756 11 844 l
31 771 307 830 Pelagianum
330 781 371 815 te
390 787 477 814 esse
503 787 591 815 non
615 770 743 815 credo
764 789 772 814 :
794 770 943 815 sedita
963 781 1001 816 te
1025 788 1111 817 esse
1128 773 1246 828 volo,
1275 784 1322 818 ut
1340 775 1410 819 ni-

3 845 8 945 ᾇ
31 842 96 889 hil
119 841 232 887 illius
252 841 306 887 ad
326 851 570 893 tetranseat,
600 841 667 886 vel
690 841 735 886 in
757 852 796 886 te
816 841 1088 906 relinquatur
1107 844 1275 890 erroris.

4 948 6 955 ,
94 912 254 958 XXVI.
284 911 369 957 Sed
388 911 502 956 inter
526 911 624 957 haec
648 912 882 957 duodecim
912 914 1097 977 reperies
1126 914 1302 960 fortasse
1329 915 1413 960 ali-

3 960 7 991 t
32 983 154 1048 quid,
175 981 293 1045 quod
306 981 551 1042 negandum
570 982 637 1028 vel
657 982 952 1029 dubitandum
975 995 1119 1048 putes,
1138 996 1180 1030 et
1200 985 1315 1031 unde
1333 1003 1411 1031 nos

33 1053 255 1118 operosius
296 1053 522 1116 disputare
548 1053 798 1116 compellas.
825 1055 1055 1118 Numquid
1088 1066 1129 1100 et
1164 1073 1285 1101 orare
1308 1073 1418 1119 pro-

33 1123 207 1171 hibebis
236 1123 472 1168 Ecclesiam
495 1140 577 1186 pro
601 1123 872 1178 infidelibus,
891 1136 939 1170 ut
958 1126 1043 1170 sint
1062 1125 1210 1171 fideles
1230 1146 1241 1180 ς
1265 1143 1346 1189 pro
1363 1127 1414 1171 iis

2 1229 6 1256 5
33 1195 108 1259 qui
131 1192 287 1239 nolunt
311 1191 502 1249 credere,
526 1203 574 1238 ut
597 1193 733 1239 velint
753 1194 929 1240 credere
946 1231 956 1248 ‚
984 1213 1066 1258 pro
1085 1196 1136 1241 iis
1154 1196 1229 1259 qui
1250 1197 1306 1242 ab
1327 1200 1417 1257 ejus

34 1267 144 1326 Lege
177 1263 472 1327 doctrinaque
496 1264 758 1310 dissentiunt
782 1275 831 1324 ut
861 1266 965 1325 Legi
997 1270 1089 1326 eJus
1118 1266 1422 1331 doctrinaeque

35 1336 322 1391 consentiant,
345 1346 394 1381 ut
413 1334 486 1380 det
506 1335 591 1381 illis
614 1336 729 1381 Deus
741 1335 860 1398 quod
872 1353 951 1399 per
964 1337 1234 1400 Prophetam
1252 1338 1420 1401 promi-

35 1408 89 1453 sit
109 1407 147 1463 1,
168 1423 243 1452 cor
284 1405 574 1465 cognoscendi
592 1423 709 1463 eum,
733 1418 775 1451 et
799 1423 920 1452 aures
960 1407 1183 1463 audiendi,
1206 1425 1313 1471 quas
1331 1409 1422 1454 uti-

38 1494 120 1542 que
159 1488 438 1540 acceperant,
465 1477 519 1523 de
541 1478 705 1541 quibus
738 1477 936 1524 Salvator
957 1479 1051 1542 ipsc
1085 1478 1262 1525 dicebat
1287 1501 1308 1521 «
1333 1479 1423 1536 Qui

0 1565 4 1616 ς
37 1570 58 1591 »
79 1548 213 1593 habet
247 1564 368 1593 aures
406 1547 640 1603 audiendi,
693 1548 844 1593 audiat
863 1549 881 1576 2
902 1552 920 1594 ,ὓ
941 1571 961 1590 ‚³
993 1549 1219 1613 Numquid
1238 1550 1316 1596 ubi
1342 1567 1423 1596 au-

0 1619 5 1671 1
37 1617 165 1666 dieris
191 1618 456 1664 sacerdotem
485 1620 565 1665 Dei
590 1619 644 1665 ad
672 1623 762 1679 ejus
781 1619 913 1666 altare
937 1620 1157 1684 populum
1174 1621 1424 1667 hortantem

40 1690 92 1736 ad
111 1690 254 1735 Deum
279 1688 514 1746 orandum,
552 1689 621 1735 vel
659 1690 805 1753 ipsum
833 1690 948 1736 clara
984 1707 1093 1737 voce
1129 1702 1344 1748 orantem,
1377 1702 1427 1737 ut

38 1760 284 1808 incredulas
308 1771 452 1820 gentes
470 1760 524 1805 ad
553 1760 683 1806 fidem
721 1778 842 1806 suam
863 1763 1008 1807 venire
1041 1762 1296 1825 compellat,
1336 1779 1426 1808 non

0 1817 4 1859 Ι
39 1830 339 1894 respondebis,
365 1833 538 1876 Amen?
566 1832 632 1876 An
673 1831 802 1876 etiam
824 1832 957 1891 hujus
983 1831 1085 1877 fidei
1111 1832 1282 1877 sanitati
1315 1849 1426 1877 con-

0 1924 4 1950 ι
39 1902 167 1948 traria
190 1900 472 1964 disputabis?
498 1901 726 1964 Numquid
750 1902 1050 1947 beatissimum
1079 1903 1354 1965 Cyprianum
1378 1903 1423 1947 in

0 1982 3 2027 l
39 1972 126 2019 hoc
161 1989 319 2017 errasse
338 1971 549 2017 clamabis
573 1972 640 2018 vel
660 1973 922 2028 susurrabis,
946 1973 1022 2018 ubi
1045 1990 1126 2036 pro
1152 1973 1341 2018 inimicis
1365 1974 1424 2018 fi·-

43 2043 112 2089 dei
129 2042 409 2100 Christianae,
431 2053 479 2087 ut
502 2043 632 2088 etiam
656 2042 741 2106 ipsi
761 2043 815 2088 ad
831 2060 925 2089 eam
941 2054 1274 2100 convertantur,
1303 2060 1423 2089 orare

43 2129 120 2158 nos
133 2112 290 2158 docet?

102 2183 288 2229 XXVII.
328 2183 557 2247 Numquid
592 2195 813 2246 postremo
853 2182 1100 2246 apostolum
1127 2184 1317 2230 Paulum
1339 2203 1422 2248 pro

46 2254 206 2301 Judaeis
226 2253 477 2299 infidelibus
498 2255 733 2300 habentem
757 2254 857 2300 talia
877 2265 977 2300 vota
999 2254 1230 2318 culpabis?
1255 2256 1310 2302 de
1325 2257 1430 2320 qui—

45 2324 128 2371 bus
153 2326 212 2371 ait
231 2343 242 2370 :
270 2346 290 2367 α
312 2326 432 2371 Bona
450 2325 652 2371 voluntas
675 2326 853 2388 quidem
872 2325 1016 2371 cordis
1034 2325 1135 2381 mei,
1165 2337 1207 2371 et
1223 2326 1431 2391 depreca-

48 2416 69 2438 >›
92 2396 153 2442 tio
169 2395 224 2441 ad
247 2398 381 2441 Deum
404 2396 458 2441 sit
475 2413 556 2459 pro
580 2396 723 2442 illisin
743 2397 923 2442 salutem
941 2397 972 2443 3.
997 2419 1016 2438 »
1040 2397 1129 2453 Qui
1147 2397 1275 2444 etiam
1295 2398 1430 2444 Thes·

0 2456 2 2523 f
49 2466 386 2512 salonicensibus
403 2466 512 2512 dicit
535 2484 545 2511 ε
569 2489 590 2509 «
615 2468 679 2513 De
697 2478 868 2525 caetero‚
892 2467 1060 2523 fratres,
1094 2478 1214 2514 orate
1238 2486 1320 2532 pro
1346 2486 1431 2515 no-

50 2557 72 2581 »
93 2537 177 2594 bis,
195 2548 244 2583 ut
268 2538 451 2583 verbum
469 2539 646 2585 Domini
660 2550 809 2586 currat
831 2550 874 2585 et
895 2539 1164 2600 glorificetur
1177 2540 1290 2586 sicut
1300 2540 1430 2586 etiam

0 2601 1 2615 i

98 2622 109 2643 ¹
127 2621 262 2653 Baruch.
278 2632 317 2663 11,
334 2622 389 2652 31.
407 2639 450 2645 -
468 2620 482 2643 ²
498 2622 618 2656 Matth.
637 2633 712 2661 xm,
731 2634 764 2664 9.
780 2640 825 2646 —
841 2620 857 2645 3
871 2634 890 2654 2
906 2622 1021 2658 Thess.
1039 2633 1092 2663 ιιι,
1113 2634 1142 2663 1,
1158 2635 1192 2657 ιι.
