1769 3235
448 330 850 364 RETRAc'rArioNUM
887 334 972 364 Liss.
1019 335 1048 364 1.
1339 312 1431 378 473

59 395 183 443 ritur.
209 396 307 442 Jam
321 396 435 442 enim
459 413 643 460 corpore
661 397 837 460 quidem
860 398 1159 462 corruptibili,
1177 415 1265 461 quo
1293 397 1434 443 anima

58 478 331 527 aggravatur,
369 467 481 513 exuti
504 478 622 522 sunt,
651 467 725 512 sed
751 468 897 514 adhuc
934 480 1160 532 expectant
1197 468 1325 513 etiam
1350 467 1433 530 ipsi

57 536 397 600 redemptionem
416 537 613 600 corporis
634 537 723 589 sui;
762 549 802 582 et
821 555 921 583 caro
958 555 1107 584 eorum
1141 538 1370 602 requiescit
1388 538 1433 582 in

55 624 164 670 spe,
213 607 409 653 nondum
444 608 489 653 in
533 607 678 654 futura
719 607 1049 671 incorruptione
1088 608 1298 654 clarescit.
1349 606 1433 653 Sed

5 738 7 741 ι
58 688 204 723 utrum
229 677 284 723 ad
309 678 694 742 contemplandam
723 678 868 724 cordis
899 679 1035 724 oculis
1054 679 1296 732 veritatem,
1325 679 1436 724 sicut

57 746 227 793 dictum
247 759 326 804 est,
350 748 456 795 facie
474 750 528 795 ad
554 750 725 806 faciem,
746 749 859 795 nihil
877 767 922 795 ex
946 750 1033 795 11οο
1055 750 1195 794 minus
1218 750 1430 804 habeant,

57 834 145 863 non
169 818 242 863 hic
262 818 385 864 locus
414 830 476 865 est
509 819 756 883 diputando
773 820 1006 883 inquirere.
1034 821 1140 864 Item
1169 818 1289 882 quod
1327 819 1431 875 dixi,

56 892 185 934 Nam
200 893 319 935 scire
341 907 519 953 magna
538 902 587 935 et
607 892 808 936 honesta
834 890 905 935 vel
919 892 1059 935 etiam
1077 889 1250 943 divim,
1271 889 1438 933 beatis-

55 963 227 1005 simam
245 972 329 1016 esc,
358 961 411 1007 ad
445 961 640 1007 eamdem
673 961 991 1007 beatitudinem
1034 960 1188 1006 referre
1207 959 1432 1005 debemus.

57 1030 107 1075 In
131 1029 214 1076 hac
250 1031 364 1076 enim
405 1032 492 1078 vita
528 1042 936 1095 quantumcumque
964 1031 1006 1077 id
1034 1031 1211 1086 sciatur,
1239 1029 1435 1075 nondum

55 1111 115 1146 est
132 1100 430 1148 beatissimum
453 1120 463 1148 ε
485 1103 692 1166 quoniam
708 1102 1109 1166 incomparabiliter
1124 1102 1248 1161 longe
1264 1111 1325 1146 est
1345 1117 1438 1145 am-

0 1186 2 1230 1
55 1169 170 1234 plius
188 1171 308 1234 quod
332 1172 433 1218 inde
456 1174 663 1220 nescitur.

121 1242 203 1286 ΙΙΙ.
240 1243 296 1288 Ε1
314 1242 435 1307 quod
459 1243 563 1298 dixi,
597 1245 796 1289 Multam
824 1246 1060 1301 iuteresse,
1081 1255 1233 1289 acrum
1253 1243 1443 1307 aliquid

55 1318 224 1358 mentis
253 1327 380 1360 certa
410 1321 592 1361 latione
622 1327 852 1368 teneatur,
884 1317 1016 1379 qaod
1053 1319 1170 1361 scire
1206 1315 1439 1363 sacimas,-

56 1387 284 1444 mzfamoe
299 1386 371 1430 vel
391 1387 556 1432 litteris
576 1387 862 1432 credenclmn
883 1390 1090 1448 posteris
1114 1387 1288 1431 utiliter
1310 1402 1440 1429 com-

58 1457 332 1502 melzcletm‘:
353 1468 394 1502 et
416 1458 550 1520 paulo
569 1469 685 1520 post,
713 1456 855 1516 Quod
867 1458 1043 1501 seimus
1060 1459 1201 1519 Igitur
1215 1456 1441 1501 debemus

56 1530 261 1583 1‘(tthlzl',·
292 1528 426 1590 quod
445 1530 679 1573 eredimus
701 1532 997 1573 auctoritate:
1023 1545 1110 1572 non
1130 1527 1190 1573 sic
1219 1527 1440 1589 accipien—

57 1597 164 1643 dum
185 1608 264 1650 est,
292 1599 400 1644 utin
437 1616 632 1645 sermone
673 1599 894 1645 usitatiore
935 1616 1163 1645 vereamur
1184 1616 1262 1644 nos
1298 1599 1441 1643 dicere

57 1669 164 1715 scire
199 1670 320 1733 quod
359 1670 524 1716 idoneis
564 1671 746 1716 testibus
775 1670 1006 1716 credimus.
1053 1670 1238 1733 Proprie
1272 1671 1439 1733 quippe

57 1757 156 1786 cum
175 1740 415 1805 loquimur,
432 1741 477 1787 id
492 1741 632 1787 solum
647 1742 754 1787 scire
775 1741 977 1795 dicimus,
994 1739 1112 1804 quod
1130 1740 1284 1786 mentis
1309 1741 1433 1785 firma

58 1812 223 1858 ratione
243 1812 670 1876 comprehendimus.
691 1813 802 1858 Cum
826 1829 924 1858 vero
944 1812 1168 1873 loquimur
1179 1811 1321 1856 verbis
1336 1828 1438 1856 con-

57 1882 278 1928 suetudini
305 1883 569 1946 aptioribus,
603 1884 715 1928 sicut
745 1883 939 1946 loquitur
962 1884 1089 1927 etiam
1106 1882 1252 1927 divina
1280 1882 1435 1944 Serip-

58 1964 172 2007 tura,
194 1969 282 1998 non
303 1953 556 1999 dubitemus
571 1953 713 1999 dicere
728 1955 834 2000 scire
856 1971 949 2007 nos,
971 1964 1012 1998 et
1032 1952 1151 2016 quod
1173 1953 1441 2016 percipimus

58 2025 193 2070 nostri
216 2024 412 2087 corporis
444 2025 658 2079 sensibus,
699 2036 739 2069 et
776 2024 895 2087 quod
929 2025 1015 2070 fide
1052 2024 1193 2083 dignis
1224 2023 1441 2068 credimus

61 2095 254 2152 testibus,
285 2093 391 2140 dum
425 2105 567 2140 tamen
590 2095 703 2141 inter
721 2095 818 2140 haec
851 2094 1018 2140 etillud
1036 2093 1145 2158 quid
1168 2094 1298 2140 distet
1321 2093 1445 2138 intel-

57 2165 256 2226 ligamus,

123 2237 198 2283 IV.
237 2239 347 2283 Item
386 2237 508 2302 quod
533 2237 645 2295 dixi,
685 2241 880 2285 Nemini
913 2237 1111 2282 clabiam
1145 2247 1245 2291 est,
1280 2253 1443 2281 omnes

58 2309 276 2354 homines
298 2321 383 2354 aut
413 2310 579 2354 stultos
601 2327 701 2354 esse
734 2321 821 2354 aaut
849 2314 1089 2372 sapientes
1107 2344 1117 2363 ‚
1142 2317 1284 2371 potest
1304 2305 1442 2352 videri

58 2396 144 2425 esse
169 2381 435 2426 contrarium
472 2380 535 2425 illi
561 2380 681 2443 quod
715 2380 871 2440 legitur
900 2381 944 2425 in
968 2379 1047 2426 lib.
1090 2396 1157 2424 111.
1192 2378 1245 2423 de
1279 2377 1439 2423 Libero

60 2451 243 2497 arbitrio
268 2489 279 2508 ‚
315 2455 473 2511 Quasi
506 2470 610 2497 vero
647 2463 820 2497 natura
849 2453 1261 2513 lmmcmctsn·(eler
1293 2449 1443 2493 stulti·
1484 2478 1488 2488 ι

60 2527 177 2567 tiam
204 2534 252 2567 ec
268 2528 551 2586 sapientiam
576 2523 758 2568 nullam
779 2522 978 2567 mediam
1004 2523 1203 2584 recipiat
1221 2522 1445 2579 affectio-

61 2610 181 2639 nem.
233 2593 316 2640 Sed
352 2593 460 2639 illud
497 2594 561 2640 ibi
586 2593 755 2639 dictum
782 2604 870 2647 est,
901 2593 976 2639 ubi
1010 2592 1063 2638 de
1092 2592 1236 2655 primo
1267 2591 1446 2636 homine

59 2664 363 2727 quaerebatur,
394 2675 542 2712 utrum
562 2666 732 2729 sapiens
756 2664 886 2712 fuerit
909 2664 1074 2720 factus,
1099 2681 1153 2710 an
1174 2662 1332 2709 stultus
1353 2699 1362 2718 ‚
1389 2679 1442 2706 an
