1769 3235
335 258 396 303 36
740 267 777 298 s.
819 264 1062 298 Aur÷usr1N1
1098 266 1302 298 Emscorr

334 336 514 383 modum
551 334 604 379 sit
650 332 824 377 affectus
859 331 1030 377 illarum
1076 332 1319 377 sinceritate
1366 331 1703 378 luculentissima

334 408 589 454 litterarum.
621 402 667 448 Si
692 402 805 448 enim
839 402 1136 448 brevissimam
1155 403 1381 466 epistolam
1406 412 1540 458 tuam,
1569 419 1703 466 quam

334 480 388 526 de
410 478 493 524 hac
513 478 605 539 ipsa
624 491 667 520 re
690 473 744 518 ad
766 473 1059 518 beatissimum
1084 491 1222 519 senem
1241 473 1464 519 Aurelium
1486 491 1564 537 per
1589 475 1704 518 Leo-

335 569 432 601 nem
457 552 524 614 (3)
549 546 802 610 acolythum
822 545 1025 601 direxisti,
1043 546 1250 592 exultanti
1271 545 1491 591 alacritate
1514 545 1706 608 descrip-

335 625 486 677 simus,
527 630 569 665 et
602 619 765 682 quibus
808 628 1053 681 poteramus
1088 633 1242 677 magno
1271 616 1413 662 studio
1438 616 1701 676 legebamus,

335 695 412 742 ubi
437 691 564 739 nobis
593 689 844 752 exposuisti,
885 688 992 752 quid
1026 688 1078 734 de
1112 689 1186 734 illo
1212 687 1572 751 perniciosissimo
1592 686 1704 747 dog-

334 776 464 820 mate,
496 761 561 808 vel
585 759 693 824 quid
713 770 863 806 contra
887 760 940 805 de
965 759 1099 818 gratia
1116 759 1215 814 Dei,
1239 775 1368 822 quam
1397 757 1562 822 pusillis
1583 774 1705 818 mag-

333 837 485 901 nisque
520 831 720 891 largitur,
764 830 835 876 cui
867 841 927 876 est
958 829 1069 875 illud
1107 829 1470 884 inimicissimum,
1514 828 1701 874 sentias:

333 915 497 972 quanta
517 920 594 949 nos
614 911 741 965 putas
755 901 832 946 ista
852 911 925 946 tua
943 900 1174 963 prolixiora
1195 900 1354 962 scripta
1365 899 1433 945 vel
1449 899 1707 945 exultatione

331 976 498 1037 legisse,
521 971 589 1019 vel
615 989 736 1027 eura,
765 982 814 1017 ut
838 971 1053 1030 legantur,
1078 970 1239 1033 quibus
1257 969 1474 1015 valuimus
1500 970 1591 1015 aliis
1621 969 1707 1015 ob-
1768 979 1769 1003 ³

334 1048 496 1102 tulisse,
515 1055 645 1107 atque
665 1043 812 1088 adhuc
841 1042 1004 1106 quibus
1036 1041 1228 1087 valemus
1258 1042 1422 1088 offerre.
1453 1041 1572 1098 Quid
1592 1042 1706 1088 enim
1767 1069 1769 1080 ‚

332 1118 495 1181 gratius
514 1114 597 1174 legi
613 1113 681 1159 vel
699 1113 840 1160 audiri
869 1123 1023 1176 potest,
1052 1130 1185 1177 quam
1209 1112 1358 1173 gratiae
1378 1113 1458 1158 Dei
1493 1123 1577 1158 tam
1594 1129 1706 1176 pura

332 1186 522 1236 defensio
541 1184 744 1230 adversus
761 1184 959 1229 inimicos
982 1188 1089 1244 ejus,
1117 1201 1164 1228 ex
1197 1201 1268 1229 ore
1300 1187 1407 1243 ejus,
1433 1183 1510 1247 qui
1531 1200 1707 1229 eorum-

332 1260 430 1307 dem
461 1255 742 1303 inimicorum
786 1254 930 1314 magni
968 1253 1175 1299 momenti
1211 1265 1422 1317 patronus
1445 1264 1543 1299 ante
1563 1257 1708 1314 jacta—

331 1329 527 1378 bantur?
556 1327 642 1372 Aut
666 1324 780 1370 unde
805 1324 1023 1369 uberiores
1044 1326 1133 1369 Deo
1158 1323 1367 1369 debemus
1394 1340 1513 1383 agere
1531 1323 1703 1384 gratias,

328 1415 461 1465 quam
484 1395 602 1460 quod
624 1398 714 1455 ejus
732 1395 793 1440 sic
814 1394 1062 1440 defenditur
1076 1394 1210 1454 gratia
1233 1394 1287 1439 ab
1302 1393 1359 1438 eis
1376 1393 1537 1456 quibus
1557 1394 1704 1450 datur,

329 1471 535 1518 adversus
556 1483 626 1512 eos
647 1465 808 1529 quibus
824 1465 891 1511 vel
916 1482 1002 1510 non
1022 1464 1168 1521 datur,
1187 1463 1254 1509 vel
1271 1463 1490 1523 ingratum
1509 1475 1570 1511 est
1589 1464 1704 1528 quod

327 1542 485 1593 datur3
507 1537 611 1601 quia
637 1547 685 1582 ut
709 1535 767 1581 eis
800 1546 970 1597 gratum
993 1537 1045 1581 sit
1062 1534 1235 1581 occulto
1252 1538 1420 1594 etJusto
1436 1534 1607 1594 judicio
1628 1535 1707 1581 Dei

327 1630 415 1660 non
435 1610 594 1656 datur?

391 1683 450 1728 Il.
472 1680 775 1743 Quapropter,
796 1678 982 1723 Domine
1000 1678 1274 1735 venerabilis,
1293 1689 1335 1723 et
1353 1677 1399 1723 in
1425 1676 1589 1723 Christi
1604 1676 1708 1723 cha-

327 1755 455 1802 ritate
477 1749 750 1814 suscipiende
777 1761 922 1795 sancte
956 1749 1104 1806 frater,
1131 1750 1332 1813 quamvis
1357 1748 1521 1813 optime
1554 1747 1703 1805 facias,

329 1842 429 1873 cum
452 1823 506 1869 de
530 1822 615 1868 hac
633 1838 678 1867 re
702 1821 857 1866 scribis
880 1821 932 1868 ad
956 1821 1125 1876 fratreS‚
1147 1821 1265 1885 apud
1288 1838 1397 1885 quos
1413 1837 1455 1866 se
1476 1820 1540 1866 illi
1563 1820 1616 1866 de
1637 1831 1709 1866 tua

327 1893 627 1943 solentafferre
652 1891 866 1945 amicitia;
890 1902 1031 1937 tamen
1049 1892 1147 1937 haec
1168 1909 1271 1937 cura
1291 1895 1427 1951 major
1454 1891 1533 1936 tibi
1558 1901 1704 1946 restat,

326 1977 483 2013 utnon
510 1962 651 2009 solum
683 1961 846 2007 salubri
869 1962 1095 2007 severitate
1122 1961 1386 2025 plectantur,
1416 1961 1493 2025 qui
1520 1977 1705 2007 errorem

327 2037 452 2085 illum
473 2033 724 2081 Christiano
746 2032 1070 2078 infestissimum
1094 2033 1259 2078 nomini
1288 2032 1451 2078 audent
1477 2032 1639 2092 garrire
1658 2031 1708 2078 li-

329 2108 492 2162 berius,
515 2104 588 2151 sed
623 2104 752 2149 etiam
794 2104 822 2148 ii
845 2103 1168 2163 diligentissime
1203 2113 1440 2149 caveantur
1486 2102 1709 2162 vigilantia

330 2177 554 2244 pastorali,
583 2185 763 2239 propter
789 2175 1047 2220 infirmiores
1083 2186 1123 2220 et
1159 2174 1447 2238 simpliciores
1470 2172 1709 2219 dominicas

330 2269 447 2304 oves,
485 2248 559 2312 qui
591 2265 688 2293 011111
718 2247 903 2311 pressius
926 2247 1103 2311 quidem
1147 2264 1196 2292 ae
1228 2246 1440 2301 timidius,
1468 2244 1540 2291 sed
1567 2256 1708 2291 tamen

330 2323 597 2368 insusurrare
618 2335 701 2363 non
721 2328 885 2363 cessant
911 2335 957 2362 :«
976 2321 1251 2363 Penetrantes
1269 2317 1421 2362 domos
1435 2316 1467 2373 1,
1486 2338 1504 2357 ›>
1523 2316 1635 2362 sicut
1650 2316 1709 2362 ait
1768 2345 1769 2349 =

332 2391 584 2457 Apostolus,
629 2401 668 2435 et
694 2400 848 2436 caetcra
874 2406 975 2452 quae
1008 2399 1249 2452 sequuntur
1280 2388 1461 2434 exercita
1487 2387 1709 2451 impietate

328 2463 547 2510 facientes.
574 2461 662 2506 Nec
688 2459 749 2506 illi
771 2459 1015 2520 negligendi
1039 2471 1155 2515 sunt,
1185 2459 1260 2523 qui
1285 2475 1421 2523 usque
1443 2457 1497 2503 ad
1519 2457 1707 2521 profun-

327 2534 433 2580 dum
463 2531 681 2579 silentium
719 2531 1002 2595 supprimunt
1044 2531 1199 2577 timore
1238 2529 1358 2594 quod
1405 2528 1612 2584 sentiunt,
1634 2527 1705 2575 sed

377 2619 384 2638 ¹
406 2627 421 2646 2
444 2615 522 2646 'li-‘n¹
550 2626 607 2645 111.
636 2616 665 2643 εἴ,
