1769 3235
318 276 374 305 ΩΟ
725 272 758 300 S.
801 269 1040 301 AUGUSTINI
1076 269 1276 302 EPISCOI‘I

313 359 333 379 »
362 348 445 391 ων,
467 335 527 380 ita
545 344 586 380 et
602 334 647 380 in
665 334 840 380 Christo
857 351 1002 381 omnes
1020 332 1392 382 vivificabuntur1
1412 352 1422 379 ε
1442 355 1461 376 >>
1479 344 1520 380 ct
1539 331 1677 398 quod,

308 428 327 448 «
358 408 442 451 Per
471 421 607 450 unum
632 404 854 450 hominem
881 416 1107 467 peccatum
1138 406 1182 451 in
1220 405 1341 451 hunc
1368 404 1583 451 mundum
1607 405 1681 450 in-

311 498 331 518 »
361 475 514 532 travit,
537 485 578 520 et
594 492 671 539 per
692 486 921 538 peccatum
943 493 1058 522 mors
1077 494 1086 521 :
1111 487 1152 522 et
1170 477 1228 522 ita
1246 476 1290 521 in
1314 493 1462 521 omnes
1484 475 1681 521 homines

306 568 327 588 »
351 563 467 592 mors
499 546 748 608 pertransiit
795 546 840 590 in
876 563 962 608 quo
1004 563 1151 592 omnes
1196 545 1518 609 peccaverunt2
1543 563 1553 589 :
1583 565 1603 587 »
1639 554 1682 590 et

302 616 448 681 quod,
479 637 499 657 «
519 617 541 660 J
550 615 743 661 udiciuin
767 615 943 679 quidem
965 634 1011 662 ex
1047 634 1133 663 uno
1162 617 1207 662 in
1240 615 1676 662 condemnationem:

309 709 329 730 »
353 687 487 747 gratia
503 697 646 732 autem
659 703 706 731 ex
716 687 864 732 multis
877 687 1042 734 delictis
1054 687 1469 748 injustificationem
1486 686 1589 733 vitae
1602 686 1619 716 ⁵
1632 703 1644 731 ε
1659 708 1680 728 >2

304 768 346 803 et
371 757 514 821 quod,
536 777 555 798 ε(
575 761 657 802 Per
671 757 796 802 unius
816 757 1026 804 delictum
1043 759 1087 803 in
1107 774 1252 803 omnes
1277 757 1475 802 homines
1495 756 1551 801 ad
1570 772 1681 802 con-

305 848 325 867 »
351 826 698 883 demnationem,
732 838 773 872 et
801 845 877 890 per
912 829 1039 874 unius
1067 827 1426 888 Justificationem
1458 827 1502 872 in
1528 843 1678 872 omnes

301 920 322 941 »
345 897 542 943 homines
558 898 603 943 in
617 897 972 957 justificationem
990 899 1116 945 vitael’
1142 916 1153 943 ε
1180 920 1199 941 »
1223 909 1264 943 et
1281 898 1313 943 si
1335 914 1421 961 qua
1445 897 1529 943 alia
1545 896 1668 943 testi-

299 968 444 1014 monia
471 967 694 1013 declarant
727 968 939 1014 neminem
965 969 1084 1014 nasci
1115 985 1161 1013 ex
1196 968 1332 1013 Adam
1349 1004 1359 1023 ,
1387 967 1467 1012 nisi
1493 966 1670 1013 vinculo

303 1037 451 1084 delicti
473 1048 514 1082 et
537 1036 825 1082 damnationis
849 1038 1106 1083 obstrictum
1123 1075 1134 1094 ‚
1163 1037 1468 1100 neminemque
1490 1036 1591 1083 inde
1614 1037 1673 1082 li-

303 1108 447 1154 berari
466 1107 548 1153 nisi
570 1106 833 1153 renascendo
847 1125 924 1171 per
946 1108 1172 1154 Christum
1196 1126 1207 1153 :
1236 1119 1321 1153 tam
1340 1108 1591 1154 inconcusse
1608 1117 1674 1152 te-

299 1196 399 1225 nere
422 1178 654 1235 debemus,
682 1189 730 1224 ut
746 1180 932 1225 sciamus
957 1197 1053 1225 eum
1075 1181 1152 1243 qui
1178 1179 1266 1225 hoc
1285 1179 1532 1239 negaverit,
1553 1177 1675 1224 nullo

301 1249 433 1296 modo
454 1248 506 1294 ad
544 1249 709 1294 Christi
733 1249 889 1307 sidem,
915 1261 957 1296 et
992 1250 1044 1295 ad
1072 1267 1193 1304 eam,
1227 1265 1327 1312 quae
1348 1265 1424 1311 per
1450 1248 1677 1294 Christum

303 1321 433 1368 datur
450 1319 618 1383 pusillis
641 1330 682 1365 et
701 1321 866 1380 magnis
882 1357 893 1377 ‚
923 1321 999 1366 Dei
1028 1321 1211 1381 gratiam
1230 1319 1459 1383 pertinere.
1495 1318 1622 1364 Unde
1645 1316 1679 1363 si

303 1393 423 1452 origo
444 1392 601 1437 animae
619 1391 776 1447 lateat,
795 1391 900 1438 dum
921 1403 1064 1437 tamen
1082 1390 1324 1454 redemptio
1347 1389 1532 1447 clareat,
1557 1389 1680 1453 peri-
1746 1395 1748 1397 ’

303 1463 454 1510 culum
470 1480 558 1508 non
576 1472 650 1509 est.
680 1464 828 1526 Neque
845 1463 959 1508 enim
982 1463 1028 1509 in
1045 1462 1271 1509 Christum
1290 1461 1508 1508 credimus
1524 1471 1573 1508 ut
1586 1477 1680 1506 nas·
1746 1464 1749 1482 ³

305 1551 473 1591 camur,
503 1533 575 1580 sed
618 1543 667 1579 ut
697 1551 973 1580 renascamur
1015 1533 1428 1599 quomodocumque
1460 1532 1551 1578 nati
1581 1531 1678 1578 fue-
1744 1525 1748 1578 Ῐ

307 1622 456 1652 rimus.

375 1675 451 1721 lV.
479 1675 700 1720 Hactenus
715 1684 859 1720 autem
874 1673 1060 1720 dicimus
1075 1674 1164 1720 sine
1178 1673 1373 1738 periculo
1387 1673 1518 1721 latere
1529 1674 1686 1721 animae
1743 1679 1746 1698 ³

312 1746 522 1807 originem
536 1782 547 1801 ‚
573 1755 618 1791 ut
641 1763 729 1790 non
752 1755 894 1791 tamen
917 1762 1011 1790 eam
1030 1755 1199 1808 partem
1218 1744 1301 1790 Dei
1321 1761 1406 1790 esse
1427 1744 1654 1791 credamus
1671 1781 1683 1801 ‚

313 1817 387 1864 sed
411 1826 668 1862 creaturam.
694 1818 785 1862 Nec
816 1816 869 1861 de
895 1817 985 1861 Deo
1009 1827 1156 1861 natam
1173 1852 1184 1871 ,
1217 1815 1292 1861 sed
1321 1815 1377 1861 ab
1400 1815 1476 1861 illo
1500 1816 1685 1872 factam,
1741 1818 1745 1824 '

317 1899 446 1951 atque
470 1887 515 1932 in
539 1890 629 1947 ejus
641 1903 772 1946 genus
794 1885 1087 1949 adoptandam
1110 1885 1301 1931 mirabili
1321 1885 1570 1945 dignatione
1588 1903 1690 1946 gra·
1742 1929 1743 1936 ,

319 1960 413 2017 tiae,
438 1975 527 2004 non
552 1958 682 2021 parili
700 1957 909 2017 dignitate
932 1968 1112 2003 naturae.
1149 1958 1238 2003 Nec
1262 1973 1355 2004 eam
1383 1973 1544 2020 corpus
1576 1974 1688 2013 esse,

321 2030 395 2078 sed
421 2029 643 2093 spiritum3
675 2045 761 2073 non
788 2028 1034 2073 Creatorem
1067 2027 1241 2090 utique,
1267 2026 1341 2072 sed
1365 2038 1574 2074 creatum.
1604 2028 1694 2073 Nec
1740 2069 1741 2073 ,

323 2101 420 2148 ideo
443 2099 605 2147 venisse
630 2100 674 2157 in
704 2100 792 2164 hoc
826 2115 984 2162 corpus
1025 2097 1311 2160 corruptibile
1344 2114 1433 2161 quo
1467 2108 1689 2158 gravatur,

325 2171 446 2237 quod
469 2170 524 2217 ad
547 2165 657 2216 illud
681 2166 772 2216 eam
798 2170 899 2216 vitae
921 2171 967 2214 in
999 2169 1250 2215 coelestibus
1273 2167 1339 2214 vel
1360 2169 1406 2213 in
1426 2167 1696 2231 quibuslibet
1739 2178 1741 2200 ³

327 2243 421 2288 aliis
436 2242 637 2305 partibus
651 2240 804 2287 mundi
822 2250 944 2285 antea
956 2239 1065 2285 male
1079 2249 1206 2299 gestie
1223 2239 1373 2283 merita
1385 2238 1691 2302 compulerint.
1738 2241 1740 2249 '

331 2313 540 2359 Nondum
567 2312 681 2358 enim
708 2321 831 2357 natos
856 2309 1109 2374 Apostolus,
1135 2326 1234 2354 cum
1262 2309 1315 2354 de
1335 2309 1549 2355 Rebeccae
1566 2309 1700 2369 gemi-

332 2386 399 2431 nis
423 2385 691 2448 loquerctur,
722 2383 835 2429 niliil
857 2383 986 2442 egisse
1006 2381 1114 2426 dicit
1146 2381 1252 2426 boni
1279 2380 1346 2426 vel
1366 2380 1518 2435 mali-‘³3
1546 2391 1703 2426 utnon

333 2474 379 2502 cx
394 2456 599 2520 operibus
614 2493 625 2513 ‚
647 2456 808 2519 quibus
828 2453 956 2499 nullis
979 2452 1085 2498 alter
1104 2451 1451 2511 distinguebatur
1474 2451 1531 2497 ab
1548 2451 1699 2508 altem,

1730 2487 1736 2517 1

383 2558 392 2580 ¹
418 2569 429 2588 1
461 2560 532 2589 (lor.
552 2569 604 2599 xv,
636 2568 692 2589 21.
721 2574 764 2581 --
784 2554 799 2577 ‘l
819 2559 913 2587 Rom.
943 2564 970 2591 v,
1000 2565 1114 2585 12.-·--
1143 2548 1156 2574 3
1182 2549 1265 2586 lbid.
1292 2553 1342 2585 10.
1367 2569 1409 2575 -
1436 2548 1450 2573 4
1476 2550 1557 2584 [bid.
1586 2552 1638 2585 18.
1658 2567 1701 2574 —
1730 2538 1737 2594 1

325 2609 551 2656 511.υι,ιι.
1730 2603 1734 2628 t
