<?xml version="1.0" encoding="UTF-8"?>
<!DOCTYPE html PUBLIC "-//W3C//DTD XHTML 1.0 Transitional//EN"
    "http://www.w3.org/TR/xhtml1/DTD/xhtml1-transitional.dtd">
<html xmlns="http://www.w3.org/1999/xhtml" xml:lang="en" lang="en">
 <head>
  <title>
</title>
<meta http-equiv="Content-Type" content="text/html;charset=utf-8" />
  <meta name='ocr-system' content='tesseract 3.04.00' />
  <meta name='ocr-capabilities' content='ocr_page ocr_carea ocr_par ocr_line ocrx_word'/>
</head>
<body>
  <div class='ocr_page' id='page_1' title='image "./operaomniaaccura41auguuoft/operaomniaaccura41auguuoft_0075.png"; bbox 0 0 1769 3235; ppageno 0'>
   <div class='ocr_carea' id='block_1_1' title="bbox 517 326 1403 374">
    <p class='ocr_par' dir='ltr' id='par_1_1' title="bbox 517 326 1403 374">
     <span class='ocr_line' id='line_1_1' title="bbox 517 326 1403 374; baseline 0.005 -4"><span class='ocrx_word' id='word_1_1' title='bbox 517 340 732 372; x_wconf 79' lang='lat' dir='ltr'>EPISTOLA</span> <span class='ocrx_word' id='word_1_2' title='bbox 768 341 913 371; x_wconf 77' lang='lat' dir='ltr'>cxciv.</span> <span class='ocrx_word' id='word_1_3' title='bbox 1343 326 1403 374; x_wconf 81' lang='lat'>63</span> 
     </span>
    </p>
   </div>
   <div class='ocr_carea' id='block_1_2' title="bbox 0 403 1408 2597">
    <p class='ocr_par' dir='ltr' id='par_1_2' title="bbox 37 403 1405 522">
     <span class='ocr_line' id='line_1_2' title="bbox 37 403 1405 470; baseline 0.004 -21"><span class='ocrx_word' id='word_1_4' title='bbox 37 427 58 449; x_wconf 89' lang='lat'>›&gt;</span> <span class='ocrx_word' id='word_1_5' title='bbox 79 410 198 452; x_wconf 77' lang='lat' dir='ltr'>terna</span> <span class='ocrx_word' id='word_1_6' title='bbox 216 421 392 470; x_wconf 88' lang='lat' dir='ltr'>quoque</span> <span class='ocrx_word' id='word_1_7' title='bbox 412 403 550 452; x_wconf 84' lang='lat' dir='ltr'>virtus</span> <span class='ocrx_word' id='word_1_8' title='bbox 576 408 667 465; x_wconf 85' lang='lat' dir='ltr'>ejus</span> <span class='ocrx_word' id='word_1_9' title='bbox 688 423 737 452; x_wconf 83' lang='lat' dir='ltr'>ac</span> <span class='ocrx_word' id='word_1_10' title='bbox 757 405 978 463; x_wconf 66' lang='lat' dir='ltr'>divinitas,</span> <span class='ocrx_word' id='word_1_11' title='bbox 1005 416 1054 452; x_wconf 83' lang='lat' dir='ltr'>ut</span> <span class='ocrx_word' id='word_1_12' title='bbox 1076 405 1161 453; x_wconf 88' lang='lat' dir='ltr'>sint</span> <span class='ocrx_word' id='word_1_13' title='bbox 1177 407 1405 454; x_wconf 81' lang='lat' dir='ltr'>inexcusa-</span> 
     </span>
     <span class='ocr_line' id='line_1_3' title="bbox 37 475 273 522; baseline 0.008 -2"><span class='ocrx_word' id='word_1_14' title='bbox 37 498 58 520; x_wconf 58' lang='grc' dir='ltr'>ν)</span> <span class='ocrx_word' id='word_1_15' title='bbox 75 475 222 522; x_wconf 69' lang='lat' dir='ltr'>biles1.</span> <span class='ocrx_word' id='word_1_16' title='bbox 252 498 273 518; x_wconf 73' lang='lat'>&gt;2</span> 
     </span>
    </p>

    <p class='ocr_par' dir='ltr' id='par_1_3' title="bbox 0 546 1408 1463">
     <span class='ocr_line' id='line_1_4' title="bbox 97 546 1394 611; baseline 0 -18"><span class='ocrx_word' id='word_1_17' title='bbox 97 546 234 593; x_wconf 76' lang='lat' dir='ltr'><strong>XXV.</strong></span> <span class='ocrx_word' id='word_1_18' title='bbox 277 547 321 593; x_wconf 82' lang='lat' dir='ltr'>Si</span> <span class='ocrx_word' id='word_1_19' title='bbox 342 564 443 607; x_wconf 83' lang='lat' dir='ltr'>ergo</span> <span class='ocrx_word' id='word_1_20' title='bbox 471 546 572 592; x_wconf 84' lang='lat' dir='ltr'>istos</span> <span class='ocrx_word' id='word_1_21' title='bbox 589 547 898 593; x_wconf 71' lang='lat' dir='ltr'>inexcusabiles</span> <span class='ocrx_word' id='word_1_22' title='bbox 923 547 1031 593; x_wconf 74' lang='lat' dir='ltr'>dicit</span> <span class='ocrx_word' id='word_1_23' title='bbox 1052 585 1062 603; x_wconf 84' lang='lat'><strong>‚</strong></span> <span class='ocrx_word' id='word_1_24' title='bbox 1093 549 1168 611; x_wconf 87' lang='lat' dir='ltr'>qui</span> <span class='ocrx_word' id='word_1_25' title='bbox 1192 548 1394 594; x_wconf 74' lang='lat' dir='ltr'>invisibi-</span> 
     </span>
     <span class='ocr_line' id='line_1_5' title="bbox 33 615 1401 682; baseline 0 -17"><span class='ocrx_word' id='word_1_26' title='bbox 33 615 88 665; x_wconf 87' lang='lat' dir='ltr'>lia</span> <span class='ocrx_word' id='word_1_27' title='bbox 108 617 222 663; x_wconf 86' lang='lat' dir='ltr'>illius</span> <span class='ocrx_word' id='word_1_28' title='bbox 256 635 334 682; x_wconf 89' lang='lat' dir='ltr'>per</span> <span class='ocrx_word' id='word_1_29' title='bbox 355 634 403 663; x_wconf 86' lang='lat' dir='ltr'>ea</span> <span class='ocrx_word' id='word_1_30' title='bbox 421 654 432 675; x_wconf 87' lang='lat'>‚</span> <span class='ocrx_word' id='word_1_31' title='bbox 471 634 572 681; x_wconf 81' lang='lat' dir='ltr'>quae</span> <span class='ocrx_word' id='word_1_32' title='bbox 600 617 716 664; x_wconf 82' lang='lat' dir='ltr'>facta</span> <span class='ocrx_word' id='word_1_33' title='bbox 740 628 841 663; x_wconf 74' lang='lat' dir='ltr'>sunt</span> <span class='ocrx_word' id='word_1_34' title='bbox 861 654 871 673; x_wconf 84' lang='grc'><strong>,</strong></span> <span class='ocrx_word' id='word_1_35' title='bbox 899 617 1117 663; x_wconf 77' lang='lat' dir='ltr'>intellecta</span> <span class='ocrx_word' id='word_1_36' title='bbox 1148 618 1401 681; x_wconf 80' lang='lat' dir='ltr'><strong>conspicere</strong></span> 
     </span>
     <span class='ocr_line' id='line_1_6' title="bbox 32 687 1408 754; baseline 0 -20"><span class='ocrx_word' id='word_1_37' title='bbox 32 699 299 754; x_wconf 82' lang='lat' dir='ltr'>potuerunt,</span> <span class='ocrx_word' id='word_1_38' title='bbox 327 705 407 734; x_wconf 90' lang='lat' dir='ltr'>nec</span> <span class='ocrx_word' id='word_1_39' title='bbox 427 687 687 734; x_wconf 88' lang='lat' dir='ltr'>obedierunt</span> <span class='ocrx_word' id='word_1_40' title='bbox 710 700 851 734; x_wconf 85' lang='lat' dir='ltr'>tamen</span> <span class='ocrx_word' id='word_1_41' title='bbox 876 689 1044 734; x_wconf 72' lang='lat' dir='ltr'>veritali</span> <span class='ocrx_word' id='word_1_42' title='bbox 1061 726 1071 745; x_wconf 92' lang='lat'><em>‚</em></span> <span class='ocrx_word' id='word_1_43' title='bbox 1096 688 1168 734; x_wconf 86' lang='lat' dir='ltr'>sed</span> <span class='ocrx_word' id='word_1_44' title='bbox 1190 689 1329 753; x_wconf 90' lang='lat' dir='ltr'>iniqui</span> <span class='ocrx_word' id='word_1_45' title='bbox 1365 699 1408 734; x_wconf 83' lang='lat' dir='ltr'>et</span> 
     </span>
     <span class='ocr_line' id='line_1_7' title="bbox 34 759 1405 824; baseline 0 -18"><span class='ocrx_word' id='word_1_46' title='bbox 34 759 154 823; x_wconf 89' lang='lat' dir='ltr'>impii</span> <span class='ocrx_word' id='word_1_47' title='bbox 178 770 534 823; x_wconf 83' lang='lat' dir='ltr'>permanserunt3</span> <span class='ocrx_word' id='word_1_48' title='bbox 557 777 697 824; x_wconf 87' lang='lat' dir='ltr'>neque</span> <span class='ocrx_word' id='word_1_49' title='bbox 715 759 830 805; x_wconf 87' lang='lat' dir='ltr'>enim</span> <span class='ocrx_word' id='word_1_50' title='bbox 861 776 950 805; x_wconf 89' lang='lat' dir='ltr'>non</span> <span class='ocrx_word' id='word_1_51' title='bbox 974 771 1275 820; x_wconf 72' lang='lat' dir='ltr'>cognoverunt</span> <span class='ocrx_word' id='word_1_52' title='bbox 1294 799 1304 816; x_wconf 89' lang='lat'><strong><em>‚</em></strong></span> <span class='ocrx_word' id='word_1_53' title='bbox 1331 760 1405 806; x_wconf 86' lang='lat' dir='ltr'>sed</span> 
     </span>
     <span class='ocr_line' id='line_1_8' title="bbox 33 833 1406 898; baseline 0.004 -23"><span class='ocrx_word' id='word_1_54' title='bbox 33 853 52 875; x_wconf 75' lang='grc' dir='ltr'>(ι</span> <span class='ocrx_word' id='word_1_55' title='bbox 73 833 389 893; x_wconf 83' lang='lat' dir='ltr'>Cognoscentes</span> <span class='ocrx_word' id='word_1_56' title='bbox 411 833 593 898; x_wconf 83' lang='lat' dir='ltr'>(inquit)</span> <span class='ocrx_word' id='word_1_57' title='bbox 616 835 773 889; x_wconf 87' lang='lat' dir='ltr'>Deum,</span> <span class='ocrx_word' id='word_1_58' title='bbox 797 850 884 879; x_wconf 87' lang='lat' dir='ltr'>non</span> <span class='ocrx_word' id='word_1_59' title='bbox 906 844 954 879; x_wconf 80' lang='lat' dir='ltr'>ut</span> <span class='ocrx_word' id='word_1_60' title='bbox 976 835 1114 880; x_wconf 87' lang='lat' dir='ltr'>Deum</span> <span class='ocrx_word' id='word_1_61' title='bbox 1140 834 1406 893; x_wconf 80' lang='lat' dir='ltr'>glorificave-</span> 
     </span>
     <span class='ocr_line' id='line_1_9' title="bbox 33 903 1404 967; baseline 0.002 -20"><span class='ocrx_word' id='word_1_62' title='bbox 33 914 167 950; x_wconf 74' lang='lat' dir='ltr'>»runt</span> <span class='ocrx_word' id='word_1_63' title='bbox 183 941 193 959; x_wconf 82' lang='grc'><em>,</em></span> <span class='ocrx_word' id='word_1_64' title='bbox 228 915 302 950; x_wconf 85' lang='lat' dir='ltr'>aut</span> <span class='ocrx_word' id='word_1_65' title='bbox 318 903 475 965; x_wconf 79' lang='lat' dir='ltr'>gratias</span> <span class='ocrx_word' id='word_1_66' title='bbox 499 905 709 964; x_wconf 79' lang='lat' dir='ltr'>egerunt2</span> <span class='ocrx_word' id='word_1_67' title='bbox 742 922 751 949; x_wconf 77' lang='grc' dir='ltr'><em>τ</em></span> <span class='ocrx_word' id='word_1_68' title='bbox 785 925 805 944; x_wconf 70' lang='lat'>2&gt;</span> <span class='ocrx_word' id='word_1_69' title='bbox 831 915 999 967; x_wconf 75' lang='lat' dir='ltr'>quanto</span> <span class='ocrx_word' id='word_1_70' title='bbox 1021 905 1155 964; x_wconf 79' lang='lat' dir='ltr'>magis</span> <span class='ocrx_word' id='word_1_71' title='bbox 1177 903 1404 950; x_wconf 80' lang='lat' dir='ltr'>inexcusa-</span> 
     </span>
     <span class='ocr_line' id='line_1_10' title="bbox 30 972 1404 1039; baseline 0.001 -19"><span class='ocrx_word' id='word_1_72' title='bbox 30 972 134 1021; x_wconf 84' lang='lat' dir='ltr'>biles</span> <span class='ocrx_word' id='word_1_73' title='bbox 169 986 267 1021; x_wconf 85' lang='lat' dir='ltr'>sunt</span> <span class='ocrx_word' id='word_1_74' title='bbox 288 1013 299 1032; x_wconf 91' lang='lat'>‚</span> <span class='ocrx_word' id='word_1_75' title='bbox 322 975 463 1039; x_wconf 87' lang='lat' dir='ltr'>quiex</span> <span class='ocrx_word' id='word_1_76' title='bbox 491 974 583 1036; x_wconf 82' lang='lat' dir='ltr'>lege</span> <span class='ocrx_word' id='word_1_77' title='bbox 616 979 708 1036; x_wconf 79' lang='lat' dir='ltr'>ejus</span> <span class='ocrx_word' id='word_1_78' title='bbox 742 975 944 1021; x_wconf 71' lang='lat' dir='ltr'>instructi</span> <span class='ocrx_word' id='word_1_79' title='bbox 969 976 1201 1021; x_wconf 85' lang='lat' dir='ltr'>considunt</span> <span class='ocrx_word' id='word_1_80' title='bbox 1223 992 1264 1021; x_wconf 87' lang='lat' dir='ltr'>se</span> <span class='ocrx_word' id='word_1_81' title='bbox 1287 976 1404 1039; x_wconf 89' lang='lat' dir='ltr'>ipsos</span> 
     </span>
     <span class='ocr_line' id='line_1_11' title="bbox 32 1043 1399 1110; baseline 0.001 -19"><span class='ocrx_word' id='word_1_82' title='bbox 32 1043 159 1092; x_wconf 86' lang='lat' dir='ltr'>duces</span> <span class='ocrx_word' id='word_1_83' title='bbox 175 1063 261 1092; x_wconf 89' lang='lat' dir='ltr'>esse</span> <span class='ocrx_word' id='word_1_84' title='bbox 277 1063 495 1092; x_wconf 87' lang='lat' dir='ltr'>caecorum</span> <span class='ocrx_word' id='word_1_85' title='bbox 513 1083 523 1102; x_wconf 89' lang='lat'><strong>‚</strong></span> <span class='ocrx_word' id='word_1_86' title='bbox 557 1058 598 1093; x_wconf 85' lang='lat' dir='ltr'>et</span> <span class='ocrx_word' id='word_1_87' title='bbox 620 1047 723 1092; x_wconf 85' lang='lat' dir='ltr'>alios</span> <span class='ocrx_word' id='word_1_88' title='bbox 749 1044 953 1092; x_wconf 78' lang='lat' dir='ltr'>docentes</span> <span class='ocrx_word' id='word_1_89' title='bbox 968 1084 977 1102; x_wconf 82' lang='lat'>,</span> <span class='ocrx_word' id='word_1_90' title='bbox 999 1064 1041 1092; x_wconf 83' lang='lat' dir='ltr'>se</span> <span class='ocrx_word' id='word_1_91' title='bbox 1065 1047 1181 1110; x_wconf 71' lang='lat' dir='ltr'>ipsos</span> <span class='ocrx_word' id='word_1_92' title='bbox 1203 1064 1288 1092; x_wconf 90' lang='lat' dir='ltr'>non</span> <span class='ocrx_word' id='word_1_93' title='bbox 1315 1046 1399 1093; x_wconf 88' lang='lat' dir='ltr'>do-</span> 
     </span>
     <span class='ocr_line' id='line_1_12' title="bbox 31 1115 1403 1180; baseline 0.001 -18"><span class='ocrx_word' id='word_1_94' title='bbox 31 1127 126 1163; x_wconf 85' lang='lat' dir='ltr'><strong>cent</strong></span> <span class='ocrx_word' id='word_1_95' title='bbox 153 1135 162 1162; x_wconf 92' lang='lat'><strong>:</strong></span> <span class='ocrx_word' id='word_1_96' title='bbox 189 1117 265 1180; x_wconf 90' lang='lat' dir='ltr'>qui</span> <span class='ocrx_word' id='word_1_97' title='bbox 285 1117 530 1180; x_wconf 62' lang='lat' dir='ltr'>praedicant</span> <span class='ocrx_word' id='word_1_98' title='bbox 547 1135 634 1162; x_wconf 92' lang='lat' dir='ltr'>non</span> <span class='ocrx_word' id='word_1_99' title='bbox 655 1115 891 1163; x_wconf 78' lang='lat' dir='ltr'>furandum</span> <span class='ocrx_word' id='word_1_100' title='bbox 908 1154 918 1172; x_wconf 77' lang='grc'><em>,</em></span> <span class='ocrx_word' id='word_1_101' title='bbox 941 1129 983 1162; x_wconf 86' lang='lat' dir='ltr'>et</span> <span class='ocrx_word' id='word_1_102' title='bbox 999 1117 1201 1163; x_wconf 81' lang='lat' dir='ltr'>furantur</span> <span class='ocrx_word' id='word_1_103' title='bbox 1217 1137 1228 1172; x_wconf 89' lang='lat'>;</span> <span class='ocrx_word' id='word_1_104' title='bbox 1245 1128 1288 1163; x_wconf 84' lang='lat' dir='ltr'>et</span> <span class='ocrx_word' id='word_1_105' title='bbox 1312 1134 1403 1163; x_wconf 83' lang='lat' dir='ltr'>cae-</span> 
     </span>
     <span class='ocr_line' id='line_1_13' title="bbox 30 1185 1398 1251; baseline 0 -17"><span class='ocrx_word' id='word_1_106' title='bbox 30 1197 115 1234; x_wconf 83' lang='lat' dir='ltr'>tera</span> <span class='ocrx_word' id='word_1_107' title='bbox 135 1203 233 1251; x_wconf 83' lang='lat' dir='ltr'>quae</span> <span class='ocrx_word' id='word_1_108' title='bbox 260 1185 314 1233; x_wconf 87' lang='lat' dir='ltr'>de</span> <span class='ocrx_word' id='word_1_109' title='bbox 340 1187 445 1251; x_wconf 84' lang='lat' dir='ltr'>ipsis</span> <span class='ocrx_word' id='word_1_110' title='bbox 467 1185 702 1251; x_wconf 78' lang='lat' dir='ltr'>Apostolus</span> <span class='ocrx_word' id='word_1_111' title='bbox 723 1186 934 1250; x_wconf 81' lang='lat' dir='ltr'>loquitur.</span> <span class='ocrx_word' id='word_1_112' title='bbox 975 1188 1047 1233; x_wconf 78' lang='lat' dir='ltr'>Eis</span> <span class='ocrx_word' id='word_1_113' title='bbox 1073 1189 1242 1251; x_wconf 85' lang='lat' dir='ltr'>quippe</span> <span class='ocrx_word' id='word_1_114' title='bbox 1261 1187 1398 1234; x_wconf 81' lang='lat' dir='ltr'>dicit:</span> 
     </span>
     <span class='ocr_line' id='line_1_14' title="bbox 0 1257 1399 1321; baseline 0 -17"><span class='ocrx_word' id='word_1_115' title='bbox 0 1299 1 1318; x_wconf 25' lang='grc' dir='ltr'>ἶ</span> <span class='ocrx_word' id='word_1_116' title='bbox 30 1257 302 1321; x_wconf 82' lang='lat' dir='ltr'>«Propterea</span> <span class='ocrx_word' id='word_1_117' title='bbox 327 1257 634 1304; x_wconf 79' lang='lat' dir='ltr'>inexcusabilis</span> <span class='ocrx_word' id='word_1_118' title='bbox 653 1275 718 1314; x_wconf 83' lang='lat' dir='ltr'>es,</span> <span class='ocrx_word' id='word_1_119' title='bbox 744 1264 770 1303; x_wconf 82' lang='grc' dir='ltr'>ὀ</span> <span class='ocrx_word' id='word_1_120' title='bbox 790 1257 926 1304; x_wconf 86' lang='lat' dir='ltr'>homo</span> <span class='ocrx_word' id='word_1_121' title='bbox 945 1258 1084 1303; x_wconf 89' lang='lat' dir='ltr'>omnis</span> <span class='ocrx_word' id='word_1_122' title='bbox 1109 1257 1399 1320; x_wconf 85' lang='lat' dir='ltr'>quijudicas:</span> 
     </span>
     <span class='ocr_line' id='line_1_15' title="bbox 31 1327 1399 1393; baseline 0.001 -21"><span class='ocrx_word' id='word_1_123' title='bbox 31 1327 106 1374; x_wconf 84' lang='lat' dir='ltr'>»in</span> <span class='ocrx_word' id='word_1_124' title='bbox 143 1345 230 1392; x_wconf 86' lang='lat' dir='ltr'>quo</span> <span class='ocrx_word' id='word_1_125' title='bbox 262 1327 378 1374; x_wconf 87' lang='lat' dir='ltr'>enim</span> <span class='ocrx_word' id='word_1_126' title='bbox 399 1327 534 1374; x_wconf 85' lang='lat' dir='ltr'>alium</span> <span class='ocrx_word' id='word_1_127' title='bbox 558 1327 756 1388; x_wconf 81' lang='lat' dir='ltr'>judicas,</span> <span class='ocrx_word' id='word_1_128' title='bbox 791 1328 1069 1393; x_wconf 80' lang='lat' dir='ltr'>temetipsum</span> <span class='ocrx_word' id='word_1_129' title='bbox 1103 1327 1399 1375; x_wconf 81' lang='lat' dir='ltr'>condemnas:</span> 
     </span>
     <span class='ocr_line' id='line_1_16' title="bbox 30 1398 892 1463; baseline 0.002 -20"><span class='ocrx_word' id='word_1_130' title='bbox 30 1399 209 1445; x_wconf 87' lang='lat' dir='ltr'>»eadem</span> <span class='ocrx_word' id='word_1_131' title='bbox 237 1399 352 1446; x_wconf 88' lang='lat' dir='ltr'>enim</span> <span class='ocrx_word' id='word_1_132' title='bbox 385 1399 474 1460; x_wconf 85' lang='lat' dir='ltr'>agis</span> <span class='ocrx_word' id='word_1_133' title='bbox 499 1417 598 1463; x_wconf 81' lang='lat' dir='ltr'>quae</span> <span class='ocrx_word' id='word_1_134' title='bbox 615 1399 789 1459; x_wconf 87' lang='lat' dir='ltr'>judicas</span> <span class='ocrx_word' id='word_1_135' title='bbox 810 1398 842 1446; x_wconf 77' lang='lat'>3.</span> <span class='ocrx_word' id='word_1_136' title='bbox 871 1421 892 1441; x_wconf 84' lang='lat'>»</span> 
     </span>
    </p>

    <p class='ocr_par' dir='ltr' id='par_1_4' title="bbox 26 1469 1405 2313">
     <span class='ocr_line' id='line_1_17' title="bbox 91 1469 1402 1534; baseline 0 -18"><span class='ocrx_word' id='word_1_137' title='bbox 91 1470 251 1517; x_wconf 84' lang='lat' dir='ltr'>XXVI.</span> <span class='ocrx_word' id='word_1_138' title='bbox 296 1470 416 1516; x_wconf 85' lang='lat' dir='ltr'>Dicit</span> <span class='ocrx_word' id='word_1_139' title='bbox 447 1471 575 1516; x_wconf 78' lang='lat' dir='ltr'>etiam</span> <span class='ocrx_word' id='word_1_140' title='bbox 604 1471 695 1534; x_wconf 85' lang='lat' dir='ltr'>ipse</span> <span class='ocrx_word' id='word_1_141' title='bbox 719 1471 932 1516; x_wconf 87' lang='lat' dir='ltr'>Dominus</span> <span class='ocrx_word' id='word_1_142' title='bbox 957 1470 1000 1516; x_wconf 91' lang='lat' dir='ltr'>in</span> <span class='ocrx_word' id='word_1_143' title='bbox 1028 1469 1262 1531; x_wconf 78' lang='lat' dir='ltr'>Evangelio</span> <span class='ocrx_word' id='word_1_144' title='bbox 1280 1507 1292 1526; x_wconf 86' lang='grc'>,</span> <span class='ocrx_word' id='word_1_145' title='bbox 1317 1491 1335 1512; x_wconf 88' lang='lat'>«</span> <span class='ocrx_word' id='word_1_146' title='bbox 1355 1469 1402 1516; x_wconf 87' lang='lat' dir='ltr'>Si</span> 
     </span>
     <span class='ocr_line' id='line_1_18' title="bbox 30 1538 1405 1605; baseline 0.001 -20"><span class='ocrx_word' id='word_1_147' title='bbox 30 1562 49 1584; x_wconf 81' lang='lat'>›&gt;</span> <span class='ocrx_word' id='word_1_148' title='bbox 64 1557 147 1586; x_wconf 90' lang='lat' dir='ltr'>non</span> <span class='ocrx_word' id='word_1_149' title='bbox 170 1540 374 1586; x_wconf 85' lang='lat' dir='ltr'>venissem</span> <span class='ocrx_word' id='word_1_150' title='bbox 394 1578 404 1598; x_wconf 84' lang='lat'>,</span> <span class='ocrx_word' id='word_1_151' title='bbox 427 1553 469 1588; x_wconf 80' lang='lat' dir='ltr'>et</span> <span class='ocrx_word' id='word_1_152' title='bbox 486 1541 659 1588; x_wconf 80' lang='lat' dir='ltr'>locutus</span> <span class='ocrx_word' id='word_1_153' title='bbox 673 1540 938 1598; x_wconf 82' lang='lat' dir='ltr'>eissuissem‚</span> <span class='ocrx_word' id='word_1_154' title='bbox 965 1552 1197 1605; x_wconf 73' lang='lat' dir='ltr'>peccatum</span> <span class='ocrx_word' id='word_1_155' title='bbox 1218 1558 1303 1586; x_wconf 90' lang='lat' dir='ltr'>non</span> <span class='ocrx_word' id='word_1_156' title='bbox 1320 1538 1405 1587; x_wconf 84' lang='lat' dir='ltr'>ha-</span> 
     </span>
     <span class='ocr_line' id='line_1_19' title="bbox 29 1610 1401 1675; baseline 0.001 -20"><span class='ocrx_word' id='word_1_157' title='bbox 29 1633 48 1654; x_wconf 87' lang='grc'>»</span> <span class='ocrx_word' id='word_1_158' title='bbox 61 1611 208 1656; x_wconf 79' lang='lat' dir='ltr'>herent</span> <span class='ocrx_word' id='word_1_159' title='bbox 231 1628 241 1656; x_wconf 74' lang='grc' dir='ltr'><strong>ι</strong></span> <span class='ocrx_word' id='word_1_160' title='bbox 263 1627 382 1657; x_wconf 87' lang='grc'><strong>0006</strong></span> <span class='ocrx_word' id='word_1_161' title='bbox 406 1623 550 1658; x_wconf 72' lang='lat' dir='ltr'>autem</span> <span class='ocrx_word' id='word_1_162' title='bbox 576 1612 894 1657; x_wconf 73' lang='lat' dir='ltr'>excusationem</span> <span class='ocrx_word' id='word_1_163' title='bbox 919 1628 1005 1657; x_wconf 92' lang='lat' dir='ltr'>non</span> <span class='ocrx_word' id='word_1_164' title='bbox 1027 1611 1196 1657; x_wconf 84' lang='lat' dir='ltr'>habent</span> <span class='ocrx_word' id='word_1_165' title='bbox 1221 1610 1274 1656; x_wconf 90' lang='lat' dir='ltr'>de</span> <span class='ocrx_word' id='word_1_166' title='bbox 1290 1628 1401 1675; x_wconf 86' lang='lat' dir='ltr'>pec-</span> 
     </span>
     <span class='ocr_line' id='line_1_20' title="bbox 30 1680 1398 1747; baseline -0.001 -19"><span class='ocrx_word' id='word_1_167' title='bbox 30 1692 156 1728; x_wconf 80' lang='lat' dir='ltr'>»cato</span> <span class='ocrx_word' id='word_1_168' title='bbox 179 1680 298 1729; x_wconf 65' lang='lat' dir='ltr'>suol‘.</span> <span class='ocrx_word' id='word_1_169' title='bbox 326 1703 345 1723; x_wconf 85' lang='lat'>›&gt;</span> <span class='ocrx_word' id='word_1_170' title='bbox 387 1682 485 1729; x_wconf 88' lang='lat' dir='ltr'>Non</span> <span class='ocrx_word' id='word_1_171' title='bbox 511 1683 660 1747; x_wconf 82' lang='lat' dir='ltr'>utique</span> <span class='ocrx_word' id='word_1_172' title='bbox 683 1693 917 1747; x_wconf 81' lang='lat' dir='ltr'>peccatum</span> <span class='ocrx_word' id='word_1_173' title='bbox 952 1682 1121 1728; x_wconf 84' lang='lat' dir='ltr'>nullum</span> <span class='ocrx_word' id='word_1_174' title='bbox 1158 1682 1368 1728; x_wconf 78' lang='lat' dir='ltr'>haberent</span> <span class='ocrx_word' id='word_1_175' title='bbox 1387 1719 1398 1739; x_wconf 84' lang='lat'>‚</span> 
     </span>
     <span class='ocr_line' id='line_1_21' title="bbox 27 1748 1399 1817; baseline 0.001 -19"><span class='ocrx_word' id='word_1_176' title='bbox 27 1752 100 1817; x_wconf 81' lang='lat' dir='ltr'>qui</span> <span class='ocrx_word' id='word_1_177' title='bbox 124 1748 241 1817; x_wconf 84' lang='lat' dir='ltr'>pleni</span> <span class='ocrx_word' id='word_1_178' title='bbox 258 1764 379 1799; x_wconf 82' lang='lat' dir='ltr'>erant</span> <span class='ocrx_word' id='word_1_179' title='bbox 406 1754 497 1800; x_wconf 86' lang='lat' dir='ltr'>aliis</span> <span class='ocrx_word' id='word_1_180' title='bbox 518 1754 684 1814; x_wconf 85' lang='lat' dir='ltr'>magnis</span> <span class='ocrx_word' id='word_1_181' title='bbox 700 1754 937 1817; x_wconf 76' lang='lat' dir='ltr'>multisque</span> <span class='ocrx_word' id='word_1_182' title='bbox 960 1755 1148 1817; x_wconf 75' lang='lat' dir='ltr'>peccatis</span> <span class='ocrx_word' id='word_1_183' title='bbox 1178 1771 1188 1798; x_wconf 74' lang='grc' dir='ltr'>ε</span> <span class='ocrx_word' id='word_1_184' title='bbox 1215 1753 1287 1799; x_wconf 87' lang='lat' dir='ltr'>sed</span> <span class='ocrx_word' id='word_1_185' title='bbox 1315 1753 1399 1799; x_wconf 77' lang='lat' dir='ltr'>lioc</span> 
     </span>
     <span class='ocr_line' id='line_1_22' title="bbox 28 1822 1394 1886; baseline 0 -17"><span class='ocrx_word' id='word_1_186' title='bbox 28 1835 250 1886; x_wconf 86' lang='lat' dir='ltr'>peecatum</span> <span class='ocrx_word' id='word_1_187' title='bbox 278 1823 373 1870; x_wconf 79' lang='lat' dir='ltr'>vult</span> <span class='ocrx_word' id='word_1_188' title='bbox 396 1822 576 1885; x_wconf 68' lang='lat' dir='ltr'>intelligi</span> <span class='ocrx_word' id='word_1_189' title='bbox 594 1842 682 1870; x_wconf 91' lang='grc'>000</span> <span class='ocrx_word' id='word_1_190' title='bbox 708 1842 779 1870; x_wconf 92' lang='grc'>605</span> <span class='ocrx_word' id='word_1_191' title='bbox 802 1825 1033 1870; x_wconf 77' lang='lat' dir='ltr'>habituros</span> <span class='ocrx_word' id='word_1_192' title='bbox 1051 1824 1184 1869; x_wconf 63' lang='lat' dir='ltr'>fuisse</span> <span class='ocrx_word' id='word_1_193' title='bbox 1205 1862 1215 1880; x_wconf 94' lang='lat'>‚</span> <span class='ocrx_word' id='word_1_194' title='bbox 1244 1824 1276 1869; x_wconf 87' lang='lat' dir='ltr'>si</span> <span class='ocrx_word' id='word_1_195' title='bbox 1304 1841 1394 1869; x_wconf 88' lang='lat' dir='ltr'>non</span> 
     </span>
     <span class='ocr_line' id='line_1_23' title="bbox 27 1893 1397 1959; baseline 0 -20"><span class='ocrx_word' id='word_1_196' title='bbox 27 1893 228 1951; x_wconf 79' lang='lat' dir='ltr'>venisset,</span> <span class='ocrx_word' id='word_1_197' title='bbox 254 1912 342 1959; x_wconf 82' lang='lat' dir='ltr'>quo</span> <span class='ocrx_word' id='word_1_198' title='bbox 367 1933 377 1951; x_wconf 77' lang='grc'><em>,</em></span> <span class='ocrx_word' id='word_1_199' title='bbox 405 1913 505 1942; x_wconf 89' lang='lat' dir='ltr'>cum</span> <span class='ocrx_word' id='word_1_200' title='bbox 533 1895 751 1941; x_wconf 80' lang='lat' dir='ltr'>audissent</span> <span class='ocrx_word' id='word_1_201' title='bbox 769 1912 866 1940; x_wconf 88' lang='lat' dir='ltr'>eum</span> <span class='ocrx_word' id='word_1_202' title='bbox 892 1932 902 1945; x_wconf 85' lang='grc'>,</span> <span class='ocrx_word' id='word_1_203' title='bbox 931 1913 1019 1940; x_wconf 83' lang='grc'>000</span> <span class='ocrx_word' id='word_1_204' title='bbox 1046 1893 1328 1940; x_wconf 79' lang='lat' dir='ltr'>crediderunt</span> <span class='ocrx_word' id='word_1_205' title='bbox 1352 1894 1397 1940; x_wconf 89' lang='lat' dir='ltr'>in</span> 
     </span>
     <span class='ocr_line' id='line_1_24' title="bbox 27 1963 1400 2029; baseline 0.001 -19"><span class='ocrx_word' id='word_1_206' title='bbox 27 1981 136 2011; x_wconf 88' lang='lat' dir='ltr'>eum.</span> <span class='ocrx_word' id='word_1_207' title='bbox 160 1963 285 2012; x_wconf 83' lang='lat' dir='ltr'>Ilanc</span> <span class='ocrx_word' id='word_1_208' title='bbox 299 1984 369 2012; x_wconf 89' lang='grc'>605</span> <span class='ocrx_word' id='word_1_209' title='bbox 388 1967 704 2013; x_wconf 72' lang='lat' dir='ltr'>excusationem</span> <span class='ocrx_word' id='word_1_210' title='bbox 723 1984 810 2012; x_wconf 89' lang='lat' dir='ltr'>non</span> <span class='ocrx_word' id='word_1_211' title='bbox 831 1965 994 2012; x_wconf 83' lang='lat' dir='ltr'>habere</span> <span class='ocrx_word' id='word_1_212' title='bbox 1015 1966 1182 2021; x_wconf 80' lang='lat' dir='ltr'>asserit,</span> <span class='ocrx_word' id='word_1_213' title='bbox 1201 1982 1285 2028; x_wconf 85' lang='lat' dir='ltr'>qua</span> <span class='ocrx_word' id='word_1_214' title='bbox 1302 1982 1400 2029; x_wconf 86' lang='lat' dir='ltr'>pos-</span> 
     </span>
     <span class='ocr_line' id='line_1_25' title="bbox 27 2035 1399 2094; baseline 0 -13"><span class='ocrx_word' id='word_1_215' title='bbox 27 2035 265 2082; x_wconf 83' lang='lat' dir='ltr'>sintdicere</span> <span class='ocrx_word' id='word_1_216' title='bbox 286 2075 297 2093; x_wconf 87' lang='lat'>‚</span> <span class='ocrx_word' id='word_1_217' title='bbox 322 2037 420 2083; x_wconf 83' lang='lat' dir='ltr'>Non</span> <span class='ocrx_word' id='word_1_218' title='bbox 444 2037 692 2083; x_wconf 78' lang='lat' dir='ltr'>audivimus</span> <span class='ocrx_word' id='word_1_219' title='bbox 712 2075 722 2094; x_wconf 83' lang='grc'>,</span> <span class='ocrx_word' id='word_1_220' title='bbox 750 2037 848 2082; x_wconf 83' lang='lat' dir='ltr'>ideo</span> <span class='ocrx_word' id='word_1_221' title='bbox 873 2055 960 2082; x_wconf 87' lang='lat' dir='ltr'>non</span> <span class='ocrx_word' id='word_1_222' title='bbox 985 2035 1266 2084; x_wconf 80' lang='lat' dir='ltr'>credidimus,</span> <span class='ocrx_word' id='word_1_223' title='bbox 1298 2037 1399 2082; x_wconf 86' lang='lat' dir='ltr'>Hu-</span> 
     </span>
     <span class='ocr_line' id='line_1_26' title="bbox 27 2106 1397 2172; baseline 0.001 -21"><span class='ocrx_word' id='word_1_224' title='bbox 27 2121 146 2153; x_wconf 87' lang='lat' dir='ltr'>mana</span> <span class='ocrx_word' id='word_1_225' title='bbox 173 2108 340 2171; x_wconf 80' lang='lat' dir='ltr'>quippe</span> <span class='ocrx_word' id='word_1_226' title='bbox 377 2109 586 2172; x_wconf 84' lang='lat' dir='ltr'>superbia</span> <span class='ocrx_word' id='word_1_227' title='bbox 616 2119 822 2172; x_wconf 81' lang='lat' dir='ltr'>tanquam</span> <span class='ocrx_word' id='word_1_228' title='bbox 858 2125 1124 2172; x_wconf 61' lang='lat' dir='ltr'>praesumens</span> <span class='ocrx_word' id='word_1_229' title='bbox 1150 2106 1205 2153; x_wconf 91' lang='lat' dir='ltr'>de</span> <span class='ocrx_word' id='word_1_230' title='bbox 1228 2108 1397 2153; x_wconf 79' lang='lat' dir='ltr'>viribus</span> 
     </span>
     <span class='ocr_line' id='line_1_27' title="bbox 26 2174 1395 2242; baseline 0.001 -20"><span class='ocrx_word' id='word_1_231' title='bbox 26 2174 145 2224; x_wconf 81' lang='lat' dir='ltr'>liberi</span> <span class='ocrx_word' id='word_1_232' title='bbox 167 2178 338 2225; x_wconf 83' lang='lat' dir='ltr'>arbitrii</span> <span class='ocrx_word' id='word_1_233' title='bbox 361 2190 606 2226; x_wconf 79' lang='lat' dir='ltr'>excusatam</span> <span class='ocrx_word' id='word_1_234' title='bbox 631 2197 673 2225; x_wconf 90' lang='lat' dir='ltr'>se</span> <span class='ocrx_word' id='word_1_235' title='bbox 698 2190 849 2242; x_wconf 78' lang='lat' dir='ltr'>putat,</span> <span class='ocrx_word' id='word_1_236' title='bbox 886 2178 1065 2242; x_wconf 88' lang='lat' dir='ltr'>quando</span> <span class='ocrx_word' id='word_1_237' title='bbox 1098 2178 1360 2238; x_wconf 74' lang='lat' dir='ltr'>ignorantiae</span> <span class='ocrx_word' id='word_1_238' title='bbox 1383 2214 1395 2236; x_wconf 85' lang='lat'>‚</span> 
     </span>
     <span class='ocr_line' id='line_1_28' title="bbox 27 2248 1010 2313; baseline 0.003 -20"><span class='ocrx_word' id='word_1_239' title='bbox 27 2263 108 2294; x_wconf 90' lang='lat' dir='ltr'>non</span> <span class='ocrx_word' id='word_1_240' title='bbox 132 2248 366 2296; x_wconf 76' lang='lat' dir='ltr'>voluntatis</span> <span class='ocrx_word' id='word_1_241' title='bbox 389 2250 564 2297; x_wconf 84' lang='lat' dir='ltr'>videtur</span> <span class='ocrx_word' id='word_1_242' title='bbox 586 2267 672 2296; x_wconf 84' lang='lat' dir='ltr'>esse</span> <span class='ocrx_word' id='word_1_243' title='bbox 693 2249 813 2313; x_wconf 85' lang='lat' dir='ltr'>quod</span> <span class='ocrx_word' id='word_1_244' title='bbox 842 2261 1010 2313; x_wconf 76' lang='lat' dir='ltr'>peccat.</span> 
     </span>
    </p>

    <p class='ocr_par' dir='ltr' id='par_1_5' title="bbox 26 2320 1400 2597">
     <span class='ocr_line' id='line_1_29' title="bbox 85 2320 1398 2377; baseline 0.002 -12"><span class='ocrx_word' id='word_1_245' title='bbox 85 2320 267 2368; x_wconf 87' lang='lat' dir='ltr'>XXVII.</span> <span class='ocrx_word' id='word_1_246' title='bbox 311 2321 563 2368; x_wconf 80' lang='lat' dir='ltr'>Secundum</span> <span class='ocrx_word' id='word_1_247' title='bbox 579 2321 698 2368; x_wconf 86' lang='lat' dir='ltr'>hanc</span> <span class='ocrx_word' id='word_1_248' title='bbox 716 2322 1033 2367; x_wconf 83' lang='lat' dir='ltr'>excusationem</span> <span class='ocrx_word' id='word_1_249' title='bbox 1050 2359 1059 2377; x_wconf 85' lang='lat'><strong><em>,</em></strong></span> <span class='ocrx_word' id='word_1_250' title='bbox 1087 2320 1398 2367; x_wconf 88' lang='lat' dir='ltr'>inexcusabiles</span> 
     </span>
     <span class='ocr_line' id='line_1_30' title="bbox 29 2383 1400 2456; baseline 0.001 -20"><span class='ocrx_word' id='word_1_251' title='bbox 29 2383 129 2437; x_wconf 84' lang='lat' dir='ltr'>dicit</span> <span class='ocrx_word' id='word_1_252' title='bbox 152 2391 381 2456; x_wconf 66' lang='lat' dir='ltr'>Scriptura</span> <span class='ocrx_word' id='word_1_253' title='bbox 407 2392 555 2439; x_wconf 82' lang='lat' dir='ltr'>divina</span> <span class='ocrx_word' id='word_1_254' title='bbox 579 2409 879 2456; x_wconf 82' lang='lat' dir='ltr'>quoscumque</span> <span class='ocrx_word' id='word_1_255' title='bbox 908 2392 1086 2438; x_wconf 73' lang='lat' dir='ltr'>scicnics</span> <span class='ocrx_word' id='word_1_256' title='bbox 1101 2409 1283 2455; x_wconf 81' lang='lat' dir='ltr'>peecare</span> <span class='ocrx_word' id='word_1_257' title='bbox 1300 2409 1400 2438; x_wconf 89' lang='lat' dir='ltr'>con·</span> 
     </span>
     <span class='ocr_line' id='line_1_31' title="bbox 26 2459 1399 2525; baseline 0.001 -20"><span class='ocrx_word' id='word_1_258' title='bbox 26 2459 168 2509; x_wconf 82' lang='lat' dir='ltr'>vincit.</span> <span class='ocrx_word' id='word_1_259' title='bbox 201 2463 279 2509; x_wconf 81' lang='lat' dir='ltr'>Dei</span> <span class='ocrx_word' id='word_1_260' title='bbox 305 2473 446 2509; x_wconf 87' lang='lat' dir='ltr'>tamen</span> <span class='ocrx_word' id='word_1_261' title='bbox 467 2467 632 2524; x_wconf 79' lang='lat' dir='ltr'>justum</span> <span class='ocrx_word' id='word_1_262' title='bbox 649 2462 867 2523; x_wconf 70' lang='lat' dir='ltr'>judicium</span> <span class='ocrx_word' id='word_1_263' title='bbox 895 2480 973 2508; x_wconf 88' lang='grc'>066</span> <span class='ocrx_word' id='word_1_264' title='bbox 995 2462 1077 2508; x_wconf 85' lang='lat' dir='ltr'>illis</span> <span class='ocrx_word' id='word_1_265' title='bbox 1113 2463 1255 2525; x_wconf 81' lang='lat' dir='ltr'>parcit</span> <span class='ocrx_word' id='word_1_266' title='bbox 1279 2500 1289 2517; x_wconf 83' lang='lat'>‚</span> <span class='ocrx_word' id='word_1_267' title='bbox 1322 2461 1399 2525; x_wconf 86' lang='lat' dir='ltr'>qui</span> 
     </span>
     <span class='ocr_line' id='line_1_32' title="bbox 27 2532 1394 2597; baseline 0 -20"><span class='ocrx_word' id='word_1_268' title='bbox 27 2543 109 2578; x_wconf 89' lang='lat' dir='ltr'>non</span> <span class='ocrx_word' id='word_1_269' title='bbox 128 2532 372 2581; x_wconf 80' lang='lat' dir='ltr'>audierunt.</span> <span class='ocrx_word' id='word_1_270' title='bbox 399 2556 418 2576; x_wconf 86' lang='lat'>«</span> <span class='ocrx_word' id='word_1_271' title='bbox 433 2534 714 2597; x_wconf 83' lang='lat' dir='ltr'>Quicumque</span> <span class='ocrx_word' id='word_1_272' title='bbox 729 2533 841 2579; x_wconf 89' lang='lat' dir='ltr'>enim</span> <span class='ocrx_word' id='word_1_273' title='bbox 852 2533 941 2579; x_wconf 87' lang='lat' dir='ltr'>sine</span> <span class='ocrx_word' id='word_1_274' title='bbox 955 2535 1063 2593; x_wconf 66' lang='lat' dir='ltr'>Lege</span> <span class='ocrx_word' id='word_1_275' title='bbox 1082 2543 1394 2596; x_wconf 79' lang='lat' dir='ltr'>peecaverunt,</span> 
     </span>
    </p>
   </div>
   <div class='ocr_carea' id='block_1_3' title="bbox 72 2640 1236 2688">
    <p class='ocr_par' dir='ltr' id='par_1_6' title="bbox 72 2640 1236 2688">
     <span class='ocr_line' id='line_1_33' title="bbox 72 2640 1236 2688; baseline 0.003 -13"><span class='ocrx_word' id='word_1_276' title='bbox 72 2640 83 2665; x_wconf 82' lang='lat'>¹</span> <span class='ocrx_word' id='word_1_277' title='bbox 103 2644 196 2679; x_wconf 87' lang='lat' dir='ltr'>Rom.</span> <span class='ocrx_word' id='word_1_278' title='bbox 223 2656 251 2685; x_wconf 81' lang='lat' dir='ltr'>x,</span> <span class='ocrx_word' id='word_1_279' title='bbox 270 2647 324 2679; x_wconf 86' lang='lat'>18.</span> <span class='ocrx_word' id='word_1_280' title='bbox 341 2643 512 2683; x_wconf 75' lang='lat' dir='ltr'>-21bid‚</span> <span class='ocrx_word' id='word_1_281' title='bbox 534 2655 591 2679; x_wconf 71' lang='lat' dir='ltr'>nx.</span> <span class='ocrx_word' id='word_1_282' title='bbox 608 2662 654 2669; x_wconf 60' lang='grc' dir='ltr'>-ι-</span> <span class='ocrx_word' id='word_1_283' title='bbox 674 2641 756 2680; x_wconf 81' lang='lat' dir='ltr'>³1d.</span> <span class='ocrx_word' id='word_1_284' title='bbox 778 2652 824 2688; x_wconf 83' lang='lat'>¹¹,</span> <span class='ocrx_word' id='word_1_285' title='bbox 850 2654 881 2680; x_wconf 73' lang='grc' dir='ltr'>ι.</span> <span class='ocrx_word' id='word_1_286' title='bbox 901 2660 946 2669; x_wconf 66' lang='grc' dir='ltr'>ε·-</span> <span class='ocrx_word' id='word_1_287' title='bbox 965 2640 979 2667; x_wconf 75' lang='lat'><em>4</em></span> <span class='ocrx_word' id='word_1_288' title='bbox 995 2646 1090 2677; x_wconf 80' lang='lat' dir='ltr'>Joau.</span> <span class='ocrx_word' id='word_1_289' title='bbox 1109 2654 1163 2685; x_wconf 68' lang='lat' dir='ltr'>xv,</span> <span class='ocrx_word' id='word_1_290' title='bbox 1180 2654 1236 2679; x_wconf 81' lang='lat'>22.</span> 
     </span>
    </p>
   </div>
  </div>
 </body>
</html>
