1769 3235
423 285 825 320 RETRACTATIONUM
859 289 947 320 LIB.
987 290 1018 322 1.
1317 279 1412 336 43⁴5

44 354 188 417 vulgo
225 356 442 398 Fortuna
478 354 764 411 nominatur,
798 355 974 401 occulto
1011 358 1222 419 quodam
1250 360 1413 408 ordine

44 427 234 489 regitur,
251 424 462 488 nihilque
481 423 620 469 aliud
629 427 678 469 in
698 424 840 470 rebus
862 430 1033 473 Casum
1053 445 1301 488 vocamus,
1324 437 1417 478 nisi

43 496 178 559 eujus
193 497 314 541 ratio
337 506 386 542 et
404 512 552 541 causa
569 506 749 541 secreta
770 507 851 543 est.
888 496 986 543 Dixi
1016 498 1192 561 quidem
1216 501 1304 548 hoc
1335 520 1412 549 ve-

42 567 286 630 ifumtamen
305 566 492 630 poenitet
504 582 573 611 me
589 565 650 612 sic
674 564 765 612 illic
784 565 1025 613 nominasse
1033 570 1300 628 fortunam,
1318 589 1418 619 cum

42 635 213 700 yideam
238 636 435 685 hommes
476 636 639 682 habere
679 635 725 681 in
756 636 945 699 pessima
974 640 1306 695 consuetudine,
1336 643 1416 688 ubi

20 703 128 771 ‚dici
150 705 297 763 debet,
322 707 418 753 Hoc
459 709 577 753 Deus
597 706 735 753 voluit
753 705 915 762 dicere,
937 707 1032 753 Hoc
1053 709 1193 756 voluit
1214 711 1406 760 fortuna.

42 777 173 836 Quod
194 788 336 823 autem
362 777 556 841 quodam
586 776 682 823 loco
721 776 827 832 (fixi,
850 777 934 824 Ita
958 792 1291 842 comparatum
1330 794 1416 839 est,

39 848 133 893 sive
143 864 240 910 pro
263 852 439 893 meritis
462 851 647 904 nostris,
667 852 763 893 sive
782 864 874 910 pro
900 852 1177 896 necessitate
1212 863 1411 905 naturce,

40 928 92 964 ut
116 918 328 964 divinum
351 922 568 966 animum
588 919 863 965 mortalibus
893 920 1201 967 inlzoerentem
1225 940 1414 986 nequa-

38 1005 182 1055 quam
198 989 518 1053 phc'losoplzioe
533 1000 706 1053 portus
739 991 958 1053 accipiat,
990 1001 1072 1039 etc.
1094 1003 1172 1038 aut
1193 993 1305 1040 nihil
1323 994 1410 1040 ho-

38 1075 135 1105 rum
153 1058 341 1106 duorum
365 1059 599 1106 dicendum
613 1059 712 1114 fuit,
738 1060 840 1124 quia
865 1061 996 1107 etiam
1023 1061 1084 1108 sic
1099 1079 1245 1109 sensus
1269 1075 1415 1127 posset

6 1132 7 1138 ’
39 1146 125 1176 esse
142 1129 332 1191 integer3
360 1141 436 1176 aut
470 1130 571 1176 satis
602 1140 699 1180 erat,
729 1131 890 1183 dicere,
913 1149 1002 1194 pro
1025 1137 1202 1179 meritis
1224 1138 1409 1193 nostris,

39 1200 151 1247 sicut
167 1217 317 1247 verum
342 1211 466 1247 estex
482 1200 622 1247 Adam
647 1211 786 1246 tracta
811 1201 1002 1257 miseria3
1020 1220 1099 1248 nec
1118 1203 1293 1259 addere,
1318 1207 1412 1251 sive

33 1289 122 1336 pro
144 1275 411 1318 necessitate
445 1284 650 1331 namne,
672 1271 1029 1336 quandoquidem
1066 1285 1234 1321 naturae
1257 1286 1417 1323 nostrae

40 1341 149 1391 dura
161 1342 387 1388 necessitas
407 1343 562 1388 merito
582 1341 870 1405 praeccdentis
897 1343 1140 1406 iniquitatis
1165 1356 1315 1391 exorta
1332 1357 1409 1393 est.

41 1413 236 1476 Itemque
253 1412 344 1459 illic
355 1413 474 1477 quod
499 1412 604 1466 dixi,
627 1413 959 1458 nihilomnino
995 1414 1247 1460 colendum
1293 1432 1411 1471 esse,

40 1494 283 1547 totumque
324 1484 643 1546 abjiciendum
681 1482 919 1546 quidquid
941 1483 1222 1530 mortalibus
1269 1485 1415 1531 oculis

39 1559 260 1610 cernitur,
306 1553 545 1618 quidquid
581 1553 703 1599 ullus
745 1570 911 1599 sensus
950 1555 1170 1615 attingit:
1208 1553 1412 1603 addenda

40 1635 160 1673 erant
190 1625 341 1682 verba,
368 1635 418 1671 ut
443 1625 677 1681 diceretur,
704 1623 942 1688 quidquid
959 1624 1165 1670 mortalis
1209 1634 1416 1688 corporis

42 1696 161 1753 ullus
172 1713 334 1742 sensus
352 1698 569 1759 attingit;
588 1706 648 1741 est
666 1696 780 1740 enim
802 1712 946 1741 sensus
976 1705 1017 1741 et
1038 1694 1206 1741 mentis.
1236 1696 1320 1744 Sed
1338 1714 1416 1743 θο-

38 1782 135 1812 rum
159 1776 298 1812 morte
318 1775 425 1811 tunc
441 1765 671 1828 loquebar,
700 1765 974 1828 quissensum
1015 1765 1188 1811 nonnisi
1218 1767 1414 1830 corporis

40 1835 210 1894 dicunt,
246 1846 288 1882 et
311 1835 530 1882 sensibilia
553 1835 724 1880 nonnisi
746 1834 1007 1898 corporalia.
1029 1835 1184 1898 Itaque
1204 1835 1412 1883 ubicum-

38 1923 123 1975 que
147 1905 207 1951 sic
230 1905 403 1951 locutus
426 1922 538 1961 sum,
562 1921 721 1968 parum
743 1915 804 1950 est
836 1904 1098 1964 ambiguitas
1126 1905 1302 1962 evitata,
1334 1907 1416 1954 nisi

40 1976 155 2041 apud
179 1993 248 2022 eos
265 1993 452 2039 quorum
481 1974 753 2021 consuetudo
784 1985 846 2020 est
868 1973 1103 2020 locutionis
1124 1975 1270 2035 hujus.
1302 1977 1411 2024 Item

40 2042 125 2092 dixi
146 2064 156 2092 ε
191 2046 323 2106 Quid
337 2064 496 2092 censes
521 2046 663 2091 aliud
673 2063 771 2090 esse
789 2045 920 2090 beate
945 2047 1115 2100 vivere,
1142 2048 1412 2093 m'sisecun-

39 2117 150 2163 dum
169 2117 220 2162 icl
229 2119 360 2182 quod
379 2119 428 2161 in
448 2117 638 2161 lzomine
665 2117 895 2178 optimum
918 2126 1004 2171 est,
1026 2118 1215 2163 vivere?
1233 2117 1286 2162 Et
1303 2118 1411 2180 quid

39 2188 232 2242 dixerim,
251 2193 299 2233 in
315 2189 510 2234 lzomine
521 2204 619 2232 esse
632 2191 881 2251 optimum,
901 2186 1033 2249 paulo
1047 2197 1146 2249 post
1171 2187 1405 2249 explicans,

44 2263 177 2322 Quis,
216 2261 413 2322 inquam,
445 2258 746 2312 dubitaverit,
779 2258 904 2303 nilzil
932 2275 1031 2302 esse
1055 2258 1191 2302 aliud
1204 2258 1410 2305 [comitiis

40 2332 289 2395 optimum,
329 2346 477 2393 quum
499 2346 606 2374 eam
627 2340 815 2390 partem
841 2332 1011 2382 alcimi,
1042 2329 1123 2376 eui
1143 2328 1414 2376 dominanti

40 2401 359 2463 obtemperare
393 2405 601 2445 convenit
636 2410 800 2443 ca‘sera
827 2437 835 2455 ‚
896 2415 1095 2462 qumque
1129 2402 1175 2441 in
1220 2399 1409 2447 homine

38 2472 182 2516 sunt?
202 2474 317 2515 Hoec
336 2480 515 2525 cautem,
555 2486 613 2514 ne
639 2469 787 2514 aliam
824 2469 1036 2532 postules
1063 2466 1403 2528 definitionem,

38 2557 170 2598 mens
203 2550 290 2585 aut
320 2544 443 2586 ratio
475 2540 571 2584 clici
584 2550 759 2602 potest.
803 2539 903 2584 Hoc
934 2537 1113 2601 quidem
1144 2554 1292 2585 verum
1316 2554 1404 2595 est;

38 2627 138 2656 nam
153 2620 368 2672 quantum
387 2612 541 2654 attinet
562 2608 617 2653 ad
641 2609 831 2654 hominis
849 2619 1068 2663 naturam,
1091 2607 1203 2652 nihil
1217 2621 1279 2655 est
1296 2611 1339 2657 in
1360 2631 1409 2658 eo

1206 2684 1280 2730 28.
