1769 3235
493 309 704 342 EPISTOLA
742 311 868 342 CCXV.
1290 309 1379 360 ⁸207

20 401 40 424 ι)
59 379 147 427 vias
168 389 260 424 tuas
282 376 418 437 dirige
434 414 444 433 ‚
469 393 522 422 ne
547 376 736 422 declines
755 375 801 421 in
819 375 1036 423 dexteram
1051 413 1062 433 ‚
1094 392 1233 440 neque
1249 376 1292 422 in
1321 377 1382 422 si-

21 471 40 494 »
61 451 264 503 nistram3
291 459 430 495 averte
456 457 599 493 autem
634 446 789 510 pedem
812 457 938 492 tuum
971 465 992 492 a
1023 447 1092 493 via
1120 446 1246 494 mala.
1282 446 1384 494 Vias

19 521 168 570 »enim
202 537 300 584 quae
337 537 357 564 a
390 519 549 564 dextris
576 528 706 573 sunt,
747 517 868 563 novit
904 517 1148 564 Dominus:
1173 534 1385 580 perversae

19 607 39 654 >fv
61 609 158 639 vero
182 601 304 646 sunt,
330 607 428 654 quae
447 608 467 635 a
483 589 662 635 sinistris
681 599 795 635 sunt.
825 589 922 652 Ipse
942 599 1081 634 autern
1102 599 1242 633 rectos
1257 587 1388 634 faciet

21 659 40 707 >⁵2
62 679 209 709 cursus
235 673 328 708 tuos
348 699 358 717 ,
380 661 532 706 itinera
554 670 696 705 autem
714 669 787 705 tua
809 658 854 704 in
876 675 983 722 pace
1004 657 1261 721 producet'l.
1287 679 1307 700 »
1332 658 1386 705 In

19 733 84 780 his
98 733 239 779 verbis
263 742 422 777 sanctae
449 731 690 794 Scripturae
711 728 978 776 considerate
994 766 1004 785 ,
1027 728 1201 785 fratres,
1229 728 1332 791 quia
1353 727 1388 774 si

0 803 101 850 ἶιἰοῐι
130 813 234 848 esset
259 802 444 848 liberum
472 801 703 846 arbitrium
725 838 735 856 ‚
776 817 863 845 non
896 799 1114 845 diceretur
1146 816 1157 843 :
1186 819 1205 839 «
1225 798 1385 843 Rectos

21 879 41 915 »⁴
62 889 208 918 cursus
231 871 298 918 fac
318 871 504 935 pedibus
528 871 608 916 tuis
623 908 632 923 ,
658 881 700 916 et
718 871 809 916 vias
830 881 924 916 tuas
946 869 1107 930 dirige,
1131 885 1185 914 ne
1199 867 1388 914 declines

20 964 39 986 ›>
62 943 104 990 in
131 942 343 988 dexteram
365 980 374 994 ‚
411 958 549 1006 neque
571 941 614 987 in
645 942 874 988 sinistram.
901 963 923 984 »
949 942 1006 987 Et
1036 951 1179 985 tamen.
1198 940 1287 985 sine
1312 938 1387 985 Dei

0 1014 176 1075 gratia,
209 1014 241 1060 si
266 1024 406 1077 posset
427 1013 514 1059 hoc
543 1013 659 1068 fieri,
689 1030 776 1058 non
808 1023 956 1076 postea
980 1011 1229 1057 diceretur.
1254 1012 1390 1074 «Ipse

0 1105 40 1143 Ι»
61 1095 200 1130 autem
227 1094 363 1130 rectos
384 1083 512 1129 ficiet
537 1099 689 1129 cursus
720 1094 839 1141 tuos
866 1094 908 1129 et
930 1082 1085 1128 itinera
1106 1092 1179 1127 tua
1203 1081 1248 1127 in
1277 1098 1385 1144 pace

0 1176 42 1243 >n
61 1154 334 1218 producet.»

0 1245 1 1291 j
80 1226 113 1272 V
120 1226 152 1272 Ι
185 1225 327 1271 Nolite
350 1241 450 1284 ergo
479 1223 698 1270 declinare
726 1223 770 1268 in
796 1223 1012 1269 dexteram
1033 1239 1171 1286 neque
1193 1221 1236 1267 in
1261 1221 1389 1267 sinis-

0 1294 123 1362 )tram
146 1313 156 1341 :
181 1296 380 1360 quamvis
397 1295 635 1341 laudentur
659 1294 743 1340 viae
768 1311 868 1358 quae
892 1312 914 1340 a
934 1294 1093 1340 dextris
1110 1302 1235 1348 sunt,
1256 1302 1298 1337 et
1320 1292 1392 1338 vi-

21 1372 271 1431 tuperentur
301 1383 403 1430 quae
427 1377 526 1411 sunt
552 1384 574 1411 a
606 1365 801 1412 sinistris,
840 1365 938 1411 Hoc
970 1375 1031 1410 est
1061 1363 1175 1409 enim
1210 1372 1392 1426 propter

19 1437 132 1502 quod
153 1437 351 1484 addidit:
371 1459 390 1478 α
407 1439 560 1483 Averte
586 1446 727 1482 autem
750 1435 905 1499 pedem
929 1446 1050 1481 tuum
1071 1452 1092 1480 a
1112 1434 1179 1479 via
1203 1432 1316 1478 mala
1332 1469 1344 1490 ,
1368 1454 1389 1475 »

20 1508 101 1554 Boc
120 1519 206 1565 est,
232 1527 253 1554 a
276 1509 447 1554 sinistra
474 1526 484 1553 :
510 1507 630 1571 quod
659 1506 900 1553 manifestat
920 1507 964 1553 in
990 1504 1355 1569 consequentibus
1372 1540 1384 1560 ,

20 1571 188 1625 dicens:
212 1601 231 1621 α
250 1580 350 1626 Vias
367 1579 479 1625 enim
502 1596 601 1643 quae
624 1597 645 1623 a
667 1578 827 1624 dextris
845 1588 969 1634 sunt,
994 1577 1116 1623 novit
1137 1575 1350 1621 Dominus
1374 1592 1386 1620 ι

22 1653 41 1691 i>
66 1666 277 1712 perversae
299 1667 400 1696 vero
433 1661 557 1706 sunt,
582 1666 680 1713 quse
701 1667 722 1694 a
749 1649 928 1694 sinistris
957 1659 1070 1694 sunt.
1094 1669 1113 1688 n
1141 1648 1221 1691 Eas
1239 1645 1388 1708 utique

21 1718 105 1768 vias
119 1720 341 1766 ambulare
364 1720 572 1766 debemus
590 1757 600 1775 ,
620 1736 728 1783 quas
750 1720 871 1764 novit
893 1718 1105 1764 Dominus
1123 1735 1133 1762 :
1155 1715 1207 1762 de
1226 1716 1389 1779 quibus

21 1802 63 1834 m
85 1789 254 1840 Psalmo
282 1790 439 1851 legitur
462 1808 472 1835 ε
502 1812 522 1831 «
546 1790 679 1835 Novit
702 1790 916 1835 Dominus
937 1789 1050 1835 viam
1076 1791 1320 1848 justorum,
1347 1796 1388 1830 et

22 1881 42 1902 >2
63 1855 128 1907 'via
148 1860 384 1924 impiorum
413 1858 620 1924 peribit².
646 1882 664 1901 ›>
688 1860 813 1905 Hanc
835 1860 951 1905 enim
977 1876 1066 1904 non
1084 1858 1206 1903 novit
1232 1857 1388 1902 Domi-

22 1944 121 1985 nus,
145 1932 247 1996 quia
269 1932 436 1977 sinistra
461 1942 536 1978 est.
565 1930 688 1976 Sicut
703 1930 899 1976 dicturus
919 1939 978 1975 est
1001 1929 1128 1974 etiam
1150 1927 1233 1973 illis
1256 1926 1311 1972 ad
1327 1927 1388 1972 si-

22 1999 193 2052 nistram
222 2001 499 2048 constitutis:
528 2023 547 2042 c<
566 2002 661 2046 Non
690 2000 791 2046 novi
828 2017 903 2045 vos
918 1999 948 2046 3.
973 2022 991 2041 2>
1019 1998 1140 2056 Quid
1160 2009 1224 2043 est
1245 2008 1388 2043 autem

23 2071 136 2188 guod
159 2072 229 2119 ille
252 2090 339 2118 non
376 2072 526 2122 novit,
560 2071 635 2134 qui
663 2071 813 2133 utique
847 2070 969 2115 novit
994 2069 1138 2114 omnia
1166 2069 1252 2114 sive
1276 2068 1392 2113 bona

54 2156 271 2198 omnium,
299 2143 386 2188 sive
420 2142 565 2187 mala?
598 2141 682 2187 Sed
716 2140 935 2204 quidest,
963 2161 983 2182 «
1009 2141 1105 2184 Non
1131 2156 1204 2184 tos
1228 2138 1350 2194 novi,
1370 2160 1391 2180 »

23 2200 97 2264 nisi
122 2213 222 2260 tales
249 2230 323 2259 vos
355 2230 431 2272 ego
469 2230 556 2258 non
580 2212 692 2258 feci?
722 2177 1104 2269 Quemadinodum
1131 2209 1243 2255 illud
1269 2210 1390 2273 quod

23 2277 181 2330 dictum
203 2295 262 2330 est
281 2284 358 2330 de
349 2301 445 2347 ipso
466 2283 653 2329 Domino
673 2284 774 2329 Jesu
800 2281 1129 2345 Cl11isto‚quia
1149 2302 1167 2321 α
1188 2282 1285 2325 Non
1308 2298 1392 2326 no-

26 2376 44 2397 »
64 2367 179 2402 verat
219 2355 494 2420 peccatum-'⁸9
517 2378 535 2397 ›>
573 2356 680 2418 quid
723 2366 809 2411 est,
852 2377 872 2396 «
900 2355 999 2399 Non
1040 2363 1235 2408 noverat,
1257 2375 1275 2394 »
1308 2351 1391 2398 nisi

24 2425 120 2500 quia
141 2443 225 2471 non
247 2425 437 2472 fecerat?
464 2430 528 2471 Ac
543 2443 624 2489 per
650 2425 740 2471 hoc
766 2393 886 2490 qilod
902 2424 1069 2470 dictum
1094 2433 1191 2468 est:
1220 2443 1239 2464 (ι
1259 2422 1311 2468 V
1299 2439 1389 2478 ias,

26 2501 46 2538 ›>'
65 2512 162 2569 quae
185 2515 208 2542 a
228 2496 384 2542 dextris
408 2507 536 2553 sunt,
561 2496 681 2543 novit
706 2497 946 2552 Dominus,
970 2518 989 2537 »
1015 2494 1238 2559 quomodo
1260 2494 1392 2551 intel-

71 2594 187 2629 ¹Prov.
203 2607 243 2634 iv,
263 2598 324 2627 26-
331 2597 386 2630 28.
402 2594 566 2628 -2Ps.al
586 2608 614 2635 1,
635 2598 667 2628 6.
683 2594 758 2621 —3
781 2594 1005 2639 Mattl1.xxv,
1028 2606 1080 2634 12,
1099 2600 1129 2627 et
1146 2597 1224 2629 Luc.
1240 2605 1356 2636 x111,2
1361 2606 1394 2635 7,

27 2648 100 2676 —4
123 2654 279 2692 2Cor.v,
302 2663 355 2686 11.
