1769 3235
335 259 425 314 146
751 273 785 301 s.
829 271 1072 302 Aueusnm
1106 271 1309 302 EPISCOPI

330 337 588 400 perveniant
614 336 692 382 ubi
716 335 815 395 angi
838 336 1015 381 omnino
1034 353 1123 381 non
1144 336 1326 398 possint.
1360 334 1606 397 Aliquando
1633 345 1702 381 ta-

331 425 433 453 men
464 407 645 471 quidam
681 407 825 453 cordis
864 424 984 453 aures
1019 407 1280 462 admovent,
1325 417 1454 470 atque
1491 405 1702 452 adhibent

331 478 531 534 veritati,
560 478 699 524 rarius
726 477 836 522 inter
862 494 1094 541 prospera,
1124 478 1317 523 crebrius
1342 477 1453 522 inter
1486 476 1664 522 adversa
1687 495 1699 522 ε

333 547 406 594 sed
437 559 580 594 tamen
616 548 749 611 pauci
781 559 908 605 sunt,
944 547 1004 594 ita
1038 547 1151 593 enim
1184 547 1386 610 praedicti
1410 557 1510 592 sunt
1543 564 1553 591 :
1593 547 1704 593 inter

329 636 439 682 quos
456 629 497 664 te
520 636 607 664 esse
625 619 775 682 cupio,
799 619 900 682 quia
924 619 1133 665 veraciter
1154 619 1305 677 diligo,
1331 617 1507 663 domine
1527 617 1705 678 insignis

332 699 373 734 et
397 690 748 752 praestantissime
761 706 809 734 ac
828 688 1212 734 desiderantissime
1229 689 1305 734 fili.
1332 688 1438 734 Haec
1464 687 1704 733 admonitio

332 759 412 804 tibi
437 760 493 805 sit
522 777 614 805 mea
636 760 907 815 resalutatio,
936 760 1039 822 quia
1069 759 1145 804 etsi
1176 770 1216 804 te
1237 758 1441 821 deinceps
1476 758 1575 803 talia
1600 775 1704 821 per-

333 830 450 892 peti,
478 830 623 893 qualia
642 830 883 893 pertulisti,
914 830 1041 879 nolo;
1062 829 1161 891 plus
1186 840 1328 874 tamen
1352 828 1478 873 doleo
1499 828 1596 873 haec
1612 828 1706 891 ipsa

332 909 374 946 te
394 900 485 946 sine
505 899 650 964 aliqua
667 901 710 947 in
731 899 882 946 melius
902 900 1004 947 vitae
1022 899 1260 945 mutatione
1281 899 1409 944 fuisse
1432 914 1699 962 perpessum.

334 1075 764 1087 mmmm-§nmmum
771 1075 827 1085 ιιι
850 1074 1263 1086 ιὶωνιιννιιιιιπὶ-ινι
1270 1073 1390 1084 ννὶιὴὶ
1396 1072 1516 1084 «ΛΆΜ
1523 1072 1578 1084 m
1586 1072 1709 1084 mm

775 1186 1041 1230 EPISTOLA
1075 1187 1202 1230 CCIV
1219 1189 1249 1229 ².

359 1322 532 1364 Domino
561 1323 732 1372 eximio,
764 1332 804 1361 et
834 1323 1061 1362 honorabili
1091 1324 1173 1363 filio
1201 1324 1418 1376 DuLcmo,
1440 1326 1683 1365 Auousrmus

805 1385 974 1425 salutem
993 1386 1033 1424 in
1054 1386 1242 1425 Domino.

334 1514 614 1578 Augustinus
633 1522 827 1563 Dulcitio
849 1521 1050 1563 Tribuno
1066 1531 1104 1563 et
1128 1521 1312 1563 Notario
1335 1521 1709 1579 Imperaliuquae

384 1589 643 1644 jussionum
669 1591 878 1631 adversus
901 1591 1155 1631 Donatistas
1184 1590 1392 1632 datarum
1413 1592 1631 1635 executori
1657 1607 1712 1636 ⁶ae

398 1656 470 1698 lib.
498 1672 534 1698 2.
564 1657 750 1699 Betraet.
778 1673 810 1698 e.
841 1660 908 1714 59.
939 1657 1203 1715 significans
1221 1674 1247 1698 a
1268 1673 1310 1699 se
1323 1660 1428 1713 jam
1448 1658 1622 1700 abunde
1640 1675 1711 1701 sa·

396 1724 617 1780 tisfaetum
639 1726 769 1781 faisse
800 1726 985 1780 querelis
1014 1725 1387 1774 Donatistarum;
1419 1736 1458 1767 et
1487 1726 1712 1768 ostendens

394 1807 545 1834 eorum
568 1793 797 1834 vesaniam
820 1794 897 1847 qui
916 1793 1003 1835 sibi
1025 1809 1173 1835 necem
1196 1794 1309 1836 ultro
1334 1793 1666 1836 conseiseebam.

409 1932 444 1977 I.
476 1932 580 1977 NON
604 1931 738 1977 debui
771 1942 1046 1978 contemnere
1071 1933 1324 1996 petitionem
1348 1943 1465 1980 tuam
1484 1970 1496 1990 ,
1521 1950 1608 1998 qua
1632 1933 1714 1980 de-

343 2000 536 2047 siderasti
564 2020 587 2047 a
612 2020 678 2047 me
698 2002 895 2057 institui,
933 2003 1305 2065 quemadmodum
1330 2014 1370 2049 te
1393 2015 1593 2066 oporteat
1615 2004 1714 2051 hae—

342 2072 488 2117 reticis
508 2071 789 2136 respondere,
817 2089 1005 2135 quorum
1028 2072 1139 2118 salus
1158 2074 1203 2118 in
1227 2074 1400 2118 Domini
1422 2074 1715 2121 misericordia

342 2142 544 2187 instantia
582 2159 756 2206 quoque
792 2153 877 2188 tuae
916 2143 1180 2188 strenuitatis
1217 2143 1469 2206 inquiritur.
1506 2143 1717 2201 Quamvis

343 2213 455 2258 enim
481 2214 671 2274 ingentes
692 2230 839 2258 eorum
864 2213 1184 2268 multitudines,
1206 2214 1348 2277 (unde
1366 2215 1605 2277 plurimum
1622 2233 1716 2276 gra·

345 2283 566 2344 tulamur)
591 2284 698 2347 quid
724 2284 805 2329 sibi
829 2284 1013 2330 benefici
1039 2284 1288 2331 conferatur
1314 2285 1557 2346 intelligant
1578 2304 1589 2332 ε
1612 2287 1716 2350 qui-

346 2354 446 2399 dam
469 2364 610 2399 tamen
629 2371 778 2400 eorum
805 2357 897 2400 Deo
916 2366 957 2400 et
971 2355 1227 2401 hominibus
1248 2356 1480 2402 miserabili
1506 2358 1717 2407 instinctu

344 2425 502 2473 furoris⁴
520 2426 702 2486 ingrati,
723 2426 801 2472 ubi
819 2427 903 2472 suis
919 2426 1116 2473 caedibus
1134 2444 1211 2473 nos
1224 2439 1391 2475 vastare
1409 2445 1497 2474 non
1513 2439 1713 2492 possunt,

389 2539 401 2560 ¹
421 2536 509 2570 Alias
537 2546 608 2571 mu.
634 2546 704 2578 quae
730 2541 836 2567 autem
869 2542 936 2572 204
971 2540 1064 2576 erat,
1094 2545 1180 2568 nunc
1216 2537 1292 2576 173.
1321 2554 1362 2562 -
1393 2535 1519 2581 Scripta
1542 2535 1627 2570 circa
1657 2535 1718 2569 hec

339 2599 477 2636 tempus·

1754 2007 1769 2137 ‘23-3-23-
1754 1958 1769 1996 ΤΣ

1754 2718 1758 2742 ’”
1754 2546 1769 2702 Α“’“””’“.’”““’
1754 2286 1769 2530 ἡ’”’““Ψ’“.’””Ξ<ζ”“”ίῗ”
1754 2260 1758 2273 ”
