1769 3235
321 300 413 345 308
721 316 756 343 5.
802 314 1046 348 mausum
1084 318 1286 348 EPJSCOPI

320 391 405 424 tem
434 378 553 441 prius
573 378 728 441 pauci,
752 396 868 425 nunc
888 381 1042 444 populi
1061 404 1073 436 3
1092 383 1195 446 quia
1224 394 1327 428 tunc
1346 381 1398 427 ad
1423 382 1550 428 fidem
1577 400 1693 447 pau—

316 466 469 495 corum
487 486 498 505 ,
523 460 563 494 et
587 460 740 495 contra
770 450 1008 497 irrisionem
1038 453 1305 517 populorum
1327 491 1336 507 ‚
1365 469 1466 498 cum
1493 454 1693 500 Christus

316 520 548 565 crucifixus
564 520 894 583 praedicaretur,
914 522 1058 569 claudi
1079 524 1390 578 ambulabant,
1410 524 1518 570 muti
1537 524 1691 588 loque-

313 589 492 645 bantur,
525 589 647 635 surdi
671 590 906 637 audiebant
924 631 933 648 ,
962 594 1068 639 caeci
1094 594 1330 649 videbant,
1360 595 1522 640 mortui
1545 611 1690 641 resur-

313 660 486 719 gebant.
518 660 590 705 Sic
609 660 782 706 tandem
805 663 1109 709 animadvertit
1132 675 1296 710 terrena
1328 665 1556 727 superbia,
1577 665 1690 712 nihil

313 732 357 776 in
380 731 485 794 ipsis
504 733 681 777 terrenis
695 749 780 778 esse
795 735 1018 796 potentius
1036 735 1285 780 humilitate
1303 735 1449 781 divina
1464 773 1474 791 ‚
1496 746 1544 781 ut
1561 736 1689 782 etiam

310 801 595 848 saluberrima
621 803 844 849 humilitas
868 804 1088 859 humana,
1120 817 1274 851 contra
1300 805 1575 852 insultantem
1605 807 1687 852 sibi

307 874 558 936 superbiam
580 874 740 919 divinae
763 875 1019 921 imitationis
1043 877 1288 939 patrocinio
1314 887 1520 924 tueretur.

372 945 471 991 VH.
506 945 861 1008 Expergiscimini
876 946 1131 1010 aliquando,
1160 947 1312 993 fratres
1333 948 1433 1003 mei,
1459 959 1500 993 et
1526 965 1680 1011 paren-

307 1016 392 1060 tes¹
415 1017 496 1061 mei
518 1016 825 1061 Madaurenses
844 1054 854 1072 ‚
885 1017 1002 1064 hanc
1023 1020 1295 1064 occasionem
1321 1017 1542 1064 scribendi
1563 1019 1686 1064 vobis

304 1087 420 1132 Deus
446 1086 555 1131 mihi
593 1086 769 1134 obtulit.
809 1087 1037 1144 Quantum
1071 1090 1199 1152 potui
1235 1089 1412 1153 quidem
1446 1089 1491 1135 in
1516 1089 1685 1149 negotio

301 1157 443 1202 fratris
467 1157 727 1213 morentini,
758 1175 836 1220 per
863 1176 992 1222 quem
1015 1159 1179 1206 litteras
1205 1160 1377 1206 misistis
1394 1197 1403 1214 ‚
1432 1159 1544 1205 sicut
1572 1161 1686 1205 Deus

305 1227 468 1283 voluit,
500 1227 604 1273 affui
639 1239 679 1274 et
710 1229 897 1289 adjuvi:
929 1230 999 1275 sed
1034 1231 1116 1276 tale
1150 1232 1370 1291 negotium
1404 1241 1518 1287 erat,
1564 1230 1683 1293 quod

304 1299 430 1343 etiam
455 1299 543 1343 sine
565 1316 696 1362 opera
730 1317 823 1345 mea
849 1299 975 1346 facile
995 1302 1142 1364 peragi
1166 1313 1325 1364 posset.
1366 1305 1508 1364 Prope
1537 1317 1684 1346 omnes

304 1370 415 1415 enim
442 1369 596 1415 (lomus
615 1371 751 1434 ipsius
773 1371 972 1416 homines
990 1409 999 1427 ‚
1030 1373 1106 1435 qui
1127 1371 1245 1435 apud
1268 1372 1519 1435 Hipponem
1550 1381 1651 1416 sunt
1668 1408 1679 1424 ,

301 1452 515 1486 noverunt
535 1441 858 1498 Florentinum,
887 1453 927 1488 et
954 1443 1140 1489 multum
1161 1447 1196 1503 ej
1206 1460 1252 1489 us
1267 1443 1496 1488 orbitatem
1514 1441 1676 1488 dolent.

300 1511 385 1556 Sed
416 1512 610 1574 Epistola
638 1513 746 1558 mihi
773 1531 794 1558 a
815 1513 938 1559 vobis
975 1514 1105 1560 missa
1138 1525 1198 1559 est
1219 1551 1229 1569 ‚
1265 1524 1312 1559 ut
1338 1531 1423 1559 non
1449 1512 1683 1576 impudens

300 1594 404 1628 esset
432 1583 626 1646 Epistola
655 1602 749 1630 mea
767 1623 776 1639 ‚
799 1602 898 1630 cum
916 1586 1141 1630 occasione
1164 1603 1185 1630 a
1214 1584 1339 1631 vobis
1357 1593 1536 1648 accepta
1552 1620 1563 1633 .
1589 1582 1682 1628 ido-

296 1652 440 1698 lorum
465 1653 710 1700 cultoribus
728 1655 781 1701 (le
805 1655 982 1700 Christo
1011 1656 1177 1719 aliquid
1202 1656 1469 1719 loqueretur.
1492 1653 1575 1700 Sed
1595 1653 1678 1700 ob-

297 1741 417 1769 secro
442 1742 517 1770 vos
534 1762 543 1777 ,
569 1725 598 1770 si
621 1743 720 1771 eum
736 1744 825 1771 non
845 1727 1030 1772 inaniter
1048 1727 1091 1772 in
1114 1745 1161 1772 ea
1183 1727 1377 1790 Epistola
1397 1725 1648 1771 nominastis
1665 1762 1676 1780 ,

300 1806 347 1840 ut
371 1812 458 1840 non
490 1796 678 1841 inaniter
700 1797 824 1842 vobis
846 1798 924 1842 ista
952 1798 1214 1861 scripserim.
1243 1798 1288 1842 Si
1317 1808 1459 1843 autem
1490 1813 1556 1842 me
1577 1796 1678 1841 irri-

296 1865 396 1911 dere
415 1866 612 1912 voluistis
632 1905 640 1920 ,
669 1868 812 1913 timete
830 1869 950 1914 illuni
970 1906 980 1925 ,
1003 1886 1131 1932 quem
1152 1867 1532 1932 priusjudicatum
1547 1865 1680 1912 irrisit

298 1936 514 2000 superbus
539 1938 657 1984 orbis
682 1949 913 1995 terrarum,
937 1950 976 1985 et
999 1957 1117 1985 nunc
1138 1939 1335 1999 judicem
1363 1938 1583 1999 subjectus
1604 1955 1677 1983 ex-

296 2018 458 2070 pectat.
500 2009 594 2053 Erit
618 2009 731 2054 enim
762 2011 877 2055 testis
909 2012 1088 2056 affectus
1121 2012 1166 2056 in
1193 2028 1268 2056 vos
1291 2009 1434 2055 cordis
1466 2008 1574 2064 mei,
1601 2025 1678 2072 per

295 2077 412 2122 hanc
432 2114 442 2131 ‚
479 2090 693 2142 quantum
728 2080 853 2142 potui
879 2117 889 2135 ‚
930 2082 1133 2143 paginam
1168 2097 1387 2144 expressus
1414 2097 1424 2124 z
1451 2079 1532 2125 erit
1561 2079 1678 2124 testis

297 2148 419 2193 vobis
450 2149 494 2194 in
521 2150 691 2209 judicio
726 2154 816 2210 ejus
842 2187 851 2203 ,
874 2152 949 2215 qui
983 2151 1204 2198 credentes
1231 2151 1311 2196 sibi
1340 2151 1677 2196 confirmaturus

296 2233 384 2272 est,
412 2231 453 2264 et
471 2219 718 2266 incredulos
734 2221 1007 2268 confusurus.
1038 2223 1152 2267 Deus
1174 2238 1284 2267 unus
1307 2231 1346 2266 et
1370 2237 1494 2266 verus
1522 2237 1596 2266 vos
1619 2219 1675 2265 ab

296 2290 414 2334 omni
448 2290 578 2350 hujus
607 2292 755 2337 saecuti
793 2293 982 2338 vanitate
1017 2294 1223 2338 liberatos
1258 2302 1483 2338 convertat
1511 2291 1566 2337 ad
1601 2308 1670 2346 se,

297 2359 470 2406 Domini
499 2361 803 2423 praedicabiles
825 2373 866 2408 et
886 2363 1154 2409 dilectissimi
1176 2362 1340 2409 fratres.

341 2460 455 2499 ¹Q-uia
482 2460 691 2492 litteratumm
720 2468 750 2492 et
778 2463 954 2494 orator'ain
991 2470 1093 2495 artem
1121 2463 1204 2506 apul
1231 2463 1315 2506 ipsos
1353 2462 1462 2493 didicit
1493 2472 1529 2492 ex
1564 2459 1616 2491 lib.
1637 2471 1670 2493 ¹2.

289 2516 436 2546 Comes.
458 2527 482 2546 e.
504 2518 535 2549 3.
556 2517 627 2548 ideo
643 2516 765 2549 fortean
780 2526 1044 2560 vocatpmwntcs.
