1769 3235
471 296 871 329 RETRAcrArioNUM
908 298 994 329 [ιιι.
1038 299 1067 327 1.
1365 278 1459 336 485

81 458 754 470 smsssmssvssnnmmmsb*tn-“mm
763 459 813 469 W
825 457 1459 471 mmmmmwzmzunmzm

589 574 764 617 CAPUT
797 575 951 618 XVIII.

179 703 242 745 De
278 702 434 744 Genesi
464 702 523 744 ad
554 702 747 744 litteram
779 702 1058 759 imperfectus
1092 703 1202 744 liber
1234 719 1360 746 unus.

146 846 248 891 CUM
285 844 341 890 cle
378 849 549 891 Genesi
571 845 679 890 duos
708 844 844 890 libros
873 855 1024 890 contra
1048 845 1318 891 Manichaeos
1344 862 1454 891 con-

79 915 301 972 didissem,
325 916 533 980 quoniam
549 915 788 962 secundum
811 915 1083 976 allegoricam
1100 917 1458 977 significationem

80 986 325 1049 Scripturae
363 986 496 1032 verba
541 997 826 1032 tractaveram
849 1023 859 1042 ,
902 1003 991 1032 non
1031 1003 1156 1032 ausus
1192 986 1456 1032 naturalium

79 1074 222 1103 rerum
264 1068 384 1103 tanta
424 1068 586 1103 secreta
626 1058 679 1103 ad
715 1058 903 1103 litteram
942 1075 1152 1120 exponere
1175 1095 1186 1114 ,
1234 1058 1322 1103 hoc
1359 1069 1420 1103 est
1443 1094 1455 1114 ,

77 1128 451 1192 quemadmodum
477 1139 651 1191 possent
690 1129 931 1174 secundum
971 1129 1222 1175 historicam
1255 1128 1458 1192 proprie-

80 1209 207 1244 tatem
229 1216 329 1262 quae
353 1199 415 1243 ibi
444 1198 559 1244 dicta
586 1209 687 1243 sunt
721 1199 863 1262 accipi
895 1217 905 1244 :
938 1199 1058 1245 volui
1088 1201 1271 1263 experiri
1300 1200 1344 1244 in
1369 1199 1455 1244 hoc

78 1266 253 1332 quoque
272 1270 612 1329 negotiosissimo
631 1286 681 1314 ac
701 1270 959 1315 difficillimo
975 1288 1102 1334 opere
1121 1270 1227 1333 quid
1240 1269 1422 1316 valerem
1442 1289 1453 1320 ;

69 1340 142 1386 sed
160 1340 205 1385 in
232 1340 471 1403 Scripturis
485 1340 752 1403 exponendis
775 1341 1040 1403 tyrocinium
1062 1359 1206 1386 meum
1231 1341 1313 1386 sul)
1334 1350 1452 1384 tanta

71 1412 255 1457 sarcinae
279 1411 390 1457 mole
417 1412 666 1458 succubuit.
701 1413 755 1457 Et
776 1412 969 1457 nondum
987 1412 1178 1475 perfecto
1206 1429 1293 1457 uno
1316 1411 1449 1466 libro,

71 1481 127 1526 ab
147 1499 197 1527 eo
222 1499 351 1545 quem
370 1482 576 1527 sustinere
597 1499 685 1526 non
709 1492 904 1544 poteram
929 1481 1077 1526 labore
1100 1480 1343 1543 conquievi.
1366 1479 1451 1524 Sed

69 1551 115 1597 in
135 1551 219 1597 hoc
253 1568 382 1615 opere
409 1568 508 1597 cum
534 1569 582 1596 ea
614 1551 827 1614 opuscula
851 1562 1129 1597 retractarem
1147 1588 1157 1607 ,
1192 1552 1269 1596 iste
1292 1552 1383 1613 ipse
1403 1561 1451 1595 ut

70 1633 160 1667 erat
180 1622 459 1685 imperfectus
480 1622 596 1668 venit
618 1623 663 1667 in
684 1639 836 1667 manus
854 1660 864 1678 ‚
892 1639 1020 1684 quem
1045 1639 1183 1685 neque
1208 1620 1447 1677 edideram,

70 1704 111 1738 et
147 1692 320 1738 abolere
354 1692 627 1739 decreveram
650 1731 660 1748 ,
703 1692 912 1757 quoniam
943 1693 1100 1756 scripsi
1124 1702 1275 1755 postea
1300 1709 1365 1737 xii
1396 1691 1454 1736 li-

74 1765 178 1811 bros
212 1782 402 1828 quorum
434 1764 588 1810 titulus
611 1776 700 1820 est,
730 1769 799 1810 De
842 1768 1017 1810 Genesi·
1053 1764 1118 1808 ml
1140 1764 1360 1810 litteram.
1399 1764 1450 1808 In

70 1836 231 1899 quibus
252 1836 452 1899 quamvis
485 1836 623 1881 multa
643 1836 826 1898 quaesita
850 1836 996 1898 potius
1017 1852 1148 1898 quam
1175 1835 1350 1880 inventa
1379 1834 1448 1879 vi-

72 1907 283 1963 deantur,
326 1917 470 1952 tamen
510 1908 567 1952 eis
603 1907 680 1952 iste
703 1906 824 1952 nullo
849 1906 979 1952 modo
1012 1916 1073 1952 est
1106 1903 1445 1968 comparandus,

71 1977 229 2023 Verum
259 1988 300 2023 et
322 1977 444 2023 hunc
465 1987 614 2040 postea
639 1993 770 2040 quam
800 1976 1060 2031 retractavi,
1096 1992 1268 2020 manere
1292 1974 1413 2019 volui
1436 2012 1448 2030 ,

72 2059 120 2094 ut
136 2059 242 2094 esset
261 2048 414 2105 index,
440 2059 653 2111 quantum
676 2048 869 2094 existimo
884 2086 895 2105 ,
924 2065 1012 2093 non
1030 2046 1195 2092 inutilis
1219 2045 1449 2091 rudimen-

71 2130 216 2165 torum
260 2136 456 2166 meorum
485 2120 529 2165 in
556 2119 834 2165 enucleandis
871 2130 1000 2182 atque
1025 2117 1271 2164 scrutandis
1295 2117 1454 2162 divinis

71 2190 275 2254 eloquiis3
307 2194 486 2254 ejusque
518 2190 696 2236 titulum
721 2208 806 2236 esse
828 2189 978 2246 volui,
1005 2193 1080 2234 De
1107 2189 1360 2234 Genesc'acl
1375 2188 1454 2233 lit-

72 2273 218 2306 teram
266 2263 579 2324 imperfectus.
618 2261 771 2307 Inveni
798 2261 966 2324 quippe
989 2276 1086 2305 eum
1114 2275 1247 2322 usque
1274 2258 1328 2303 ad
1356 2259 1453 2304 haec

69 2332 202 2377 verba
222 2331 435 2377 dictatum
467 2350 478 2377 ε
516 2337 663 2378 Pater
694 2342 878 2377 tantam
899 2342 1041 2395 pater
1068 2340 1158 2388 est,
1192 2346 1279 2375 nec
1300 2330 1450 2375 Filius

69 2403 206 2448 aliud
221 2414 291 2448 esc
307 2421 451 2466 quam
478 2404 611 2464 filius
633 2423 641 2449 ε
664 2408 778 2467 quia
800 2414 845 2449 et
869 2421 975 2449 eum
995 2403 1170 2447 alfe-itur
1191 2399 1448 2445 similitudo

72 2478 252 2531 Patris,
273 2491 547 2538 quanquam
569 2477 790 2521 ostendat
812 2475 992 2520 nullam
1021 2475 1299 2519 intervenire
1315 2472 1451 2516 elissi-

72 2545 414 2600 militudinem,
457 2563 552 2590 non
592 2558 748 2591 tarnem
775 2545 908 2591 solas
935 2557 1000 2600 est
1037 2548 1201 2595 Pater,
1232 2547 1276 2586 εἰ
1310 2542 1454 2587 habet

74 2613 450 2663 sz'nzz'litmlz'nem.
485 2617 589 2662 Post
609 2617 707 2664 haec
731 2616 913 2680 repetivi
933 2615 1066 2663 verba
1089 2614 1330 2677 Scripturae
1350 2629 1451 2658 rur-
