<?xml version="1.0" encoding="UTF-8"?>
<!DOCTYPE html PUBLIC "-//W3C//DTD XHTML 1.0 Transitional//EN"
    "http://www.w3.org/TR/xhtml1/DTD/xhtml1-transitional.dtd">
<html xmlns="http://www.w3.org/1999/xhtml" xml:lang="en" lang="en">
 <head>
  <title>
</title>
<meta http-equiv="Content-Type" content="text/html;charset=utf-8" />
  <meta name='ocr-system' content='tesseract 3.04.00' />
  <meta name='ocr-capabilities' content='ocr_page ocr_carea ocr_par ocr_line ocrx_word'/>
</head>
<body>
  <div class='ocr_page' id='page_1' title='image "./operaomniaaccura41auguuoft/operaomniaaccura41auguuoft_0384.png"; bbox 0 0 1769 3235; ppageno 0'>
   <div class='ocr_carea' id='block_1_1' title="bbox 335 252 1295 301">
    <p class='ocr_par' dir='ltr' id='par_1_1' title="bbox 335 252 1295 301">
     <span class='ocr_line' id='line_1_1' title="bbox 335 252 1295 301; baseline -0.004 -1"><span class='ocrx_word' id='word_1_1' title='bbox 335 252 428 301; x_wconf 78' lang='lat'>366</span> <span class='ocrx_word' id='word_1_2' title='bbox 738 265 771 295; x_wconf 86' lang='lat' dir='ltr'>s.</span> <span class='ocrx_word' id='word_1_3' title='bbox 817 264 1057 295; x_wconf 72' lang='lat' dir='ltr'>Auonsrim</span> <span class='ocrx_word' id='word_1_4' title='bbox 1094 264 1295 297; x_wconf 74' lang='lat' dir='ltr'>EPISCOPI</span> 
     </span>
    </p>
   </div>
   <div class='ocr_carea' id='block_1_2' title="bbox 328 330 1756 817">
    <p class='ocr_par' dir='ltr' id='par_1_2' title="bbox 328 330 1759 817">
     <span class='ocr_line' id='line_1_2' title="bbox 331 330 1750 389; baseline 0.002 -12"><span class='ocrx_word' id='word_1_5' title='bbox 331 348 421 377; x_wconf 82' lang='lat' dir='ltr'>suae</span> <span class='ocrx_word' id='word_1_6' title='bbox 438 330 714 377; x_wconf 83' lang='lat' dir='ltr'>moderamen</span> <span class='ocrx_word' id='word_1_7' title='bbox 733 348 783 376; x_wconf 88' lang='lat' dir='ltr'>ac</span> <span class='ocrx_word' id='word_1_8' title='bbox 803 330 1139 377; x_wconf 84' lang='lat' dir='ltr'>sollicitudinem</span> <span class='ocrx_word' id='word_1_9' title='bbox 1155 332 1435 389; x_wconf 78' lang='lat' dir='ltr'>revocaverit,</span> <span class='ocrx_word' id='word_1_10' title='bbox 1459 350 1546 379; x_wconf 89' lang='lat' dir='ltr'>non</span> <span class='ocrx_word' id='word_1_11' title='bbox 1566 333 1705 381; x_wconf 89' lang='lat' dir='ltr'>solum</span> <span class='ocrx_word' id='word_1_12' title='bbox 1745 331 1750 375; x_wconf 72' lang='grc' dir='ltr'>Ῐ</span> 
     </span>
     <span class='ocr_line' id='line_1_3' title="bbox 329 399 1751 466; baseline 0.002 -19"><span class='ocrx_word' id='word_1_13' title='bbox 329 401 514 447; x_wconf 82' lang='lat' dir='ltr'>vocibus</span> <span class='ocrx_word' id='word_1_14' title='bbox 531 437 542 453; x_wconf 88' lang='lat'>,</span> <span class='ocrx_word' id='word_1_15' title='bbox 565 399 638 446; x_wconf 85' lang='lat' dir='ltr'>sed</span> <span class='ocrx_word' id='word_1_16' title='bbox 661 401 790 446; x_wconf 79' lang='lat' dir='ltr'>etiam</span> <span class='ocrx_word' id='word_1_17' title='bbox 808 401 946 464; x_wconf 77' lang='lat' dir='ltr'>plagis</span> <span class='ocrx_word' id='word_1_18' title='bbox 970 402 1171 447; x_wconf 85' lang='lat' dir='ltr'>emendat</span> <span class='ocrx_word' id='word_1_19' title='bbox 1196 420 1372 448; x_wconf 77' lang='lat' dir='ltr'>uxorem</span> <span class='ocrx_word' id='word_1_20' title='bbox 1397 423 1407 455; x_wconf 77' lang='grc' dir='ltr'><strong>ς</strong></span> <span class='ocrx_word' id='word_1_21' title='bbox 1437 420 1524 448; x_wconf 85' lang='lat' dir='ltr'>non</span> <span class='ocrx_word' id='word_1_22' title='bbox 1541 404 1648 450; x_wconf 84' lang='lat' dir='ltr'>dico</span> <span class='ocrx_word' id='word_1_23' title='bbox 1671 406 1706 450; x_wconf 84' lang='lat' dir='ltr'>si</span> <span class='ocrx_word' id='word_1_24' title='bbox 1746 439 1751 466; x_wconf 51' lang='grc' dir='ltr'>ς</span> 
     </span>
     <span class='ocr_line' id='line_1_4' title="bbox 331 471 1750 536; baseline 0.001 -20"><span class='ocrx_word' id='word_1_25' title='bbox 331 471 834 534; x_wconf 86' lang='lat' dir='ltr'>petulantiusjocantem</span> <span class='ocrx_word' id='word_1_26' title='bbox 852 509 862 527; x_wconf 95' lang='lat'>,</span> <span class='ocrx_word' id='word_1_27' title='bbox 888 472 959 517; x_wconf 87' lang='lat' dir='ltr'>sed</span> <span class='ocrx_word' id='word_1_28' title='bbox 983 473 1016 518; x_wconf 85' lang='lat' dir='ltr'>si</span> <span class='ocrx_word' id='word_1_29' title='bbox 1043 473 1364 518; x_wconf 81' lang='lat' dir='ltr'>immoderatius</span> <span class='ocrx_word' id='word_1_30' title='bbox 1383 490 1459 536; x_wconf 91' lang='lat' dir='ltr'>per</span> <span class='ocrx_word' id='word_1_31' title='bbox 1477 472 1706 520; x_wconf 84' lang='lat' dir='ltr'>fenestram</span> <span class='ocrx_word' id='word_1_32' title='bbox 1747 478 1750 494; x_wconf 89' lang='grc'><strong>“</strong></span> 
     </span>
     <span class='ocr_line' id='line_1_5' title="bbox 333 541 1706 604; baseline 0.003 -18"><span class='ocrx_word' id='word_1_33' title='bbox 333 541 611 604; x_wconf 80' lang='lat' dir='ltr'>aspicientem</span> <span class='ocrx_word' id='word_1_34' title='bbox 635 542 1002 591; x_wconf 77' lang='lat' dir='ltr'>animadverterit.</span> <span class='ocrx_word' id='word_1_35' title='bbox 1029 543 1141 598; x_wconf 87' lang='lat' dir='ltr'>Quae</span> <span class='ocrx_word' id='word_1_36' title='bbox 1157 553 1301 588; x_wconf 85' lang='lat' dir='ltr'>tamen</span> <span class='ocrx_word' id='word_1_37' title='bbox 1326 543 1359 587; x_wconf 90' lang='lat' dir='ltr'>si</span> <span class='ocrx_word' id='word_1_38' title='bbox 1372 543 1409 587; x_wconf 89' lang='lat' dir='ltr'>ei</span> <span class='ocrx_word' id='word_1_39' title='bbox 1433 542 1567 598; x_wconf 85' lang='lat' dir='ltr'>dicat,</span> <span class='ocrx_word' id='word_1_40' title='bbox 1587 543 1706 600; x_wconf 89' lang='lat' dir='ltr'>Quid</span> 
     </span>
     <span class='ocr_line' id='line_1_6' title="bbox 330 612 1706 675; baseline 0.003 -18"><span class='ocrx_word' id='word_1_41' title='bbox 330 629 400 657; x_wconf 90' lang='lat' dir='ltr'>me</span> <span class='ocrx_word' id='word_1_42' title='bbox 425 612 588 658; x_wconf 70' lang='lat' dir='ltr'>caedis?</span> <span class='ocrx_word' id='word_1_43' title='bbox 616 613 819 658; x_wconf 80' lang='lat' dir='ltr'>Venerem</span> <span class='ocrx_word' id='word_1_44' title='bbox 849 613 968 658; x_wconf 82' lang='lat' dir='ltr'>caede</span> <span class='ocrx_word' id='word_1_45' title='bbox 989 614 1022 658; x_wconf 85' lang='lat' dir='ltr'>si</span> <span class='ocrx_word' id='word_1_46' title='bbox 1050 623 1195 675; x_wconf 85' lang='lat' dir='ltr'>potes,</span> <span class='ocrx_word' id='word_1_47' title='bbox 1225 631 1247 657; x_wconf 86' lang='lat' dir='ltr'>a</span> <span class='ocrx_word' id='word_1_48' title='bbox 1270 630 1354 675; x_wconf 89' lang='lat' dir='ltr'>qua</span> <span class='ocrx_word' id='word_1_49' title='bbox 1376 631 1506 673; x_wconf 80' lang='lat' dir='ltr'>cogor</span> <span class='ocrx_word' id='word_1_50' title='bbox 1529 614 1616 659; x_wconf 90' lang='lat' dir='ltr'>hoc</span> <span class='ocrx_word' id='word_1_51' title='bbox 1639 614 1706 659; x_wconf 85' lang='lat' dir='ltr'>fa-</span> 
     </span>
     <span class='ocr_line' id='line_1_7' title="bbox 328 683 1709 748; baseline 0.001 -21"><span class='ocrx_word' id='word_1_52' title='bbox 328 699 436 729; x_wconf 89' lang='lat' dir='ltr'>cere.</span> <span class='ocrx_word' id='word_1_53' title='bbox 452 683 565 728; x_wconf 93' lang='lat' dir='ltr'>Tum</span> <span class='ocrx_word' id='word_1_54' title='bbox 586 700 686 728; x_wconf 90' lang='lat' dir='ltr'>vero</span> <span class='ocrx_word' id='word_1_55' title='bbox 704 683 774 729; x_wconf 88' lang='lat' dir='ltr'>ille</span> <span class='ocrx_word' id='word_1_56' title='bbox 792 701 877 729; x_wconf 90' lang='lat' dir='ltr'>non</span> <span class='ocrx_word' id='word_1_57' title='bbox 898 694 1021 729; x_wconf 83' lang='lat' dir='ltr'>curat</span> <span class='ocrx_word' id='word_1_58' title='bbox 1041 700 1174 745; x_wconf 85' lang='lat' dir='ltr'>quam</span> <span class='ocrx_word' id='word_1_59' title='bbox 1193 700 1304 728; x_wconf 82' lang='lat' dir='ltr'>vana</span> <span class='ocrx_word' id='word_1_60' title='bbox 1324 684 1456 729; x_wconf 87' lang='lat' dir='ltr'>verba</span> <span class='ocrx_word' id='word_1_61' title='bbox 1474 695 1709 748; x_wconf 85' lang='lat' dir='ltr'>componat</span> 
     </span>
     <span class='ocr_line' id='line_1_8' title="bbox 328 751 1756 817; baseline 0.002 -20"><span class='ocrx_word' id='word_1_62' title='bbox 328 751 528 798; x_wconf 84' lang='lat' dir='ltr'>fallendis</span> <span class='ocrx_word' id='word_1_63' title='bbox 546 754 752 799; x_wconf 87' lang='lat' dir='ltr'>extraneis</span> <span class='ocrx_word' id='word_1_64' title='bbox 769 791 779 809; x_wconf 91' lang='lat'>,</span> <span class='ocrx_word' id='word_1_65' title='bbox 808 753 879 799; x_wconf 91' lang='lat' dir='ltr'>sed</span> <span class='ocrx_word' id='word_1_66' title='bbox 905 770 1035 816; x_wconf 86' lang='lat' dir='ltr'>quam</span> <span class='ocrx_word' id='word_1_67' title='bbox 1052 757 1168 812; x_wconf 84' lang='lat' dir='ltr'>justa</span> <span class='ocrx_word' id='word_1_68' title='bbox 1194 753 1370 798; x_wconf 88' lang='lat' dir='ltr'>verbera</span> <span class='ocrx_word' id='word_1_69' title='bbox 1391 754 1590 817; x_wconf 82' lang='lat' dir='ltr'>imponat</span> <span class='ocrx_word' id='word_1_70' title='bbox 1615 771 1708 804; x_wconf 86' lang='lat' dir='ltr'>cor·</span> <span class='ocrx_word' id='word_1_71' title='bbox 1749 753 1756 789; x_wconf 84' lang='lat'>&#39;-</span> 
     </span>
    </p>
   </div>
   <div class='ocr_carea' id='block_1_3' title="bbox 331 822 642 882">
    <p class='ocr_par' dir='ltr' id='par_1_3' title="bbox 331 822 642 882">
     <span class='ocr_line' id='line_1_9' title="bbox 331 822 642 882; baseline 0.01 -16"><span class='ocrx_word' id='word_1_72' title='bbox 331 822 518 882; x_wconf 82' lang='lat' dir='ltr'>rigendis</span> <span class='ocrx_word' id='word_1_73' title='bbox 543 823 642 870; x_wconf 79' lang='lat' dir='ltr'>suis.</span> 
     </span>
    </p>
   </div>
   <div class='ocr_carea' id='block_1_4' title="bbox 398 893 1753 962">
    <p class='ocr_par' dir='ltr' id='par_1_4' title="bbox 398 893 1753 962">
     <span class='ocr_line' id='line_1_10' title="bbox 398 893 1753 962; baseline 0.002 -26"><span class='ocrx_word' id='word_1_74' title='bbox 398 894 480 939; x_wconf 90' lang='lat' dir='ltr'>Ill.</span> <span class='ocrx_word' id='word_1_75' title='bbox 510 893 699 950; x_wconf 78' lang='lat' dir='ltr'>Quando</span> <span class='ocrx_word' id='word_1_76' title='bbox 730 910 830 953; x_wconf 84' lang='lat' dir='ltr'>ergo</span> <span class='ocrx_word' id='word_1_77' title='bbox 867 893 1049 962; x_wconf 79' lang='lat' dir='ltr'>quisque</span> <span class='ocrx_word' id='word_1_78' title='bbox 1087 909 1187 941; x_wconf 89' lang='lat' dir='ltr'>cum</span> <span class='ocrx_word' id='word_1_79' title='bbox 1219 893 1479 960; x_wconf 85' lang='lat' dir='ltr'>reprehendi</span> <span class='ocrx_word' id='word_1_80' title='bbox 1504 894 1705 958; x_wconf 82' lang='lat' dir='ltr'>coeperit,</span> <span class='ocrx_word' id='word_1_81' title='bbox 1750 908 1753 946; x_wconf 65' lang='grc' dir='ltr'>ζ</span> 
     </span>
    </p>
   </div>
   <div class='ocr_carea' id='block_1_5' title="bbox 331 961 1702 1026">
    <p class='ocr_par' dir='ltr' id='par_1_5' title="bbox 331 961 1702 1026">
     <span class='ocr_line' id='line_1_11' title="bbox 331 961 1702 1026; baseline 0.001 -18"><span class='ocrx_word' id='word_1_82' title='bbox 331 980 502 1008; x_wconf 86' lang='lat' dir='ltr'>causam</span> <span class='ocrx_word' id='word_1_83' title='bbox 523 963 739 1008; x_wconf 86' lang='lat' dir='ltr'>convertit</span> <span class='ocrx_word' id='word_1_84' title='bbox 761 964 804 1008; x_wconf 79' lang='lat' dir='ltr'>in</span> <span class='ocrx_word' id='word_1_85' title='bbox 841 961 998 1016; x_wconf 84' lang='lat' dir='ltr'>fatum,</span> <span class='ocrx_word' id='word_1_86' title='bbox 1027 973 1068 1008; x_wconf 89' lang='lat' dir='ltr'>et</span> <span class='ocrx_word' id='word_1_87' title='bbox 1097 962 1193 1007; x_wconf 88' lang='lat' dir='ltr'>ideo</span> <span class='ocrx_word' id='word_1_88' title='bbox 1220 980 1262 1008; x_wconf 90' lang='lat' dir='ltr'>se</span> <span class='ocrx_word' id='word_1_89' title='bbox 1292 964 1459 1026; x_wconf 83' lang='lat' dir='ltr'>culpari</span> <span class='ocrx_word' id='word_1_90' title='bbox 1482 981 1569 1009; x_wconf 91' lang='lat' dir='ltr'>non</span> <span class='ocrx_word' id='word_1_91' title='bbox 1589 964 1702 1021; x_wconf 87' lang='lat' dir='ltr'>vult,</span> 
     </span>
    </p>
   </div>
   <div class='ocr_carea' id='block_1_6' title="bbox 330 1031 1754 1096">
    <p class='ocr_par' dir='ltr' id='par_1_6' title="bbox 330 1031 1754 1096">
     <span class='ocr_line' id='line_1_12' title="bbox 330 1031 1754 1096; baseline 0.001 -18"><span class='ocrx_word' id='word_1_92' title='bbox 330 1033 430 1096; x_wconf 84' lang='lat' dir='ltr'>quia</span> <span class='ocrx_word' id='word_1_93' title='bbox 447 1033 534 1078; x_wconf 75' lang='lat' dir='ltr'>fato</span> <span class='ocrx_word' id='word_1_94' title='bbox 558 1050 600 1078; x_wconf 86' lang='lat' dir='ltr'>se</span> <span class='ocrx_word' id='word_1_95' title='bbox 625 1033 734 1078; x_wconf 90' lang='lat' dir='ltr'>dicit</span> <span class='ocrx_word' id='word_1_96' title='bbox 753 1044 954 1078; x_wconf 82' lang='lat' dir='ltr'>coactum</span> <span class='ocrx_word' id='word_1_97' title='bbox 975 1031 1179 1078; x_wconf 83' lang='lat' dir='ltr'>fecisseid</span> <span class='ocrx_word' id='word_1_98' title='bbox 1197 1033 1317 1096; x_wconf 88' lang='lat' dir='ltr'>quod</span> <span class='ocrx_word' id='word_1_99' title='bbox 1333 1034 1543 1094; x_wconf 76' lang='lat' dir='ltr'>arguitur,</span> <span class='ocrx_word' id='word_1_100' title='bbox 1561 1034 1707 1086; x_wconf 80' lang='lat' dir='ltr'>redeat</span> <span class='ocrx_word' id='word_1_101' title='bbox 1751 1040 1754 1055; x_wconf 73' lang='lat'><strong>²</strong></span> 
     </span>
    </p>
   </div>
   <div class='ocr_carea' id='block_1_7' title="bbox 321 1103 1706 1734">
    <p class='ocr_par' dir='ltr' id='par_1_7' title="bbox 321 1103 1706 1734">
     <span class='ocr_line' id='line_1_13' title="bbox 329 1103 1706 1166; baseline 0.001 -18"><span class='ocrx_word' id='word_1_102' title='bbox 329 1103 383 1148; x_wconf 88' lang='lat' dir='ltr'>ad</span> <span class='ocrx_word' id='word_1_103' title='bbox 409 1120 450 1148; x_wconf 86' lang='lat' dir='ltr'>se</span> <span class='ocrx_word' id='word_1_104' title='bbox 472 1105 634 1166; x_wconf 85' lang='lat' dir='ltr'>ipsum,</span> <span class='ocrx_word' id='word_1_105' title='bbox 662 1113 799 1148; x_wconf 86' lang='lat' dir='ltr'>servet</span> <span class='ocrx_word' id='word_1_106' title='bbox 819 1103 967 1148; x_wconf 88' lang='lat' dir='ltr'>hocin</span> <span class='ocrx_word' id='word_1_107' title='bbox 997 1103 1099 1159; x_wconf 82' lang='lat' dir='ltr'>suis,</span> <span class='ocrx_word' id='word_1_108' title='bbox 1132 1120 1218 1148; x_wconf 93' lang='lat' dir='ltr'>non</span> <span class='ocrx_word' id='word_1_109' title='bbox 1240 1104 1417 1164; x_wconf 83' lang='lat' dir='ltr'>castiget</span> <span class='ocrx_word' id='word_1_110' title='bbox 1440 1121 1608 1154; x_wconf 88' lang='lat' dir='ltr'>servum</span> <span class='ocrx_word' id='word_1_111' title='bbox 1630 1103 1706 1150; x_wconf 86' lang='lat' dir='ltr'>fu-</span> 
     </span>
     <span class='ocr_line' id='line_1_14' title="bbox 328 1172 1706 1240; baseline 0.001 -22"><span class='ocrx_word' id='word_1_112' title='bbox 328 1189 437 1228; x_wconf 91' lang='lat' dir='ltr'>rem,</span> <span class='ocrx_word' id='word_1_113' title='bbox 462 1190 549 1218; x_wconf 89' lang='lat' dir='ltr'>non</span> <span class='ocrx_word' id='word_1_114' title='bbox 567 1172 620 1218; x_wconf 89' lang='lat' dir='ltr'>de</span> <span class='ocrx_word' id='word_1_115' title='bbox 645 1173 960 1219; x_wconf 88' lang='lat' dir='ltr'>contumelioso</span> <span class='ocrx_word' id='word_1_116' title='bbox 984 1173 1075 1218; x_wconf 88' lang='lat' dir='ltr'>filio</span> <span class='ocrx_word' id='word_1_117' title='bbox 1099 1185 1409 1240; x_wconf 85' lang='lat' dir='ltr'>conqueratur,</span> <span class='ocrx_word' id='word_1_118' title='bbox 1442 1176 1586 1225; x_wconf 85' lang='lat' dir='ltr'>vicino</span> <span class='ocrx_word' id='word_1_119' title='bbox 1619 1175 1706 1220; x_wconf 92' lang='lat' dir='ltr'>im-</span> 
     </span>
     <span class='ocr_line' id='line_1_15' title="bbox 325 1244 1706 1307; baseline 0.002 -19"><span class='ocrx_word' id='word_1_120' title='bbox 325 1245 467 1307; x_wconf 86' lang='lat' dir='ltr'>probo</span> <span class='ocrx_word' id='word_1_121' title='bbox 485 1261 571 1289; x_wconf 88' lang='lat' dir='ltr'>non</span> <span class='ocrx_word' id='word_1_122' title='bbox 597 1245 796 1291; x_wconf 86' lang='lat' dir='ltr'>minetur.</span> <span class='ocrx_word' id='word_1_123' title='bbox 825 1244 945 1301; x_wconf 86' lang='lat' dir='ltr'>Quid</span> <span class='ocrx_word' id='word_1_124' title='bbox 971 1245 1084 1290; x_wconf 89' lang='lat' dir='ltr'>enim</span> <span class='ocrx_word' id='word_1_125' title='bbox 1113 1245 1273 1291; x_wconf 90' lang='lat' dir='ltr'>horum</span> <span class='ocrx_word' id='word_1_126' title='bbox 1294 1246 1470 1300; x_wconf 86' lang='lat' dir='ltr'>faciens,</span> <span class='ocrx_word' id='word_1_127' title='bbox 1491 1250 1606 1306; x_wconf 88' lang='lat' dir='ltr'>juste</span> <span class='ocrx_word' id='word_1_128' title='bbox 1635 1246 1706 1297; x_wconf 83' lang='lat' dir='ltr'>fa-</span> 
     </span>
     <span class='ocr_line' id='line_1_16' title="bbox 328 1315 1704 1386; baseline 0.002 -26"><span class='ocrx_word' id='word_1_129' title='bbox 328 1316 403 1370; x_wconf 86' lang='lat' dir='ltr'>cit,</span> <span class='ocrx_word' id='word_1_130' title='bbox 430 1315 463 1360; x_wconf 84' lang='lat' dir='ltr'>si</span> <span class='ocrx_word' id='word_1_131' title='bbox 482 1333 627 1360; x_wconf 84' lang='lat' dir='ltr'>omnes</span> <span class='ocrx_word' id='word_1_132' title='bbox 647 1333 668 1361; x_wconf 90' lang='lat' dir='ltr'>a</span> <span class='ocrx_word' id='word_1_133' title='bbox 684 1316 846 1378; x_wconf 84' lang='lat' dir='ltr'>quibus</span> <span class='ocrx_word' id='word_1_134' title='bbox 864 1316 1042 1375; x_wconf 78' lang='lat' dir='ltr'>injurias</span> <span class='ocrx_word' id='word_1_135' title='bbox 1059 1317 1243 1379; x_wconf 87' lang='lat' dir='ltr'>patitur,</span> <span class='ocrx_word' id='word_1_136' title='bbox 1261 1334 1348 1362; x_wconf 88' lang='lat' dir='ltr'>non</span> <span class='ocrx_word' id='word_1_137' title='bbox 1369 1317 1499 1386; x_wconf 85' lang='lat' dir='ltr'>culpa</span> <span class='ocrx_word' id='word_1_138' title='bbox 1516 1333 1609 1372; x_wconf 88' lang='lat' dir='ltr'>sua,</span> <span class='ocrx_word' id='word_1_139' title='bbox 1631 1316 1704 1367; x_wconf 84' lang='lat' dir='ltr'>sed</span> 
     </span>
     <span class='ocr_line' id='line_1_17' title="bbox 327 1385 1705 1452; baseline 0.002 -22"><span class='ocrx_word' id='word_1_140' title='bbox 327 1385 415 1431; x_wconf 85' lang='lat' dir='ltr'>fato</span> <span class='ocrx_word' id='word_1_141' title='bbox 443 1385 732 1448; x_wconf 88' lang='lat' dir='ltr'>impelluntur</span> <span class='ocrx_word' id='word_1_142' title='bbox 761 1397 807 1431; x_wconf 89' lang='lat' dir='ltr'>ut</span> <span class='ocrx_word' id='word_1_143' title='bbox 851 1385 1043 1432; x_wconf 66' lang='lat' dir='ltr'>faciant?</span> <span class='ocrx_word' id='word_1_144' title='bbox 1089 1385 1133 1431; x_wconf 84' lang='lat' dir='ltr'>Si</span> <span class='ocrx_word' id='word_1_145' title='bbox 1160 1398 1300 1432; x_wconf 86' lang='lat' dir='ltr'>autem</span> <span class='ocrx_word' id='word_1_146' title='bbox 1322 1391 1422 1447; x_wconf 87' lang='lat' dir='ltr'>jure</span> <span class='ocrx_word' id='word_1_147' title='bbox 1456 1387 1639 1452; x_wconf 86' lang='lat' dir='ltr'>proprio</span> <span class='ocrx_word' id='word_1_148' title='bbox 1663 1398 1705 1438; x_wconf 85' lang='lat' dir='ltr'>et</span> 
     </span>
     <span class='ocr_line' id='line_1_18' title="bbox 324 1455 1703 1521; baseline 0.004 -23"><span class='ocrx_word' id='word_1_149' title='bbox 324 1455 664 1519; x_wconf 81' lang='lat' dir='ltr'>patris-familias</span> <span class='ocrx_word' id='word_1_150' title='bbox 688 1456 931 1516; x_wconf 75' lang='lat' dir='ltr'>diligentia,</span> <span class='ocrx_word' id='word_1_151' title='bbox 955 1474 1256 1520; x_wconf 85' lang='lat' dir='ltr'>quoscumque</span> <span class='ocrx_word' id='word_1_152' title='bbox 1280 1457 1479 1509; x_wconf 86' lang='lat' dir='ltr'>homines</span> <span class='ocrx_word' id='word_1_153' title='bbox 1496 1474 1576 1521; x_wconf 91' lang='lat' dir='ltr'>pro</span> <span class='ocrx_word' id='word_1_154' title='bbox 1598 1469 1703 1510; x_wconf 82' lang='lat' dir='ltr'>tcm-</span> 
     </span>
     <span class='ocr_line' id='line_1_19' title="bbox 328 1527 1704 1590; baseline 0.001 -18"><span class='ocrx_word' id='word_1_155' title='bbox 328 1544 432 1589; x_wconf 89' lang='lat' dir='ltr'>pore</span> <span class='ocrx_word' id='word_1_156' title='bbox 451 1527 495 1571; x_wconf 90' lang='lat' dir='ltr'>in</span> <span class='ocrx_word' id='word_1_157' title='bbox 518 1536 727 1590; x_wconf 81' lang='lat' dir='ltr'>potestate</span> <span class='ocrx_word' id='word_1_158' title='bbox 759 1527 911 1581; x_wconf 86' lang='lat' dir='ltr'>habet,</span> <span class='ocrx_word' id='word_1_159' title='bbox 943 1527 1145 1573; x_wconf 84' lang='lat' dir='ltr'>hortatur</span> <span class='ocrx_word' id='word_1_160' title='bbox 1187 1527 1242 1573; x_wconf 88' lang='lat' dir='ltr'>ad</span> <span class='ocrx_word' id='word_1_161' title='bbox 1265 1529 1450 1583; x_wconf 86' lang='lat' dir='ltr'>bonum,</span> <span class='ocrx_word' id='word_1_162' title='bbox 1478 1528 1704 1581; x_wconf 82' lang='lat' dir='ltr'>deterreta</span> 
     </span>
     <span class='ocr_line' id='line_1_20' title="bbox 325 1597 1702 1662; baseline 0.004 -22"><span class='ocrx_word' id='word_1_163' title='bbox 325 1597 457 1646; x_wconf 83' lang='lat' dir='ltr'>malo,</span> <span class='ocrx_word' id='word_1_164' title='bbox 481 1597 667 1658; x_wconf 87' lang='lat' dir='ltr'>imperat</span> <span class='ocrx_word' id='word_1_165' title='bbox 687 1613 777 1641; x_wconf 80' lang='lat' dir='ltr'>suae</span> <span class='ocrx_word' id='word_1_166' title='bbox 800 1597 1015 1642; x_wconf 83' lang='lat' dir='ltr'>voluntati</span> <span class='ocrx_word' id='word_1_167' title='bbox 1034 1608 1079 1642; x_wconf 87' lang='lat' dir='ltr'>ut</span> <span class='ocrx_word' id='word_1_168' title='bbox 1096 1598 1415 1662; x_wconf 83' lang='lat' dir='ltr'>obtemperent,</span> <span class='ocrx_word' id='word_1_169' title='bbox 1432 1599 1702 1646; x_wconf 86' lang='lat' dir='ltr'>honorateos</span> 
     </span>
     <span class='ocr_line' id='line_1_21' title="bbox 321 1667 1701 1734; baseline 0.004 -23"><span class='ocrx_word' id='word_1_170' title='bbox 321 1667 398 1730; x_wconf 87' lang='lat' dir='ltr'>qui</span> <span class='ocrx_word' id='word_1_171' title='bbox 420 1667 500 1712; x_wconf 83' lang='lat' dir='ltr'>sibi</span> <span class='ocrx_word' id='word_1_172' title='bbox 519 1667 571 1712; x_wconf 91' lang='lat' dir='ltr'>ad</span> <span class='ocrx_word' id='word_1_173' title='bbox 593 1678 746 1712; x_wconf 88' lang='lat' dir='ltr'>nutum</span> <span class='ocrx_word' id='word_1_174' title='bbox 771 1668 1000 1724; x_wconf 84' lang='lat' dir='ltr'>obediunt,</span> <span class='ocrx_word' id='word_1_175' title='bbox 1022 1669 1215 1714; x_wconf 85' lang='lat' dir='ltr'>vindicat</span> <span class='ocrx_word' id='word_1_176' title='bbox 1244 1671 1286 1715; x_wconf 89' lang='lat' dir='ltr'>in</span> <span class='ocrx_word' id='word_1_177' title='bbox 1311 1687 1382 1715; x_wconf 86' lang='lat' dir='ltr'>cos</span> <span class='ocrx_word' id='word_1_178' title='bbox 1405 1671 1479 1734; x_wconf 84' lang='lat' dir='ltr'>qui</span> <span class='ocrx_word' id='word_1_179' title='bbox 1511 1688 1552 1724; x_wconf 85' lang='lat' dir='ltr'>se</span> <span class='ocrx_word' id='word_1_180' title='bbox 1589 1688 1701 1723; x_wconf 86' lang='lat' dir='ltr'>con-</span> 
     </span>
    </p>
   </div>
   <div class='ocr_carea' id='block_1_8' title="bbox 328 1737 1718 1801">
    <p class='ocr_par' dir='ltr' id='par_1_8' title="bbox 328 1737 1718 1801">
     <span class='ocr_line' id='line_1_22' title="bbox 328 1737 1718 1801; baseline 0.004 -20"><span class='ocrx_word' id='word_1_181' title='bbox 328 1748 538 1791; x_wconf 84' lang='lat' dir='ltr'>temnunt,</span> <span class='ocrx_word' id='word_1_182' title='bbox 556 1737 756 1800; x_wconf 85' lang='lat' dir='ltr'>rependit</span> <span class='ocrx_word' id='word_1_183' title='bbox 774 1739 953 1797; x_wconf 82' lang='lat' dir='ltr'>gratiam</span> <span class='ocrx_word' id='word_1_184' title='bbox 972 1740 1193 1794; x_wconf 83' lang='lat' dir='ltr'>beneficis,</span> <span class='ocrx_word' id='word_1_185' title='bbox 1211 1740 1304 1786; x_wconf 91' lang='lat' dir='ltr'>odit</span> <span class='ocrx_word' id='word_1_186' title='bbox 1319 1741 1532 1800; x_wconf 83' lang='lat' dir='ltr'>ingratos;</span> <span class='ocrx_word' id='word_1_187' title='bbox 1549 1758 1718 1801; x_wconf 28' lang='lat' dir='ltr'>ego-ne·</span> 
     </span>
    </p>
   </div>
   <div class='ocr_carea' id='block_1_9' title="bbox 323 1807 1702 2015">
    <p class='ocr_par' dir='ltr' id='par_1_9' title="bbox 323 1807 1702 2015">
     <span class='ocr_line' id='line_1_23' title="bbox 324 1807 1701 1870; baseline 0.004 -19"><span class='ocrx_word' id='word_1_188' title='bbox 324 1808 561 1870; x_wconf 77' lang='lat' dir='ltr'>expectabo</span> <span class='ocrx_word' id='word_1_189' title='bbox 591 1818 639 1851; x_wconf 86' lang='lat' dir='ltr'>ut</span> <span class='ocrx_word' id='word_1_190' title='bbox 663 1818 815 1853; x_wconf 84' lang='lat' dir='ltr'>contra</span> <span class='ocrx_word' id='word_1_191' title='bbox 839 1807 927 1854; x_wconf 83' lang='lat' dir='ltr'>fata</span> <span class='ocrx_word' id='word_1_192' title='bbox 953 1808 1191 1870; x_wconf 77' lang='lat' dir='ltr'>disputem,</span> <span class='ocrx_word' id='word_1_193' title='bbox 1214 1827 1314 1855; x_wconf 91' lang='lat' dir='ltr'>cum</span> <span class='ocrx_word' id='word_1_194' title='bbox 1338 1821 1454 1856; x_wconf 84' lang='lat' dir='ltr'>tanta</span> <span class='ocrx_word' id='word_1_195' title='bbox 1480 1828 1576 1857; x_wconf 90' lang='lat' dir='ltr'>eum</span> <span class='ocrx_word' id='word_1_196' title='bbox 1613 1828 1701 1857; x_wconf 88' lang='lat' dir='ltr'>non</span> 
     </span>
     <span class='ocr_line' id='line_1_24' title="bbox 324 1876 1702 1944; baseline 0.004 -23"><span class='ocrx_word' id='word_1_197' title='bbox 324 1877 484 1931; x_wconf 80' lang='lat' dir='ltr'>verbis,</span> <span class='ocrx_word' id='word_1_198' title='bbox 506 1877 577 1927; x_wconf 81' lang='lat' dir='ltr'>sed</span> <span class='ocrx_word' id='word_1_199' title='bbox 600 1876 724 1922; x_wconf 77' lang='lat' dir='ltr'>factis</span> <span class='ocrx_word' id='word_1_200' title='bbox 743 1877 888 1941; x_wconf 83' lang='lat' dir='ltr'>eloqui</span> <span class='ocrx_word' id='word_1_201' title='bbox 910 1878 1255 1942; x_wconf 82' lang='lat' dir='ltr'>deprehendam,</span> <span class='ocrx_word' id='word_1_202' title='bbox 1278 1891 1326 1926; x_wconf 90' lang='lat' dir='ltr'>ut</span> <span class='ocrx_word' id='word_1_203' title='bbox 1347 1898 1486 1944; x_wconf 89' lang='lat' dir='ltr'>prope</span> <span class='ocrx_word' id='word_1_204' title='bbox 1501 1882 1702 1927; x_wconf 88' lang='lat' dir='ltr'>manibus</span> 
     </span>
     <span class='ocr_line' id='line_1_25' title="bbox 323 1948 1698 2015; baseline 0.006 -25"><span class='ocrx_word' id='word_1_205' title='bbox 323 1948 414 1991; x_wconf 49' lang='lat' dir='ltr'>suis*</span> <span class='ocrx_word' id='word_1_206' title='bbox 432 1964 577 1992; x_wconf 85' lang='lat' dir='ltr'>omnes</span> <span class='ocrx_word' id='word_1_207' title='bbox 596 1948 1007 1995; x_wconf 80' lang='lat' dir='ltr'>mathematicorum</span> <span class='ocrx_word' id='word_1_208' title='bbox 1028 1950 1210 2013; x_wconf 76' lang='lat' dir='ltr'>capillos</span> <span class='ocrx_word' id='word_1_209' title='bbox 1233 1968 1364 2014; x_wconf 83' lang='lat' dir='ltr'>super</span> <span class='ocrx_word' id='word_1_210' title='bbox 1381 1953 1526 2015; x_wconf 85' lang='lat' dir='ltr'>capita</span> <span class='ocrx_word' id='word_1_211' title='bbox 1550 1969 1698 1998; x_wconf 86' lang='lat' dir='ltr'>eorum</span> 
     </span>
    </p>
   </div>
   <div class='ocr_carea' id='block_1_10' title="bbox 319 2017 1723 2084">
    <p class='ocr_par' dir='ltr' id='par_1_10' title="bbox 319 2017 1723 2084">
     <span class='ocr_line' id='line_1_26' title="bbox 319 2017 1723 2084; baseline 0.006 -23"><span class='ocrx_word' id='word_1_212' title='bbox 319 2017 514 2077; x_wconf 77' lang='lat' dir='ltr'>frangere</span> <span class='ocrx_word' id='word_1_213' title='bbox 531 2018 767 2063; x_wconf 68' lang='lat' dir='ltr'>videatur-,0</span> <span class='ocrx_word' id='word_1_214' title='bbox 791 2019 1028 2082; x_wconf 84' lang='lat' dir='ltr'>Hisitaque</span> <span class='ocrx_word' id='word_1_215' title='bbox 1044 2022 1213 2084; x_wconf 81' lang='lat' dir='ltr'>paucis,</span> <span class='ocrx_word' id='word_1_216' title='bbox 1241 2023 1274 2067; x_wconf 87' lang='lat' dir='ltr'>si</span> <span class='ocrx_word' id='word_1_217' title='bbox 1297 2022 1479 2068; x_wconf 85' lang='lat' dir='ltr'>aviditas</span> <span class='ocrx_word' id='word_1_218' title='bbox 1503 2033 1576 2068; x_wconf 88' lang='lat' dir='ltr'>tua</span> <span class='ocrx_word' id='word_1_219' title='bbox 1595 2040 1700 2068; x_wconf 83' lang='lat' dir='ltr'>eon·</span> <span class='ocrx_word' id='word_1_220' title='bbox 1720 2041 1723 2044; x_wconf 66' lang='grc'>’</span> 
     </span>
    </p>
   </div>
   <div class='ocr_carea' id='block_1_11' title="bbox 317 2089 1699 2438">
    <p class='ocr_par' dir='ltr' id='par_1_11' title="bbox 317 2089 1699 2438">
     <span class='ocr_line' id='line_1_27' title="bbox 320 2089 1699 2155; baseline 0.006 -24"><span class='ocrx_word' id='word_1_221' title='bbox 320 2098 436 2132; x_wconf 84' lang='lat' dir='ltr'>tenta</span> <span class='ocrx_word' id='word_1_222' title='bbox 460 2104 547 2132; x_wconf 89' lang='lat' dir='ltr'>non</span> <span class='ocrx_word' id='word_1_223' title='bbox 567 2099 645 2143; x_wconf 84' lang='lat' dir='ltr'>est,</span> <span class='ocrx_word' id='word_1_224' title='bbox 673 2089 892 2134; x_wconf 88' lang='lat' dir='ltr'>etlibrum</span> <span class='ocrx_word' id='word_1_225' title='bbox 917 2090 1103 2153; x_wconf 76' lang='lat' dir='ltr'>aliquem</span> <span class='ocrx_word' id='word_1_226' title='bbox 1122 2091 1175 2136; x_wconf 89' lang='lat' dir='ltr'>de</span> <span class='ocrx_word' id='word_1_227' title='bbox 1200 2092 1283 2137; x_wconf 85' lang='lat' dir='ltr'>hac</span> <span class='ocrx_word' id='word_1_228' title='bbox 1309 2110 1370 2148; x_wconf 87' lang='lat' dir='ltr'>re,</span> <span class='ocrx_word' id='word_1_229' title='bbox 1389 2109 1513 2155; x_wconf 90' lang='lat' dir='ltr'>quem</span> <span class='ocrx_word' id='word_1_230' title='bbox 1535 2093 1699 2140; x_wconf 85' lang='lat' dir='ltr'>diutius</span> 
     </span>
     <span class='ocr_line' id='line_1_28' title="bbox 322 2157 1698 2226; baseline 0.007 -25"><span class='ocrx_word' id='word_1_231' title='bbox 322 2158 452 2217; x_wconf 85' lang='lat' dir='ltr'>legat,</span> <span class='ocrx_word' id='word_1_232' title='bbox 475 2157 706 2214; x_wconf 82' lang='lat' dir='ltr'>desiderat,</span> <span class='ocrx_word' id='word_1_233' title='bbox 731 2160 944 2222; x_wconf 83' lang='lat' dir='ltr'>patienter</span> <span class='ocrx_word' id='word_1_234' title='bbox 966 2161 1046 2206; x_wconf 82' lang='lat' dir='ltr'>tibi</span> <span class='ocrx_word' id='word_1_235' title='bbox 1082 2173 1181 2206; x_wconf 84' lang='lat' dir='ltr'>sunt</span> <span class='ocrx_word' id='word_1_236' title='bbox 1200 2165 1478 2226; x_wconf 86' lang='lat' dir='ltr'>expectandae</span> <span class='ocrx_word' id='word_1_237' title='bbox 1501 2164 1698 2210; x_wconf 85' lang='lat' dir='ltr'>vacatio-</span> 
     </span>
     <span class='ocr_line' id='line_1_29' title="bbox 323 2229 1695 2293; baseline 0.007 -22"><span class='ocrx_word' id='word_1_238' title='bbox 323 2244 398 2272; x_wconf 86' lang='lat' dir='ltr'>nes</span> <span class='ocrx_word' id='word_1_239' title='bbox 414 2238 592 2279; x_wconf 77' lang='lat' dir='ltr'>nostrae,</span> <span class='ocrx_word' id='word_1_240' title='bbox 620 2239 662 2272; x_wconf 89' lang='lat' dir='ltr'>et</span> <span class='ocrx_word' id='word_1_241' title='bbox 687 2229 904 2288; x_wconf 83' lang='lat' dir='ltr'>rogandus</span> <span class='ocrx_word' id='word_1_242' title='bbox 924 2232 1055 2285; x_wconf 84' lang='lat' dir='ltr'>Deus,</span> <span class='ocrx_word' id='word_1_243' title='bbox 1075 2232 1150 2293; x_wconf 85' lang='lat' dir='ltr'>qui</span> <span class='ocrx_word' id='word_1_244' title='bbox 1171 2243 1212 2276; x_wconf 85' lang='lat' dir='ltr'>et</span> <span class='ocrx_word' id='word_1_245' title='bbox 1227 2234 1363 2278; x_wconf 82' lang='lat' dir='ltr'>otium</span> <span class='ocrx_word' id='word_1_246' title='bbox 1385 2245 1425 2279; x_wconf 91' lang='lat' dir='ltr'>et</span> <span class='ocrx_word' id='word_1_247' title='bbox 1445 2233 1695 2280; x_wconf 87' lang='lat' dir='ltr'>facultatem</span> 
     </span>
     <span class='ocr_line' id='line_1_30' title="bbox 317 2298 1697 2363; baseline 0.007 -20"><span class='ocrx_word' id='word_1_248' title='bbox 317 2298 514 2345; x_wconf 90' lang='lat' dir='ltr'>satiando</span> <span class='ocrx_word' id='word_1_249' title='bbox 528 2298 682 2349; x_wconf 78' lang='lat' dir='ltr'>dehac</span> <span class='ocrx_word' id='word_1_250' title='bbox 695 2316 740 2344; x_wconf 85' lang='lat' dir='ltr'>re</span> <span class='ocrx_word' id='word_1_251' title='bbox 755 2301 899 2346; x_wconf 82' lang='lat' dir='ltr'>animo</span> <span class='ocrx_word' id='word_1_252' title='bbox 923 2311 995 2346; x_wconf 91' lang='lat' dir='ltr'>tuo</span> <span class='ocrx_word' id='word_1_253' title='bbox 1010 2303 1198 2347; x_wconf 76' lang='lat' dir='ltr'>tribuere</span> <span class='ocrx_word' id='word_1_254' title='bbox 1213 2303 1426 2363; x_wconf 71' lang='lat' dir='ltr'>dignetur.</span> <span class='ocrx_word' id='word_1_255' title='bbox 1454 2305 1536 2350; x_wconf 86' lang='lat' dir='ltr'>Ero</span> <span class='ocrx_word' id='word_1_256' title='bbox 1555 2315 1697 2352; x_wconf 91' lang='lat' dir='ltr'>tamen</span> 
     </span>
     <span class='ocr_line' id='line_1_31' title="bbox 319 2368 1697 2438; baseline 0.007 -26"><span class='ocrx_word' id='word_1_257' title='bbox 319 2368 503 2413; x_wconf 83' lang='lat' dir='ltr'>alacrior</span> <span class='ocrx_word' id='word_1_258' title='bbox 526 2369 558 2413; x_wconf 87' lang='lat' dir='ltr'>si</span> <span class='ocrx_word' id='word_1_259' title='bbox 578 2379 619 2413; x_wconf 89' lang='lat' dir='ltr'>et</span> <span class='ocrx_word' id='word_1_260' title='bbox 639 2386 752 2433; x_wconf 82' lang='lat' dir='ltr'>saepe</span> <span class='ocrx_word' id='word_1_261' title='bbox 777 2387 1116 2417; x_wconf 85' lang='lat' dir='ltr'>commemorare</span> <span class='ocrx_word' id='word_1_262' title='bbox 1136 2390 1201 2417; x_wconf 88' lang='lat' dir='ltr'>me</span> <span class='ocrx_word' id='word_1_263' title='bbox 1225 2374 1376 2420; x_wconf 80' lang='lat' dir='ltr'>litteris</span> <span class='ocrx_word' id='word_1_264' title='bbox 1392 2385 1507 2419; x_wconf 80' lang='lat' dir='ltr'>tuam</span> <span class='ocrx_word' id='word_1_265' title='bbox 1533 2393 1618 2420; x_wconf 88' lang='lat' dir='ltr'>non</span> <span class='ocrx_word' id='word_1_266' title='bbox 1630 2377 1697 2438; x_wconf 84' lang='lat' dir='ltr'>pi-</span> 
     </span>
    </p>
   </div>
   <div class='ocr_carea' id='block_1_12' title="bbox 310 2434 1696 2556">
    <p class='ocr_par' dir='ltr' id='par_1_12' title="bbox 310 2434 1696 2556">
     <span class='ocr_line' id='line_1_32' title="bbox 316 2434 1696 2509; baseline 0.007 -27"><span class='ocrx_word' id='word_1_267' title='bbox 316 2439 454 2499; x_wconf 85' lang='lat' dir='ltr'>guerit</span> <span class='ocrx_word' id='word_1_268' title='bbox 475 2434 752 2495; x_wconf 82' lang='lat' dir='ltr'>charitatem,</span> <span class='ocrx_word' id='word_1_269' title='bbox 786 2451 827 2486; x_wconf 85' lang='lat' dir='ltr'>et</span> <span class='ocrx_word' id='word_1_270' title='bbox 851 2441 958 2504; x_wconf 89' lang='lat' dir='ltr'>quid</span> <span class='ocrx_word' id='word_1_271' title='bbox 984 2442 1037 2488; x_wconf 89' lang='lat' dir='ltr'>de</span> <span class='ocrx_word' id='word_1_272' title='bbox 1060 2442 1144 2489; x_wconf 83' lang='lat' dir='ltr'>hac</span> <span class='ocrx_word' id='word_1_273' title='bbox 1161 2444 1342 2509; x_wconf 81' lang='lat' dir='ltr'>epistola</span> <span class='ocrx_word' id='word_1_274' title='bbox 1365 2445 1519 2490; x_wconf 82' lang='lat' dir='ltr'>sentias</span> <span class='ocrx_word' id='word_1_275' title='bbox 1540 2447 1696 2492; x_wconf 85' lang='lat' dir='ltr'>rescri-</span> 
     </span>
     <span class='ocr_line' id='line_1_33' title="bbox 310 2507 696 2556; baseline 0.005 -3"><span class='ocrx_word' id='word_1_276' title='bbox 310 2507 459 2554; x_wconf 87' lang='lat' dir='ltr'>bendo</span> <span class='ocrx_word' id='word_1_277' title='bbox 483 2507 696 2556; x_wconf 84' lang='lat' dir='ltr'>docueris,</span> 
     </span>
    </p>
   </div>
   <div class='ocr_carea' id='block_1_13' title="bbox 1738 0 1769 867">
    <p class='ocr_par' dir='ltr' id='par_1_13' title="bbox 1738 0 1769 867">
     <span class='ocr_line' id='line_1_34' title="bbox 1738 0 1769 867; baseline 0 0"><span class='ocrx_word' id='word_1_278' title='bbox 1738 0 1769 867; x_wconf 95' lang='lat' dir='ltr'> </span> 
     </span>
    </p>
   </div>
  </div>
 </body>
</html>
