1769 3235
12 300 16 352 l
543 331 757 362 Episrom
792 333 935 364 cctxl.
1354 315 1447 381 395
1501 324 1503 327 ’

11 395 14 416 l
73 400 135 447 ire
156 417 206 446 ac
227 410 451 467 penetrare
477 415 566 445 non
591 398 711 448 valeo
743 399 856 445 sicut
887 400 1007 455 volo,
1034 411 1076 447 et
1106 413 1174 446 me
1212 417 1300 450 non
1329 396 1447 447 aliud

9 487 13 544 ξ
73 488 206 536 quam
231 474 376 516 minus
411 467 595 530 dignum
639 485 724 513 esse
763 473 1004 528 cognosco?
1031 492 1050 512 α
1079 472 1217 520 Porro
1258 479 1450 516 sacrator

65 542 248 603 justitiae
269 563 288 582 2>
308 541 404 604 quis
441 557 536 601 ego,
578 540 649 586 cui
691 556 759 585 me
782 552 998 586 sacratum
1039 558 1125 589 esse
1162 557 1448 609 permagnum

8 604 12 657 ἶ
67 615 155 658 est?
180 612 382 657 Jamvero
399 610 519 675 quod
539 632 558 653 «
578 611 915 656 Instauratorem
939 611 1145 674 spiritalis
1165 611 1314 672 gloriae
1331 631 1353 653 ›>
1372 627 1440 656 me

8 708 9 712 =
73 682 283 745 appellas,
305 680 360 726 da
380 681 568 737 veniam,
592 679 781 726 multum
821 681 891 726 cui
915 680 1105 744 loquaris
1124 682 1308 741 ignoras.
1350 682 1448 744 Ipse

7 751 10 809 ᾖ
71 752 239 816 quippe
269 751 419 797 adhuc
442 752 487 797 in
520 751 604 797 hac
624 750 759 811 gloria
778 751 838 796 sic
873 751 1106 807 instauror,
1129 763 1177 797 ut
1205 752 1258 802 de
1291 751 1360 796 die
1403 751 1446 796 in

5 860 7 864 Α
70 817 185 868 diem
212 839 301 867 non
327 821 469 867 solum
493 832 709 884 quantum
730 821 952 877 accedam,
978 821 1050 867 sed
1086 832 1233 869 utrum
1271 820 1448 870 omnino

5 894 7 924 ³
72 892 236 956 aliquid
275 891 499 947 accedam,
526 892 658 938 latere
694 910 761 938 me
792 892 941 940 fatear.
973 893 1295 956 «Dispensator
1320 892 1450 955 plane

73 985 93 1007 ›>
109 962 260 1008 salutis
286 974 459 1009 aeternae
480 962 516 1019 1,
538 985 556 1004 υ
577 981 676 1009 cum
692 965 858 1009 caeteris
873 964 1269 1013 innumerabilibus
1283 979 1452 1009 conser-

70 1033 134 1080 vis
153 1033 257 1079 meis
279 1051 389 1080 sum.
422 1033 552 1090 Quod
582 1034 615 1079 si
636 1033 781 1080 volens
798 1034 925 1090 facio,
950 1034 1190 1081 mercedem
1204 1033 1349 1080 habeo
1377 1051 1387 1077 z
1417 1032 1450 1078 si

0 1118 6 1140 ι·
73 1115 216 1150 autem
243 1104 423 1160 invitus,
451 1115 620 1150 tantum
642 1104 905 1167 dispensatio
930 1105 1041 1155 mihi
1062 1104 1226 1151 credita
1252 1114 1312 1151 est
1334 1122 1344 1149 :
1374 1120 1454 1148 ne-

0 1184 5 1232 g
73 1191 158 1238 que
180 1174 293 1221 enim
318 1191 404 1219 esse
428 1174 578 1220 salutis
601 1175 716 1221 illius
740 1175 1081 1238 dispensatorem
1100 1192 1179 1238 per
1196 1173 1381 1220 verbum
1404 1189 1453 1218 ac

0 1243 4 1276 ;
73 1255 412 1299 sacramentum,
428 1248 516 1304 jam
531 1245 617 1290 hoc
640 1256 702 1291 est
726 1245 854 1295 ctiam
881 1262 967 1290 esse
981 1246 1261 1309 participem.
1288 1244 1396 1289 Nam
1419 1243 1453 1288 si

0 1277 4 1352 l
72 1332 150 1381 per
172 1315 312 1360 bonos
331 1332 417 1360 non
441 1314 783 1378 dispensaretur,
807 1332 896 1360 non
924 1326 1039 1361 recte
1065 1314 1301 1378 Apostolus
1328 1312 1454 1358 dice-

73 1396 137 1431 ret
158 1403 168 1430 :
191 1407 209 1425 c<
227 1385 470 1436 Imitatores
491 1387 574 1436 mei
593 1397 725 1432 estote
754 1386 866 1433 sicut
882 1396 922 1431 et
942 1403 1019 1446 ego
1040 1384 1206 1433 Christi
1231 1385 1263 1430 ⁶2.
1292 1406 1311 1425 >2
1338 1385 1453 1429 Rur-

75 1473 142 1500 sus
161 1455 194 1500 si
228 1473 305 1518 per
329 1455 463 1501 malos
498 1473 586 1501 non
608 1456 950 1519 dispensaretur,
993 1473 1083 1507 non
1108 1455 1160 1501 de
1186 1454 1452 1518 quibusdam

76 1525 290 1571 Dominus
313 1525 476 1571 diceret
502 1546 512 1570 ε
537 1549 554 1567 α
575 1530 687 1584 Quae
711 1527 883 1583 dicunt,
912 1524 1043 1572 facite
1064 1544 1075 1572 :
1098 1543 1198 1590 quae
1218 1536 1361 1576 autem
1385 1524 1454 1570 fa—

77 1618 98 1637 »
125 1596 265 1651 ciunt,
299 1595 439 1641 facere
463 1597 623 1642 nolite:
648 1596 803 1643 dicunt
839 1597 974 1651 enim,
996 1607 1037 1642 et
1063 1614 1152 1642 non
1192 1594 1362 1641 faciunt
1381 1594 1413 1641 3,
1436 1616 1457 1635 »

78 1665 210 1713 Multi
232 1683 330 1726 ergo
349 1667 666 1730 dispensatores
698 1680 799 1714 sunt
820 1706 829 1721 ‚
856 1686 934 1731 per
991 1684 1146 1713 uorum
1176 1666 1462 1712 ministerium

78 1738 329 1799 pervenitur
343 1737 396 1783 ad
417 1749 620 1784 {eternam
642 1738 823 1784 salutem
840 1738 873 1782 4.
900 1685 986 1784 Sed
1004 1739 1218 1802 quaeritur
1237 1738 1350 1782 inter
1374 1735 1461 1782 dis-

78 1818 325 1873 pensatores
345 1819 393 1853 ut
412 1808 550 1855 fidelis
565 1810 662 1873 quis
676 1810 923 1860 inveniatur
940 1830 950 1863 3
971 1803 1272 1872 et'interipsos
1290 1806 1454 1863 fideles,

79 1880 124 1926 in
144 1897 335 1943 quorum
360 1897 428 1924 me
462 1897 644 1926 numero
666 1880 738 1926 ille
763 1881 840 1944 qui
877 1898 965 1926 non
998 1880 1164 1926 fallitur
1212 1888 1455 1941 computet,

82 1950 190 1995 alius
201 1961 263 1996 est
276 1950 353 2006 sic,
383 1950 492 1996 alius
523 1961 666 1996 autem
686 1951 746 1996 sic
762 1951 779 1979 5
799 1971 809 2004 ς
837 1950 949 1996 sicut
969 1950 1206 2013 unicuique
1231 1950 1346 1994 Deus
1365 1965 1462 2011 par-

82 2022 187 2066 titus
210 2033 272 2066 est
293 2039 537 2067 mensuram
562 2022 705 2069 fideiss.

151 2093 227 2137 1111
258 2093 428 2155 Itaque,
463 2092 595 2137 frater
615 2093 847 2138 charisime
868 2103 998 2156 atque
1019 2092 1284 2147 dulcissime,
1310 2100 1463 2153 pascat

85 2174 126 2208 te
148 2163 359 2208 Dominus
371 2164 517 2226 potius
535 2164 758 2226 sapientiae
779 2165 980 2216 floribus,
1003 2174 1045 2208 et
1065 2163 1151 2208 vivi
1177 2162 1309 2207 fontis
1332 2161 1463 2206 haus-

87 2234 203 2278 tibus
224 2234 384 2293 irriget.
408 2234 453 2279 Si
478 2234 586 2297 quid
607 2246 748 2280 autem
774 2253 851 2298 per
870 2234 1095 2298 operulam
1121 2250 1259 2279 meam
1288 2232 1460 2291 religio-

87 2304 251 2349 sissimo
271 2304 416 2349 studio
435 2315 508 2350 tuo
527 2306 714 2351 conferri
738 2323 862 2368 posse
885 2305 1125 2360 arbitraris,
1147 2305 1250 2367 quia
1268 2314 1310 2348 et
1329 2320 1466 2366 capa—

87 2391 180 2419 cem
209 2384 247 2419 te
265 2391 351 2419 esse
374 2375 585 2435 intelligo,
609 2386 650 2421 et
674 2376 851 2421 avidum
880 2376 1034 2426 sentio,
1058 2376 1190 2435 magis
1207 2375 1251 2420 in
1276 2374 1356 2419 alia
1370 2390 1470 2418 nos-

89 2456 155 2490 tra
174 2445 403 2508 opuscula,
421 2462 520 2508 quae
538 2446 684 2492 multis
699 2446 998 2493 voluminibus
1014 2444 1469 2509 comprehenduntur,

92 2516 170 2561 tibi
197 2516 365 2561 animus
387 2516 675 2563 intendendus
700 2528 778 2574 est,
805 2534 935 2580 quam
956 2534 1034 2580 per
1057 2515 1275 2580 Epistol-as
1304 2515 1469 2580 aliquid

141 2615 150 2636 ¹
176 2626 188 2645 1
212 2616 286 2646 Cor.
304 2626 334 2658 v,
359 2627 413 2656 19.
433 2634 479 2639 —
497 2615 511 2637 2
536 2617 586 2649 Id.
606 2629 653 2655 ιν,
674 2619 725 2650 16.
742 2637 786 2642 —
806 2616 819 2641 ³
837 2617 954 2651 Manli.
976 2629 1076 2660 xnu,
1100 2619 1130 2649 3.
1146 2635 1192 2642 —
1212 2614 1226 2638 ⁴
1245 2628 1257 2647 1
1282 2618 1355 2649 Cor.
1374 2627 1417 2654 tv,
1435 2626 1468 2649 2.

92 2687 136 2694 —
152 2668 165 2692 ⁵
181 2669 231 2703 1d.
253 2681 314 2714 vn,
337 2682 369 2712 7.
385 2689 429 2695 -
443 2668 458 2693 ⁶
472 2674 565 2705 Rom.
579 2675 697 2714 x11‚3.
