1769 3235
328 275 419 330 438
719 281 753 312 s.
797 278 1042 311 Auousrrm
1077 280 1280 310 EPISCOPI

327 369 426 398 rum
447 360 598 397 contra
630 363 791 394 errores
832 363 1007 406 magnos
1045 344 1314 391 defendenda
1350 354 1412 390 est
1444 343 1694 390 Christiana

327 422 540 468 doctrina.
567 418 682 465 lllud
704 418 831 463 etiam
862 417 981 480 quod
1002 417 1046 462 iu
1073 416 1396 479 comparatione
1421 423 1695 475 argumento-

326 510 425 539 rum
468 490 688 536 Ciceronis
708 526 718 545 ,
764 488 926 552 quibus
955 488 999 533 in
1035 487 1159 533 libris
1183 487 1270 532 suis
1303 484 1575 531 Academicis
1597 501 1698 530 usus

325 573 387 608 est
403 599 415 620 ‚
433 577 529 606 mea
558 576 709 621 nugas
734 575 819 604 esse
844 558 956 615 dixi,
981 558 1142 621 quibus
1173 567 1427 616 argumenta
1452 555 1526 601 illa
1546 555 1698 601 certis-

322 632 428 678 sima
460 630 626 676 ratione
658 627 870 684 refutavi,
902 628 1101 691 quamvis
1128 627 1320 689 jocando
1347 627 1515 672 dictum
1541 626 1627 680 sit,
1657 634 1699 670 et

324 703 460 762 magis
494 700 634 746 ironia
675 698 909 754 videatur,
952 715 1041 744 non
1083 697 1238 743 debuit
1271 707 1416 744 tamen
1454 696 1557 743 dici.
1603 696 1701 742 Hoc

326 773 454 835 Opus
475 771 535 817 sic
558 769 716 834 incipit
740 787 752 816 ι
787 772 829 815 0
854 772 1039 814 atinam
1056 804 1069 825 ,
1104 769 1427 825 Romcmc'cme,
1457 767 1702 813 hominem
1752 790 1756 834 3

325 842 416 888 sibi
434 852 612 906 aptum.

882 1096 1061 1166 CAPUT
1094 1123 1147 1164 11.

689 1253 749 1294 De
784 1252 907 1293 beata
943 1250 1051 1291 Vita
1084 1249 1190 1292 liber
1224 1265 1351 1294 unus.

1725 0 1741 106 ι..

1729 100 1744 235 l

400 1399 585 1443 LtssRUM
624 1395 681 1440 (le
708 1396 848 1440 beata
879 1395 995 1440 Vim
1014 1431 1026 1449 ,
1056 1410 1144 1439 non
1163 1403 1262 1457 post
1285 1392 1423 1439 libros
1455 1392 1510 1439 de
1541 1393 1714 1440 Acade-
1768 1383 1769 1393 ἵ

334 1467 477 1522 micis,
501 1465 574 1512 sed
603 1466 714 1511 inter
737 1464 834 1510 illos
857 1475 906 1509 ut
929 1464 1182 1520 scriberem,
1198 1463 1393 1523 contigit.
1415 1464 1714 1512 Exbccasione

337 1539 505 1603 quippe
528 1547 648 1583 ortus
667 1547 728 1582 est
749 1535 834 1582 diei
862 1535 1016 1581 natalis
1052 1536 1133 1581 mei
1150 1572 1161 1591 ,
1189 1546 1229 1581 et
1255 1535 1391 1581 tridui
1420 1535 1717 1598 disputatione

337 1609 580 1672 completus
598 1645 609 1664 ‚
637 1607 750 1653 sicut
774 1607 874 1652 satis
892 1607 984 1670 ipse
1006 1606 1187 1653 iudicat.
1218 1608 1269 1652 In
1303 1623 1391 1670 quo
1411 1607 1528 1653 libro
1551 1607 1716 1653 consti-

336 1681 393 1727 tit
420 1680 532 1725 inter
557 1695 659 1733 nos,
684 1678 759 1741 qui
786 1677 913 1723 simul
944 1678 1248 1741 quaerebamus
1267 1714 1278 1734 ,
1312 1694 1402 1723 non
1436 1694 1521 1724 esse
1545 1678 1717 1724 beatam

341 1752 473 1797 vitam
490 1787 501 1806 ‚
530 1750 611 1795 nisi
637 1748 872 1812 perfectam
902 1748 1196 1808 cognitionem
1218 1749 1312 1795 Dei.
1340 1748 1555 1812 Displicet
1575 1760 1718 1795 autem

340 1822 463 1878 illic,
491 1819 610 1884 quod
641 1819 801 1865 Manlio
832 1816 1091 1875 Theodoro,
1131 1818 1185 1865 ad
1219 1836 1348 1883 quem
1377 1819 1541 1865 librum
1573 1820 1720 1884 ipsum

341 1891 520 1954 scripsi.
559 1889 760 1954 quamvis
792 1888 923 1935 docto
957 1900 998 1935 et
1033 1889 1271 1935 christiano
1301 1889 1421 1943 viro,
1463 1889 1560 1953 plus
1586 1890 1720 1937 tribui

344 1979 477 2025 quam
502 1959 719 2006 deberem.
755 1961 812 2005 :Et
837 1959 957 2023 quod
963 1963 1222 2019 fortunam
1242 1961 1368 2006 etiam
1393 1960 1483 2006 illic
1502 1978 1617 2024 saepe
1637 1978 1720 2007 no-

342 2031 523 2079 minavi.
556 2032 609 2076 Et
641 2030 760 2094 quod
785 2041 981 2093 tempore
1009 2030 1110 2077 vitae
1132 2031 1267 2091 hujus
1291 2031 1337 2076 in
1360 2030 1452 2076 solo
1479 2031 1624 2078 animo
1651 2049 1722 2078 sa-

341 2102 500 2166 pientis
538 2101 625 2147 dixi
664 2100 864 2146 habitare
904 2101 1039 2146 vitam
1072 2101 1276 2158 beatam,
1319 2101 1653 2165 quomodolibet
1681 2119 1724 2147 se

344 2174 510 2219 'habeat
544 2189 706 2235 corpus
732 2175 853 2232 er53
888 2188 988 2217 cum
1024 2172 1264 2235 perfectam
1294 2172 1584 2232 cognitionem
1612 2173 1720 2229 Dei,

347 2245 435 2290 hoc
456 2254 553 2300 est,
577 2257 663 2307 qua
696 2243 865 2289 homini
900 2247 1041 2304 major
1064 2261 1150 2290 esse
1184 2261 1273 2290 non
1305 2243 1470 2307 possit,
1505 2244 1550 2289 ir'1
1576 2242 1724 2290 futura

347 2316 435 2361 vita
453 2323 595 2379 speret
626 2314 860 2377 Apostolus
876 2352 887 2371 ,
930 2331 1030 2378 quae
1054 2314 1142 2361 sola
1161 2315 1290 2360 beata
1321 2315 1407 2360 vita
1427 2309 1611 2360 dicenda
1634 2325 1695 2361 est
1710 2352 1721 2370 ‚

342 2386 664 2448 ubitetcor'pus
678 2385 1022 2449 'incorruptibile
1044 2396 1172 2449 atque
1192 2384 1436 2431 immortale
1461 2385 1634 2448 spiritui
1649 2396 1725 2432 suo

348 2457 438 2502 sine
468 2456 556 2502 u'lla
583 2456 776 2502 molestia
803 2456 869 2502 vel
897 2456 1179 2503 reluctatione
1202 2455 1428 2502 subdetur.
1461 2455 1571 2501 Sane
1594 2457 1724 2502 is‘tu‘m

342 2528 512 2583 ‘li’brum
533 2537 680 2573 nostro
698 2527 746 2574 in
769 2527 921 2574 codice
947 2528 1243 2591 interruptum
1267 2526 1430 2590 reperi,
1464 2537 1506 2571 et
1526 2543 1616 2573 non
1640 2544 1727 2591 pa-

350 2615 445 2644 rum
472 2598 616 2644 minus
646 2598 814 2644 *habere
835 2634 845 2653 ‚
877 2608 918 2644 et
949 2598 1009 2644 sic
1034 2599 1057 2644 a
1079 2597 1291 2645 fratribus
1320 2597 1587 2660 quibusdam
1623 2597 1727 2644 des-
