<?xml version="1.0" encoding="UTF-8"?>
<!DOCTYPE html PUBLIC "-//W3C//DTD XHTML 1.0 Transitional//EN"
    "http://www.w3.org/TR/xhtml1/DTD/xhtml1-transitional.dtd">
<html xmlns="http://www.w3.org/1999/xhtml" xml:lang="en" lang="en">
 <head>
  <title>
</title>
<meta http-equiv="Content-Type" content="text/html;charset=utf-8" />
  <meta name='ocr-system' content='tesseract 3.04.00' />
  <meta name='ocr-capabilities' content='ocr_page ocr_carea ocr_par ocr_line ocrx_word'/>
</head>
<body>
  <div class='ocr_page' id='page_1' title='image "./operaomniaaccura41auguuoft/operaomniaaccura41auguuoft_0242.png"; bbox 0 0 1769 3235; ppageno 0'>
   <div class='ocr_carea' id='block_1_1' title="bbox 1716 308 1769 3235">
    <p class='ocr_par' dir='ltr' id='par_1_1' title="bbox 1716 308 1769 3235">
     <span class='ocr_line' id='line_1_1' title="bbox 1723 308 1769 588; baseline 0.087 -6"><span class='ocrx_word' id='word_1_1' title='bbox 1723 308 1769 588; x_wconf 95' lang='lat' dir='ltr'>    </span> 
     </span>
     <span class='ocr_line' id='line_1_2' title="bbox 1726 588 1762 933; baseline 0.5 -145"><span class='ocrx_word' id='word_1_2' title='bbox 1726 588 1762 933; x_wconf 95' lang='lat' dir='ltr'>    </span> 
     </span>
     <span class='ocr_line' id='line_1_3' title="bbox 1729 1083 1763 1323; baseline 0 -38"><span class='ocrx_word' id='word_1_3' title='bbox 1729 1083 1763 1323; x_wconf 95' lang='lat' dir='ltr'>    </span> 
     </span>
     <span class='ocr_line' id='line_1_4' title="bbox 1730 1323 1764 1434; baseline 0 -1"><span class='ocrx_word' id='word_1_4' title='bbox 1730 1323 1737 1353; x_wconf 95' lang='lat' dir='ltr'> </span> <span class='ocrx_word' id='word_1_5' title='bbox 1745 1323 1764 1434; x_wconf 95' lang='lat' dir='ltr'>   </span> 
     </span>
     <span class='ocr_line' id='line_1_5' title="bbox 1730 1562 1765 1719; baseline 0 -10"><span class='ocrx_word' id='word_1_6' title='bbox 1730 1562 1765 1719; x_wconf 95' lang='lat' dir='ltr'>      </span> 
     </span>
     <span class='ocr_line' id='line_1_6' title="bbox 1731 1719 1765 1786; baseline 0 0"><span class='ocrx_word' id='word_1_7' title='bbox 1731 1719 1765 1786; x_wconf 95' lang='lat' dir='ltr'>  </span> 
     </span>
     <span class='ocr_line' id='line_1_7' title="bbox 1735 1786 1763 1989; baseline 0 -135"><span class='ocrx_word' id='word_1_8' title='bbox 1735 1786 1763 1989; x_wconf 95' lang='lat' dir='ltr'>    </span> 
     </span>
     <span class='ocr_line' id='line_1_8' title="bbox 1735 1989 1769 2197; baseline 0 0"><span class='ocrx_word' id='word_1_9' title='bbox 1735 1989 1769 2197; x_wconf 95' lang='lat' dir='ltr'>   </span> 
     </span>
     <span class='ocr_line' id='line_1_9' title="bbox 1716 2197 1769 2339; baseline 0 -70"><span class='ocrx_word' id='word_1_10' title='bbox 1716 2197 1769 2339; x_wconf 95' lang='lat' dir='ltr'>    </span> 
     </span>
     <span class='ocr_line' id='line_1_10' title="bbox 1744 2339 1769 2475; baseline 0 0"><span class='ocrx_word' id='word_1_11' title='bbox 1744 2339 1769 2475; x_wconf 95' lang='lat' dir='ltr'>   </span> 
     </span>
     <span class='ocr_line' id='line_1_11' title="bbox 1720 2475 1769 3235; baseline 0 0"><span class='ocrx_word' id='word_1_12' title='bbox 1720 2475 1769 3235; x_wconf 95' lang='lat' dir='ltr'>   </span> 
     </span>
    </p>
   </div>
   <div class='ocr_carea' id='block_1_2' title="bbox 335 263 1315 317">
    <p class='ocr_par' dir='ltr' id='par_1_2' title="bbox 335 263 1315 317">
     <span class='ocr_line' id='line_1_12' title="bbox 335 263 1315 317; baseline -0.012 -1"><span class='ocrx_word' id='word_1_13' title='bbox 335 263 427 317; x_wconf 77' lang='lat'>228</span> <span class='ocrx_word' id='word_1_14' title='bbox 752 274 786 308; x_wconf 80' lang='lat' dir='ltr'>S.</span> <span class='ocrx_word' id='word_1_15' title='bbox 832 274 1080 309; x_wconf 69' lang='lat' dir='ltr'>mausum</span> <span class='ocrx_word' id='word_1_16' title='bbox 1110 275 1315 306; x_wconf 84' lang='lat' dir='ltr'><strong>EPISCOPI</strong></span> 
     </span>
    </p>
   </div>
   <div class='ocr_carea' id='block_1_3' title="bbox 331 341 1766 1041">
    <p class='ocr_par' dir='ltr' id='par_1_3' title="bbox 331 341 1766 616">
     <span class='ocr_line' id='line_1_13' title="bbox 332 341 1705 408; baseline -0.005 -12"><span class='ocrx_word' id='word_1_17' title='bbox 332 348 733 400; x_wconf 78' lang='lat' dir='ltr'>manducaverunt,</span> <span class='ocrx_word' id='word_1_18' title='bbox 761 343 939 408; x_wconf 88' lang='lat' dir='ltr'>quando</span> <span class='ocrx_word' id='word_1_19' title='bbox 963 354 1004 389; x_wconf 84' lang='lat' dir='ltr'>et</span> <span class='ocrx_word' id='word_1_20' title='bbox 1027 343 1277 402; x_wconf 84' lang='lat' dir='ltr'>sanguinem</span> <span class='ocrx_word' id='word_1_21' title='bbox 1302 341 1510 387; x_wconf 85' lang='lat' dir='ltr'>biberunt</span> <span class='ocrx_word' id='word_1_22' title='bbox 1533 341 1600 388; x_wconf 86' lang='lat' dir='ltr'>vel</span> <span class='ocrx_word' id='word_1_23' title='bbox 1618 357 1705 390; x_wconf 82' lang='lat' dir='ltr'>non</span> 
     </span>
     <span class='ocr_line' id='line_1_14' title="bbox 334 414 1741 475; baseline -0.006 -9"><span class='ocrx_word' id='word_1_24' title='bbox 334 421 545 467; x_wconf 88' lang='lat' dir='ltr'>biberunt</span> <span class='ocrx_word' id='word_1_25' title='bbox 563 455 573 470; x_wconf 80' lang='grc'>,</span> <span class='ocrx_word' id='word_1_26' title='bbox 601 414 840 462; x_wconf 87' lang='lat' dir='ltr'>secundum</span> <span class='ocrx_word' id='word_1_27' title='bbox 873 414 971 460; x_wconf 87' lang='lat' dir='ltr'>haec</span> <span class='ocrx_word' id='word_1_28' title='bbox 1002 430 1100 473; x_wconf 84' lang='lat' dir='ltr'>ergo</span> <span class='ocrx_word' id='word_1_29' title='bbox 1116 450 1126 468; x_wconf 87' lang='lat'>‚</span> <span class='ocrx_word' id='word_1_30' title='bbox 1161 427 1260 475; x_wconf 78' lang='lat' dir='ltr'>quae</span> <span class='ocrx_word' id='word_1_31' title='bbox 1285 428 1362 474; x_wconf 90' lang='lat' dir='ltr'>per</span> <span class='ocrx_word' id='word_1_32' title='bbox 1385 428 1544 475; x_wconf 87' lang='lat' dir='ltr'>corpus</span> <span class='ocrx_word' id='word_1_33' title='bbox 1566 429 1704 472; x_wconf 82' lang='lat' dir='ltr'>gesse·</span> <span class='ocrx_word' id='word_1_34' title='bbox 1739 426 1741 429; x_wconf 85' lang='grc'><strong>’</strong></span> 
     </span>
     <span class='ocr_line' id='line_1_15' title="bbox 331 481 1766 547; baseline -0.005 -11"><span class='ocrx_word' id='word_1_35' title='bbox 331 500 462 544; x_wconf 87' lang='lat' dir='ltr'>runt,</span> <span class='ocrx_word' id='word_1_36' title='bbox 489 505 578 534; x_wconf 90' lang='lat' dir='ltr'>non</span> <span class='ocrx_word' id='word_1_37' title='bbox 600 484 838 532; x_wconf 87' lang='lat' dir='ltr'>secundum</span> <span class='ocrx_word' id='word_1_38' title='bbox 872 501 920 530; x_wconf 84' lang='lat' dir='ltr'>ea</span> <span class='ocrx_word' id='word_1_39' title='bbox 944 500 1043 547; x_wconf 83' lang='lat' dir='ltr'>quae</span> <span class='ocrx_word' id='word_1_40' title='bbox 1068 483 1102 528; x_wconf 89' lang='lat' dir='ltr'>si</span> <span class='ocrx_word' id='word_1_41' title='bbox 1127 483 1202 528; x_wconf 88' lang='lat' dir='ltr'>diu</span> <span class='ocrx_word' id='word_1_42' title='bbox 1230 482 1306 527; x_wconf 82' lang='lat' dir='ltr'>hic</span> <span class='ocrx_word' id='word_1_43' title='bbox 1328 481 1522 527; x_wconf 81' lang='lat' dir='ltr'>viverent</span> <span class='ocrx_word' id='word_1_44' title='bbox 1550 483 1709 542; x_wconf 85' lang='lat' dir='ltr'>gesturi</span> <span class='ocrx_word' id='word_1_45' title='bbox 1736 504 1738 511; x_wconf 68' lang='lat'><em>,</em></span> <span class='ocrx_word' id='word_1_46' title='bbox 1762 490 1766 496; x_wconf 83' lang='lat'>&#39;</span> 
     </span>
     <span class='ocr_line' id='line_1_16' title="bbox 333 543 1744 616; baseline -0.01 -8"><span class='ocrx_word' id='word_1_47' title='bbox 333 561 506 608; x_wconf 83' lang='lat' dir='ltr'>fuerant</span> <span class='ocrx_word' id='word_1_48' title='bbox 524 594 535 613; x_wconf 87' lang='lat'>‚</span> <span class='ocrx_word' id='word_1_49' title='bbox 555 555 827 616; x_wconf 85' lang='lat' dir='ltr'>judicantur.</span> <span class='ocrx_word' id='word_1_50' title='bbox 1741 543 1744 546; x_wconf 51' lang='grc'>’</span> 
     </span>
    </p>

    <p class='ocr_par' dir='ltr' id='par_1_4' title="bbox 331 623 1747 837">
     <span class='ocr_line' id='line_1_17' title="bbox 397 623 1739 693; baseline -0.004 -19"><span class='ocrx_word' id='word_1_51' title='bbox 397 639 443 693; x_wconf 80' lang='lat'>9⁰</span> <span class='ocrx_word' id='word_1_52' title='bbox 470 629 639 673; x_wconf 83' lang='lat' dir='ltr'>Scimus</span> <span class='ocrx_word' id='word_1_53' title='bbox 655 626 798 672; x_wconf 86' lang='lat' dir='ltr'>felices</span> <span class='ocrx_word' id='word_1_54' title='bbox 818 643 888 671; x_wconf 90' lang='lat' dir='ltr'>eos</span> <span class='ocrx_word' id='word_1_55' title='bbox 904 636 1124 679; x_wconf 76' lang='lat' dir='ltr'>mortuos,</span> <span class='ocrx_word' id='word_1_56' title='bbox 1144 623 1281 686; x_wconf 91' lang='lat' dir='ltr'>quiin</span> <span class='ocrx_word' id='word_1_57' title='bbox 1304 623 1495 668; x_wconf 92' lang='lat' dir='ltr'>Domino</span> <span class='ocrx_word' id='word_1_58' title='bbox 1517 623 1712 670; x_wconf 90' lang='lat' dir='ltr'>moriun-</span> <span class='ocrx_word' id='word_1_59' title='bbox 1737 654 1739 664; x_wconf 72' lang='lat'>‹</span> 
     </span>
     <span class='ocr_line' id='line_1_18' title="bbox 331 692 1747 760; baseline -0.004 -13"><span class='ocrx_word' id='word_1_60' title='bbox 331 713 422 757; x_wconf 87' lang='lat' dir='ltr'>tur,</span> <span class='ocrx_word' id='word_1_61' title='bbox 448 716 528 745; x_wconf 88' lang='lat' dir='ltr'>nec</span> <span class='ocrx_word' id='word_1_62' title='bbox 551 697 606 744; x_wconf 87' lang='lat' dir='ltr'>ad</span> <span class='ocrx_word' id='word_1_63' title='bbox 624 715 693 743; x_wconf 88' lang='lat' dir='ltr'>eos</span> <span class='ocrx_word' id='word_1_64' title='bbox 709 697 924 760; x_wconf 87' lang='lat' dir='ltr'>pertinere</span> <span class='ocrx_word' id='word_1_65' title='bbox 940 693 1160 759; x_wconf 88' lang='lat' dir='ltr'>quidquid</span> <span class='ocrx_word' id='word_1_66' title='bbox 1179 692 1319 738; x_wconf 84' lang='lat' dir='ltr'>acturi</span> <span class='ocrx_word' id='word_1_67' title='bbox 1335 692 1525 750; x_wconf 78' lang='lat' dir='ltr'>fuerant,</span> <span class='ocrx_word' id='word_1_68' title='bbox 1547 693 1582 739; x_wconf 87' lang='lat' dir='ltr'>si</span> <span class='ocrx_word' id='word_1_69' title='bbox 1607 703 1712 740; x_wconf 91' lang='lat' dir='ltr'>tem·</span> <span class='ocrx_word' id='word_1_70' title='bbox 1745 736 1747 742; x_wconf 94' lang='lat'><em>.</em></span> 
     </span>
     <span class='ocr_line' id='line_1_19' title="bbox 334 767 968 837; baseline -0.009 -19"><span class='ocrx_word' id='word_1_71' title='bbox 334 788 441 837; x_wconf 84' lang='lat' dir='ltr'>pore</span> <span class='ocrx_word' id='word_1_72' title='bbox 460 769 735 816; x_wconf 85' lang='lat' dir='ltr'>diuturniore</span> <span class='ocrx_word' id='word_1_73' title='bbox 757 767 968 813; x_wconf 72' lang='lat' dir='ltr'>vixissent.</span> 
     </span>
    </p>

    <p class='ocr_par' dir='ltr' id='par_1_5' title="bbox 333 833 1715 966">
     <span class='ocr_line' id='line_1_20' title="bbox 405 833 1715 900; baseline -0.008 -11"><span class='ocrx_word' id='word_1_74' title='bbox 405 848 476 889; x_wconf 84' lang='lat'>10⁰</span> <span class='ocrx_word' id='word_1_75' title='bbox 505 841 674 887; x_wconf 84' lang='lat' dir='ltr'>Scimus</span> <span class='ocrx_word' id='word_1_76' title='bbox 704 855 803 894; x_wconf 83' lang='lat' dir='ltr'>eos,</span> <span class='ocrx_word' id='word_1_77' title='bbox 835 837 912 900; x_wconf 88' lang='lat' dir='ltr'>qui</span> <span class='ocrx_word' id='word_1_78' title='bbox 951 836 1082 882; x_wconf 83' lang='lat' dir='ltr'>corde</span> <span class='ocrx_word' id='word_1_79' title='bbox 1119 835 1300 898; x_wconf 86' lang='lat' dir='ltr'>proprio</span> <span class='ocrx_word' id='word_1_80' title='bbox 1331 833 1520 880; x_wconf 88' lang='lat' dir='ltr'>credunt</span> <span class='ocrx_word' id='word_1_81' title='bbox 1550 834 1595 880; x_wconf 92' lang='lat' dir='ltr'>in</span> <span class='ocrx_word' id='word_1_82' title='bbox 1619 835 1715 880; x_wconf 90' lang='lat' dir='ltr'>Do-</span> 
     </span>
     <span class='ocr_line' id='line_1_21' title="bbox 333 905 1572 966; baseline -0.006 -6"><span class='ocrx_word' id='word_1_83' title='bbox 333 915 501 961; x_wconf 89' lang='lat' dir='ltr'>minum</span> <span class='ocrx_word' id='word_1_84' title='bbox 522 949 532 966; x_wconf 89' lang='lat'>‚</span> <span class='ocrx_word' id='word_1_85' title='bbox 561 927 637 956; x_wconf 87' lang='lat' dir='ltr'>sua</span> <span class='ocrx_word' id='word_1_86' title='bbox 663 909 708 954; x_wconf 91' lang='lat' dir='ltr'>id</span> <span class='ocrx_word' id='word_1_87' title='bbox 732 908 872 953; x_wconf 81' lang='lat' dir='ltr'>facere</span> <span class='ocrx_word' id='word_1_88' title='bbox 895 907 1120 953; x_wconf 75' lang='lat' dir='ltr'>voluntate</span> <span class='ocrx_word' id='word_1_89' title='bbox 1145 924 1192 952; x_wconf 89' lang='lat' dir='ltr'>ac</span> <span class='ocrx_word' id='word_1_90' title='bbox 1214 906 1351 951; x_wconf 86' lang='lat' dir='ltr'>libero</span> <span class='ocrx_word' id='word_1_91' title='bbox 1378 905 1572 952; x_wconf 82' lang='lat' dir='ltr'>arbitrio.</span> 
     </span>
    </p>

    <p class='ocr_par' dir='ltr' id='par_1_6' title="bbox 402 974 1741 1041">
     <span class='ocr_line' id='line_1_22' title="bbox 402 974 1741 1041; baseline -0.006 -12"><span class='ocrx_word' id='word_1_92' title='bbox 402 1001 416 1030; x_wconf 92' lang='lat'>1</span> <span class='ocrx_word' id='word_1_93' title='bbox 434 991 473 1029; x_wconf 74' lang='grc' dir='ltr'>ιο</span> <span class='ocrx_word' id='word_1_94' title='bbox 509 981 681 1027; x_wconf 85' lang='lat' dir='ltr'>Scimus</span> <span class='ocrx_word' id='word_1_95' title='bbox 704 995 787 1041; x_wconf 88' lang='lat' dir='ltr'>pro</span> <span class='ocrx_word' id='word_1_96' title='bbox 809 978 866 1023; x_wconf 89' lang='lat' dir='ltr'>eis</span> <span class='ocrx_word' id='word_1_97' title='bbox 883 1015 893 1029; x_wconf 85' lang='lat'><strong>‚</strong></span> <span class='ocrx_word' id='word_1_98' title='bbox 917 977 994 1040; x_wconf 91' lang='lat' dir='ltr'>qui</span> <span class='ocrx_word' id='word_1_99' title='bbox 1014 976 1172 1022; x_wconf 85' lang='lat' dir='ltr'>nolunt</span> <span class='ocrx_word' id='word_1_100' title='bbox 1192 975 1386 1028; x_wconf 87' lang='lat' dir='ltr'>credere,</span> <span class='ocrx_word' id='word_1_101' title='bbox 1415 992 1494 1020; x_wconf 91' lang='lat' dir='ltr'>nos</span> <span class='ocrx_word' id='word_1_102' title='bbox 1527 974 1710 1038; x_wconf 85' lang='lat' dir='ltr'>quijam</span> <span class='ocrx_word' id='word_1_103' title='bbox 1740 1003 1741 1006; x_wconf 62' lang='lat'><em>=</em></span> 
     </span>
    </p>
   </div>
   <div class='ocr_carea' id='block_1_4' title="bbox 334 1116 1769 2657">
    <p class='ocr_par' dir='ltr' id='par_1_7' title="bbox 334 1116 1739 1326">
     <span class='ocr_line' id='line_1_23' title="bbox 407 1116 1739 1183; baseline -0.006 -13"><span class='ocrx_word' id='word_1_104' title='bbox 407 1131 478 1171; x_wconf 81' lang='lat'>12⁰</span> <span class='ocrx_word' id='word_1_105' title='bbox 504 1122 675 1168; x_wconf 85' lang='lat' dir='ltr'>Scimus</span> <span class='ocrx_word' id='word_1_106' title='bbox 698 1136 779 1183; x_wconf 89' lang='lat' dir='ltr'>pro</span> <span class='ocrx_word' id='word_1_107' title='bbox 800 1119 858 1164; x_wconf 87' lang='lat' dir='ltr'>eis</span> <span class='ocrx_word' id='word_1_108' title='bbox 876 1156 887 1174; x_wconf 87' lang='lat'>‚</span> <span class='ocrx_word' id='word_1_109' title='bbox 911 1119 987 1182; x_wconf 87' lang='lat' dir='ltr'>qui</span> <span class='ocrx_word' id='word_1_110' title='bbox 1003 1136 1048 1164; x_wconf 87' lang='lat' dir='ltr'>ex</span> <span class='ocrx_word' id='word_1_111' title='bbox 1066 1117 1150 1163; x_wconf 90' lang='lat' dir='ltr'>illis</span> <span class='ocrx_word' id='word_1_112' title='bbox 1171 1116 1450 1162; x_wconf 86' lang='lat' dir='ltr'>crediderunt</span> <span class='ocrx_word' id='word_1_113' title='bbox 1471 1153 1482 1171; x_wconf 75' lang='grc'><em>,</em></span> <span class='ocrx_word' id='word_1_114' title='bbox 1507 1126 1717 1180; x_wconf 85' lang='lat' dir='ltr'>tanquam</span> <span class='ocrx_word' id='word_1_115' title='bbox 1737 1119 1739 1121; x_wconf 75' lang='grc'><strong>’</strong></span> 
     </span>
     <span class='ocr_line' id='line_1_24' title="bbox 334 1185 1714 1252; baseline -0.007 -12"><span class='ocrx_word' id='word_1_116' title='bbox 334 1194 388 1241; x_wconf 92' lang='lat' dir='ltr'>de</span> <span class='ocrx_word' id='word_1_117' title='bbox 409 1191 661 1243; x_wconf 80' lang='lat' dir='ltr'>benefieiis,</span> <span class='ocrx_word' id='word_1_118' title='bbox 699 1199 814 1235; x_wconf 86' lang='lat' dir='ltr'>recte</span> <span class='ocrx_word' id='word_1_119' title='bbox 852 1199 981 1252; x_wconf 86' lang='lat' dir='ltr'>atque</span> <span class='ocrx_word' id='word_1_120' title='bbox 1017 1188 1227 1233; x_wconf 78' lang='lat' dir='ltr'>veraciter</span> <span class='ocrx_word' id='word_1_121' title='bbox 1258 1197 1300 1232; x_wconf 90' lang='lat' dir='ltr'>et</span> <span class='ocrx_word' id='word_1_122' title='bbox 1335 1185 1490 1232; x_wconf 84' lang='lat' dir='ltr'>debere</span> <span class='ocrx_word' id='word_1_123' title='bbox 1522 1203 1601 1232; x_wconf 87' lang='lat' dir='ltr'>nos</span> <span class='ocrx_word' id='word_1_124' title='bbox 1623 1187 1714 1232; x_wconf 88' lang='lat' dir='ltr'>Deo</span> 
     </span>
     <span class='ocr_line' id='line_1_25' title="bbox 338 1259 911 1326; baseline -0.01 -14"><span class='ocrx_word' id='word_1_125' title='bbox 338 1281 459 1326; x_wconf 86' lang='lat' dir='ltr'>agere</span> <span class='ocrx_word' id='word_1_126' title='bbox 479 1262 636 1323; x_wconf 83' lang='lat' dir='ltr'>gratias</span> <span class='ocrx_word' id='word_1_127' title='bbox 657 1297 668 1316; x_wconf 83' lang='lat'>‚</span> <span class='ocrx_word' id='word_1_128' title='bbox 699 1270 742 1306; x_wconf 88' lang='lat' dir='ltr'>et</span> <span class='ocrx_word' id='word_1_129' title='bbox 763 1259 911 1306; x_wconf 88' lang='lat' dir='ltr'>solere.</span> 
     </span>
    </p>

    <p class='ocr_par' dir='ltr' id='par_1_8' title="bbox 338 1325 1769 2237">
     <span class='ocr_line' id='line_1_26' title="bbox 401 1325 1745 1405; baseline -0.007 -25"><span class='ocrx_word' id='word_1_130' title='bbox 401 1333 545 1380; x_wconf 82' lang='lat' dir='ltr'><strong>XVII.</strong></span> <span class='ocrx_word' id='word_1_131' title='bbox 577 1329 871 1389; x_wconf 84' lang='lat' dir='ltr'>Recognoscis</span> <span class='ocrx_word' id='word_1_132' title='bbox 892 1345 976 1382; x_wconf 86' lang='lat' dir='ltr'>me,</span> <span class='ocrx_word' id='word_1_133' title='bbox 1005 1339 1054 1373; x_wconf 91' lang='lat' dir='ltr'>ut</span> <span class='ocrx_word' id='word_1_134' title='bbox 1078 1338 1205 1390; x_wconf 87' lang='lat' dir='ltr'>puto,</span> <span class='ocrx_word' id='word_1_135' title='bbox 1230 1327 1276 1372; x_wconf 89' lang='lat' dir='ltr'>in</span> <span class='ocrx_word' id='word_1_136' title='bbox 1297 1327 1366 1381; x_wconf 85' lang='lat' dir='ltr'>iis,</span> <span class='ocrx_word' id='word_1_137' title='bbox 1392 1343 1493 1390; x_wconf 86' lang='lat' dir='ltr'>quae</span> <span class='ocrx_word' id='word_1_138' title='bbox 1515 1343 1594 1372; x_wconf 91' lang='lat' dir='ltr'>nos</span> <span class='ocrx_word' id='word_1_139' title='bbox 1615 1325 1745 1405; x_wconf 85' lang='lat' dir='ltr'>scire</span> 
     </span>
     <span class='ocr_line' id='line_1_27' title="bbox 338 1397 1742 1486; baseline -0.006 -34"><span class='ocrx_word' id='word_1_140' title='bbox 338 1405 450 1461; x_wconf 86' lang='lat' dir='ltr'>dixi,</span> <span class='ocrx_word' id='word_1_141' title='bbox 491 1420 581 1449; x_wconf 82' lang='lat' dir='ltr'>non</span> <span class='ocrx_word' id='word_1_142' title='bbox 614 1401 759 1446; x_wconf 82' lang='lat' dir='ltr'>omnia</span> <span class='ocrx_word' id='word_1_143' title='bbox 798 1416 899 1462; x_wconf 79' lang='lat' dir='ltr'>quae</span> <span class='ocrx_word' id='word_1_144' title='bbox 933 1399 987 1444; x_wconf 86' lang='lat' dir='ltr'>ad</span> <span class='ocrx_word' id='word_1_145' title='bbox 1024 1398 1157 1444; x_wconf 86' lang='lat' dir='ltr'>fidem</span> <span class='ocrx_word' id='word_1_146' title='bbox 1197 1397 1461 1443; x_wconf 79' lang='lat' dir='ltr'>catholicam</span> <span class='ocrx_word' id='word_1_147' title='bbox 1506 1397 1742 1486; x_wconf 59' lang='lat' dir='ltr'>pertinent]</span> 
     </span>
     <span class='ocr_line' id='line_1_28' title="bbox 341 1466 1769 1530; baseline -0.009 -7"><span class='ocrx_word' id='word_1_148' title='bbox 341 1488 682 1524; x_wconf 84' lang='lat' dir='ltr'>commemorare</span> <span class='ocrx_word' id='word_1_149' title='bbox 711 1470 894 1517; x_wconf 74' lang='lat' dir='ltr'>voluisse</span> <span class='ocrx_word' id='word_1_150' title='bbox 914 1507 924 1525; x_wconf 88' lang='lat'>‚</span> <span class='ocrx_word' id='word_1_151' title='bbox 959 1468 1032 1514; x_wconf 90' lang='lat' dir='ltr'>sed</span> <span class='ocrx_word' id='word_1_152' title='bbox 1061 1486 1108 1514; x_wconf 87' lang='lat' dir='ltr'>ea</span> <span class='ocrx_word' id='word_1_153' title='bbox 1135 1479 1303 1513; x_wconf 79' lang='lat' dir='ltr'>tantum</span> <span class='ocrx_word' id='word_1_154' title='bbox 1321 1505 1331 1522; x_wconf 86' lang='lat'><strong>‚</strong></span> <span class='ocrx_word' id='word_1_155' title='bbox 1365 1484 1466 1530; x_wconf 84' lang='lat' dir='ltr'>quae</span> <span class='ocrx_word' id='word_1_156' title='bbox 1493 1466 1556 1512; x_wconf 87' lang='lat' dir='ltr'>ad.</span> <span class='ocrx_word' id='word_1_157' title='bbox 1569 1467 1743 1526; x_wconf 83' lang='lat' dir='ltr'>istam,</span> <span class='ocrx_word' id='word_1_158' title='bbox 1766 1497 1769 1524; x_wconf 36' lang='grc' dir='ltr'>ι</span> 
     </span>
     <span class='ocr_line' id='line_1_29' title="bbox 343 1528 1769 1611; baseline -0.006 -20"><span class='ocrx_word' id='word_1_159' title='bbox 343 1563 445 1611; x_wconf 83' lang='lat' dir='ltr'>quae</span> <span class='ocrx_word' id='word_1_160' title='bbox 468 1546 582 1590; x_wconf 87' lang='lat' dir='ltr'>inter</span> <span class='ocrx_word' id='word_1_161' title='bbox 606 1559 684 1587; x_wconf 88' lang='lat' dir='ltr'>nos</span> <span class='ocrx_word' id='word_1_162' title='bbox 714 1541 871 1600; x_wconf 82' lang='lat' dir='ltr'>agitur,</span> <span class='ocrx_word' id='word_1_163' title='bbox 905 1540 958 1585; x_wconf 88' lang='lat' dir='ltr'>de</span> <span class='ocrx_word' id='word_1_164' title='bbox 983 1540 1061 1584; x_wconf 88' lang='lat' dir='ltr'>Dei</span> <span class='ocrx_word' id='word_1_165' title='bbox 1084 1539 1219 1599; x_wconf 79' lang='lat' dir='ltr'>gratia</span> <span class='ocrx_word' id='word_1_166' title='bbox 1248 1538 1550 1600; x_wconf 65' lang='lat' dir='ltr'>quaestionem,</span> <span class='ocrx_word' id='word_1_167' title='bbox 1576 1528 1743 1583; x_wconf 87' lang='lat' dir='ltr'>utrum</span> <span class='ocrx_word' id='word_1_168' title='bbox 1767 1536 1769 1586; x_wconf 65' lang='grc' dir='ltr'>ζ</span> 
     </span>
     <span class='ocr_line' id='line_1_30' title="bbox 345 1607 1769 1682; baseline -0.009 -18"><span class='ocrx_word' id='word_1_169' title='bbox 345 1615 569 1682; x_wconf 79' lang='lat' dir='ltr'>praecedat</span> <span class='ocrx_word' id='word_1_170' title='bbox 602 1613 700 1657; x_wconf 81' lang='lat' dir='ltr'>haec</span> <span class='ocrx_word' id='word_1_171' title='bbox 720 1611 854 1670; x_wconf 83' lang='lat' dir='ltr'>gratia</span> <span class='ocrx_word' id='word_1_172' title='bbox 876 1647 886 1664; x_wconf 79' lang='grc'>,</span> <span class='ocrx_word' id='word_1_173' title='bbox 911 1628 965 1654; x_wconf 87' lang='lat' dir='ltr'>an</span> <span class='ocrx_word' id='word_1_174' title='bbox 992 1610 1280 1671; x_wconf 77' lang='lat' dir='ltr'>subsequatur</span> <span class='ocrx_word' id='word_1_175' title='bbox 1310 1607 1502 1653; x_wconf 87' lang='lat' dir='ltr'>hominis</span> <span class='ocrx_word' id='word_1_176' title='bbox 1523 1607 1742 1657; x_wconf 86' lang='lat' dir='ltr'>volunta·</span> <span class='ocrx_word' id='word_1_177' title='bbox 1768 1619 1769 1664; x_wconf 75' lang='lat' dir='ltr'><strong>j</strong></span> 
     </span>
     <span class='ocr_line' id='line_1_31' title="bbox 348 1676 1742 1743; baseline -0.01 -8"><span class='ocrx_word' id='word_1_178' title='bbox 348 1701 434 1735; x_wconf 92' lang='lat' dir='ltr'>tem</span> <span class='ocrx_word' id='word_1_179' title='bbox 454 1725 465 1743; x_wconf 83' lang='lat'><strong>‚</strong></span> <span class='ocrx_word' id='word_1_180' title='bbox 499 1686 585 1730; x_wconf 88' lang='lat' dir='ltr'>hoc</span> <span class='ocrx_word' id='word_1_181' title='bbox 619 1693 704 1737; x_wconf 84' lang='lat' dir='ltr'>est,</span> <span class='ocrx_word' id='word_1_182' title='bbox 740 1691 789 1725; x_wconf 89' lang='lat' dir='ltr'>ut</span> <span class='ocrx_word' id='word_1_183' title='bbox 820 1680 992 1743; x_wconf 83' lang='lat' dir='ltr'>planius</span> <span class='ocrx_word' id='word_1_184' title='bbox 1021 1679 1066 1724; x_wconf 92' lang='lat' dir='ltr'>id</span> <span class='ocrx_word' id='word_1_185' title='bbox 1092 1678 1288 1742; x_wconf 82' lang='lat' dir='ltr'>eloquar,</span> <span class='ocrx_word' id='word_1_186' title='bbox 1315 1688 1463 1723; x_wconf 91' lang='lat' dir='ltr'>utrum</span> <span class='ocrx_word' id='word_1_187' title='bbox 1487 1676 1585 1722; x_wconf 87' lang='lat' dir='ltr'>ideo</span> <span class='ocrx_word' id='word_1_188' title='bbox 1604 1676 1742 1722; x_wconf 87' lang='lat' dir='ltr'>nobis</span> 
     </span>
     <span class='ocr_line' id='line_1_32' title="bbox 350 1745 1743 1818; baseline -0.011 -12"><span class='ocrx_word' id='word_1_189' title='bbox 350 1762 499 1813; x_wconf 84' lang='lat' dir='ltr'>detur,</span> <span class='ocrx_word' id='word_1_190' title='bbox 527 1754 630 1818; x_wconf 84' lang='lat' dir='ltr'>quia</span> <span class='ocrx_word' id='word_1_191' title='bbox 653 1751 854 1797; x_wconf 81' lang='lat' dir='ltr'>volumus</span> <span class='ocrx_word' id='word_1_192' title='bbox 870 1787 880 1805; x_wconf 87' lang='lat'>,</span> <span class='ocrx_word' id='word_1_193' title='bbox 908 1767 962 1794; x_wconf 88' lang='lat' dir='ltr'>an</span> <span class='ocrx_word' id='word_1_194' title='bbox 986 1749 1216 1811; x_wconf 78' lang='lat' dir='ltr'>peripsam</span> <span class='ocrx_word' id='word_1_195' title='bbox 1237 1750 1351 1793; x_wconf 90' lang='lat' dir='ltr'>Deus</span> <span class='ocrx_word' id='word_1_196' title='bbox 1374 1747 1505 1793; x_wconf 85' lang='lat' dir='ltr'>etiam</span> <span class='ocrx_word' id='word_1_197' title='bbox 1528 1746 1617 1792; x_wconf 86' lang='lat' dir='ltr'>hoc</span> <span class='ocrx_word' id='word_1_198' title='bbox 1635 1745 1743 1792; x_wconf 89' lang='lat' dir='ltr'>effi·-</span> 
     </span>
     <span class='ocr_line' id='line_1_33' title="bbox 356 1817 1743 1879; baseline -0.012 -2"><span class='ocrx_word' id='word_1_199' title='bbox 356 1833 444 1878; x_wconf 83' lang='lat' dir='ltr'>ciat</span> <span class='ocrx_word' id='word_1_200' title='bbox 459 1838 509 1874; x_wconf 90' lang='lat' dir='ltr'>ut</span> <span class='ocrx_word' id='word_1_201' title='bbox 530 1824 724 1871; x_wconf 79' lang='lat' dir='ltr'>velimus.</span> <span class='ocrx_word' id='word_1_202' title='bbox 751 1821 798 1866; x_wconf 90' lang='lat' dir='ltr'>Si</span> <span class='ocrx_word' id='word_1_203' title='bbox 821 1837 921 1879; x_wconf 80' lang='lat' dir='ltr'>ergo</span> <span class='ocrx_word' id='word_1_204' title='bbox 946 1820 1045 1864; x_wconf 84' lang='lat' dir='ltr'>istas</span> <span class='ocrx_word' id='word_1_205' title='bbox 1073 1818 1306 1863; x_wconf 84' lang='lat' dir='ltr'>duodecim</span> <span class='ocrx_word' id='word_1_206' title='bbox 1337 1817 1592 1872; x_wconf 85' lang='lat' dir='ltr'>sententias,</span> <span class='ocrx_word' id='word_1_207' title='bbox 1625 1832 1743 1879; x_wconf 86' lang='lat' dir='ltr'>quas</span> 
     </span>
     <span class='ocr_line' id='line_1_34' title="bbox 357 1888 1728 1950; baseline -0.012 -3"><span class='ocrx_word' id='word_1_208' title='bbox 357 1919 437 1948; x_wconf 84' lang='lat' dir='ltr'>nos</span> <span class='ocrx_word' id='word_1_209' title='bbox 460 1897 548 1945; x_wconf 74' lang='lat' dir='ltr'>dixi</span> <span class='ocrx_word' id='word_1_210' title='bbox 571 1895 679 1941; x_wconf 88' lang='lat' dir='ltr'>scire</span> <span class='ocrx_word' id='word_1_211' title='bbox 696 1930 708 1948; x_wconf 88' lang='lat'>‚</span> <span class='ocrx_word' id='word_1_212' title='bbox 734 1892 787 1938; x_wconf 77' lang='lat' dir='ltr'>ad</span> <span class='ocrx_word' id='word_1_213' title='bbox 811 1890 941 1935; x_wconf 89' lang='lat' dir='ltr'>fidem</span> <span class='ocrx_word' id='word_1_214' title='bbox 962 1900 1125 1934; x_wconf 80' lang='lat' dir='ltr'>rectam</span> <span class='ocrx_word' id='word_1_215' title='bbox 1153 1900 1195 1934; x_wconf 87' lang='lat' dir='ltr'>et</span> <span class='ocrx_word' id='word_1_216' title='bbox 1214 1888 1476 1934; x_wconf 83' lang='lat' dir='ltr'>catholicam</span> <span class='ocrx_word' id='word_1_217' title='bbox 1497 1888 1728 1950; x_wconf 80' lang='lat' dir='ltr'>pertinere,</span> 
     </span>
     <span class='ocr_line' id='line_1_35' title="bbox 359 1958 1735 2020; baseline -0.013 -1"><span class='ocrx_word' id='word_1_218' title='bbox 359 1973 488 2019; x_wconf 89' lang='lat' dir='ltr'>etiam</span> <span class='ocrx_word' id='word_1_219' title='bbox 518 1979 568 2013; x_wconf 89' lang='lat' dir='ltr'>tu</span> <span class='ocrx_word' id='word_1_220' title='bbox 599 1965 731 2010; x_wconf 86' lang='lat' dir='ltr'>frater</span> <span class='ocrx_word' id='word_1_221' title='bbox 756 1961 989 2007; x_wconf 86' lang='lat' dir='ltr'>nobiscum</span> <span class='ocrx_word' id='word_1_222' title='bbox 1017 1970 1133 2004; x_wconf 85' lang='lat' dir='ltr'>tenes</span> <span class='ocrx_word' id='word_1_223' title='bbox 1151 1996 1162 2015; x_wconf 82' lang='grc'>,</span> <span class='ocrx_word' id='word_1_224' title='bbox 1193 1975 1271 2018; x_wconf 81' lang='lat' dir='ltr'>ago</span> <span class='ocrx_word' id='word_1_225' title='bbox 1297 1959 1387 2003; x_wconf 89' lang='lat' dir='ltr'>Deo</span> <span class='ocrx_word' id='word_1_226' title='bbox 1414 1958 1602 2018; x_wconf 80' lang='lat' dir='ltr'>gratias3</span> <span class='ocrx_word' id='word_1_227' title='bbox 1630 1972 1735 2020; x_wconf 87' lang='lat' dir='ltr'>quas</span> 
     </span>
     <span class='ocr_line' id='line_1_36' title="bbox 361 2029 1744 2109; baseline -0.012 -20"><span class='ocrx_word' id='word_1_228' title='bbox 361 2042 560 2109; x_wconf 86' lang='lat' dir='ltr'>profecto</span> <span class='ocrx_word' id='word_1_229' title='bbox 589 2053 677 2082; x_wconf 88' lang='lat' dir='ltr'>non</span> <span class='ocrx_word' id='word_1_230' title='bbox 703 2034 910 2079; x_wconf 76' lang='lat' dir='ltr'>veraciter</span> <span class='ocrx_word' id='word_1_231' title='bbox 936 2048 1102 2090; x_wconf 78' lang='lat' dir='ltr'>agerem</span> <span class='ocrx_word' id='word_1_232' title='bbox 1118 2067 1128 2080; x_wconf 82' lang='grc'>,</span> <span class='ocrx_word' id='word_1_233' title='bbox 1162 2030 1243 2075; x_wconf 85' lang='lat' dir='ltr'>nisi</span> <span class='ocrx_word' id='word_1_234' title='bbox 1279 2030 1413 2089; x_wconf 80' lang='lat' dir='ltr'>gratia</span> <span class='ocrx_word' id='word_1_235' title='bbox 1441 2029 1521 2074; x_wconf 82' lang='lat' dir='ltr'>Dei</span> <span class='ocrx_word' id='word_1_236' title='bbox 1543 2029 1663 2073; x_wconf 86' lang='lat' dir='ltr'>fieret</span> <span class='ocrx_word' id='word_1_237' title='bbox 1689 2032 1744 2073; x_wconf 75' lang='grc' dir='ltr'>ιιι’</span> 
     </span>
     <span class='ocr_line' id='line_1_37' title="bbox 361 2100 1744 2165; baseline -0.012 -4"><span class='ocrx_word' id='word_1_238' title='bbox 361 2127 541 2161; x_wconf 86' lang='lat' dir='ltr'>teneres.</span> <span class='ocrx_word' id='word_1_239' title='bbox 570 2109 685 2165; x_wconf 73' lang='lat' dir='ltr'>Quae</span> <span class='ocrx_word' id='word_1_240' title='bbox 711 2104 792 2149; x_wconf 87' lang='lat' dir='ltr'>tibi</span> <span class='ocrx_word' id='word_1_241' title='bbox 818 2103 1005 2158; x_wconf 84' lang='lat' dir='ltr'>tenenti,</span> <span class='ocrx_word' id='word_1_242' title='bbox 1044 2100 1215 2146; x_wconf 88' lang='lat' dir='ltr'>nullum</span> <span class='ocrx_word' id='word_1_243' title='bbox 1249 2101 1427 2146; x_wconf 89' lang='lat' dir='ltr'>omnino</span> <span class='ocrx_word' id='word_1_244' title='bbox 1445 2109 1637 2144; x_wconf 85' lang='lat' dir='ltr'>remanet</span> <span class='ocrx_word' id='word_1_245' title='bbox 1653 2103 1744 2144; x_wconf 89' lang='lat' dir='ltr'>no-</span> 
     </span>
     <span class='ocr_line' id='line_1_38' title="bbox 362 2173 1222 2237; baseline -0.021 -6"><span class='ocrx_word' id='word_1_246' title='bbox 362 2185 535 2231; x_wconf 82' lang='lat' dir='ltr'>biscum</span> <span class='ocrx_word' id='word_1_247' title='bbox 555 2179 609 2224; x_wconf 90' lang='lat' dir='ltr'>de</span> <span class='ocrx_word' id='word_1_248' title='bbox 627 2177 713 2222; x_wconf 87' lang='lat' dir='ltr'>hac</span> <span class='ocrx_word' id='word_1_249' title='bbox 729 2173 967 2237; x_wconf 77' lang='lat' dir='ltr'>quaestione</span> <span class='ocrx_word' id='word_1_250' title='bbox 990 2181 1222 2216; x_wconf 83' lang='lat' dir='ltr'>certamen.</span> 
     </span>
    </p>

    <p class='ocr_par' dir='ltr' id='par_1_9' title="bbox 360 2239 1745 2657">
     <span class='ocr_line' id='line_1_39' title="bbox 430 2239 1745 2302; baseline -0.012 -3"><span class='ocrx_word' id='word_1_251' title='bbox 430 2251 598 2299; x_wconf 84' lang='lat' dir='ltr'><strong>XVIII.</strong></span> <span class='ocrx_word' id='word_1_252' title='bbox 635 2248 694 2292; x_wconf 84' lang='lat' dir='ltr'>Ut</span> <span class='ocrx_word' id='word_1_253' title='bbox 729 2244 842 2290; x_wconf 90' lang='lat' dir='ltr'>enim</span> <span class='ocrx_word' id='word_1_254' title='bbox 879 2241 1026 2287; x_wconf 86' lang='lat' dir='ltr'>eadem</span> <span class='ocrx_word' id='word_1_255' title='bbox 1063 2240 1295 2285; x_wconf 86' lang='lat' dir='ltr'>duodecim</span> <span class='ocrx_word' id='word_1_256' title='bbox 1329 2239 1455 2285; x_wconf 85' lang='lat' dir='ltr'>brevi</span> <span class='ocrx_word' id='word_1_257' title='bbox 1478 2239 1745 2302; x_wconf 86' lang='lat' dir='ltr'>exposition</span> 
     </span>
     <span class='ocr_line' id='line_1_40' title="bbox 363 2309 1745 2390; baseline -0.014 -20"><span class='ocrx_word' id='word_1_258' title='bbox 363 2336 617 2390; x_wconf 80' lang='lat' dir='ltr'>percurram</span> <span class='ocrx_word' id='word_1_259' title='bbox 635 2355 646 2372; x_wconf 89' lang='lat'><strong>‚</strong></span> <span class='ocrx_word' id='word_1_260' title='bbox 680 2312 914 2371; x_wconf 82' lang='lat' dir='ltr'>Quomodo</span> <span class='ocrx_word' id='word_1_261' title='bbox 938 2311 1174 2357; x_wconf 65' lang='lat' dir='ltr'>voluntatis</span> <span class='ocrx_word' id='word_1_262' title='bbox 1207 2310 1417 2354; x_wconf 79' lang='lat' dir='ltr'>humanae</span> <span class='ocrx_word' id='word_1_263' title='bbox 1450 2309 1652 2355; x_wconf 88' lang='lat' dir='ltr'>meritum</span> <span class='ocrx_word' id='word_1_264' title='bbox 1674 2325 1716 2354; x_wconf 88' lang='lat' dir='ltr'>se</span> <span class='ocrx_word' id='word_1_265' title='bbox 1742 2318 1745 2351; x_wconf 71' lang='lat'><strong>3</strong></span> 
     </span>
     <span class='ocr_line' id='line_1_41' title="bbox 363 2379 1744 2460; baseline -0.014 -19"><span class='ocrx_word' id='word_1_266' title='bbox 363 2396 514 2460; x_wconf 90' lang='lat' dir='ltr'>quitur</span> <span class='ocrx_word' id='word_1_267' title='bbox 537 2389 702 2452; x_wconf 79' lang='lat' dir='ltr'>gratia;</span> <span class='ocrx_word' id='word_1_268' title='bbox 731 2402 831 2431; x_wconf 87' lang='lat' dir='ltr'>cum</span> <span class='ocrx_word' id='word_1_269' title='bbox 853 2383 979 2429; x_wconf 86' lang='lat' dir='ltr'>detur</span> <span class='ocrx_word' id='word_1_270' title='bbox 1012 2393 1053 2426; x_wconf 88' lang='lat' dir='ltr'>et</span> <span class='ocrx_word' id='word_1_271' title='bbox 1085 2380 1298 2444; x_wconf 75' lang='lat' dir='ltr'>parvuliS,</span> <span class='ocrx_word' id='word_1_272' title='bbox 1334 2380 1410 2442; x_wconf 90' lang='lat' dir='ltr'>qui</span> <span class='ocrx_word' id='word_1_273' title='bbox 1439 2380 1527 2425; x_wconf 83' lang='lat' dir='ltr'>hoc</span> <span class='ocrx_word' id='word_1_274' title='bbox 1544 2379 1744 2426; x_wconf 72' lang='lat' dir='ltr'>nondum</span> 
     </span>
     <span class='ocr_line' id='line_1_42' title="bbox 364 2444 1745 2530; baseline -0.012 -19"><span class='ocrx_word' id='word_1_275' title='bbox 364 2473 546 2530; x_wconf 83' lang='lat' dir='ltr'>possunt</span> <span class='ocrx_word' id='word_1_276' title='bbox 569 2459 677 2506; x_wconf 85' lang='lat' dir='ltr'>velle</span> <span class='ocrx_word' id='word_1_277' title='bbox 710 2472 782 2502; x_wconf 87' lang='lat' dir='ltr'>seu</span> <span class='ocrx_word' id='word_1_278' title='bbox 810 2453 956 2499; x_wconf 75' lang='lat' dir='ltr'>nolle‘?</span> <span class='ocrx_word' id='word_1_279' title='bbox 983 2451 1217 2508; x_wconf 85' lang='lat' dir='ltr'>Quomodo</span> <span class='ocrx_word' id='word_1_280' title='bbox 1245 2451 1429 2510; x_wconf 82' lang='lat' dir='ltr'>gratiam</span> <span class='ocrx_word' id='word_1_281' title='bbox 1453 2448 1521 2496; x_wconf 81' lang='lat' dir='ltr'>&#39;vel</span> <span class='ocrx_word' id='word_1_282' title='bbox 1542 2450 1587 2496; x_wconf 91' lang='lat' dir='ltr'>in</span> <span class='ocrx_word' id='word_1_283' title='bbox 1605 2453 1719 2509; x_wconf 87' lang='lat' dir='ltr'>majo</span> <span class='ocrx_word' id='word_1_284' title='bbox 1741 2444 1745 2465; x_wconf 75' lang='lat'><strong>¹</strong></span> 
     </span>
     <span class='ocr_line' id='line_1_43' title="bbox 362 2519 1745 2588; baseline -0.013 -6"><span class='ocrx_word' id='word_1_285' title='bbox 362 2535 486 2582; x_wconf 90' lang='lat' dir='ltr'>ribus</span> <span class='ocrx_word' id='word_1_286' title='bbox 520 2531 730 2577; x_wconf 90' lang='lat' dir='ltr'>dicuntur</span> <span class='ocrx_word' id='word_1_287' title='bbox 759 2522 1008 2588; x_wconf 78' lang='lat' dir='ltr'>praecedere</span> <span class='ocrx_word' id='word_1_288' title='bbox 1043 2521 1196 2566; x_wconf 87' lang='lat' dir='ltr'>merita</span> <span class='ocrx_word' id='word_1_289' title='bbox 1221 2520 1487 2573; x_wconf 79' lang='lat' dir='ltr'>voluntatis3</span> <span class='ocrx_word' id='word_1_290' title='bbox 1513 2520 1548 2565; x_wconf 88' lang='lat' dir='ltr'>si</span> <span class='ocrx_word' id='word_1_291' title='bbox 1574 2519 1745 2580; x_wconf 85' lang='lat' dir='ltr'>gratia,</span> 
     </span>
     <span class='ocr_line' id='line_1_44' title="bbox 360 2590 1745 2657; baseline -0.01 -6"><span class='ocrx_word' id='word_1_292' title='bbox 360 2616 410 2653; x_wconf 90' lang='lat' dir='ltr'>ut</span> <span class='ocrx_word' id='word_1_293' title='bbox 435 2618 536 2651; x_wconf 85' lang='lat' dir='ltr'>vera</span> <span class='ocrx_word' id='word_1_294' title='bbox 564 2599 618 2646; x_wconf 86' lang='lat' dir='ltr'>sit</span> <span class='ocrx_word' id='word_1_295' title='bbox 645 2595 806 2657; x_wconf 82' lang='lat' dir='ltr'>gratia,</span> <span class='ocrx_word' id='word_1_296' title='bbox 842 2610 931 2639; x_wconf 85' lang='lat' dir='ltr'>non</span> <span class='ocrx_word' id='word_1_297' title='bbox 964 2590 1204 2638; x_wconf 80' lang='lat' dir='ltr'>secundum</span> <span class='ocrx_word' id='word_1_298' title='bbox 1227 2591 1381 2637; x_wconf 83' lang='lat' dir='ltr'>merita</span> <span class='ocrx_word' id='word_1_299' title='bbox 1403 2599 1551 2637; x_wconf 84' lang='lat' dir='ltr'>nostra</span> <span class='ocrx_word' id='word_1_300' title='bbox 1581 2590 1712 2638; x_wconf 88' lang='lat' dir='ltr'>datur</span> <span class='ocrx_word' id='word_1_301' title='bbox 1737 2611 1745 2634; x_wconf 60' lang='lat' dir='ltr'><em>n</em></span> 
     </span>
    </p>
   </div>
  </div>
 </body>
</html>
