1769 3235
337 283 427 315 200
739 283 771 313 s.
819 280 1057 312 mensum
1095 280 1295 312 EPtSCoPI

401 349 458 394 ll.
485 369 504 389 (ι
525 347 721 393 Obsecro
739 384 749 399 ‚
776 347 923 409 itaque
956 363 1027 391 xos
1068 347 1217 392 fratres
1238 385 1247 401 ,
1294 347 1405 393 sicut
1430 347 1705 405 Corinthios,
1756 343 1759 419 ᾗ

335 442 356 461 »
370 419 612 464 obsecravit
647 415 906 480 Apostolus,
951 433 1027 480 per
1049 433 1205 463 nomen
1232 417 1407 463 Domini
1446 419 1579 465 nostri
1614 423 1713 466 Jesu
1756 449 1759 482 g

341 512 362 532 »
387 489 569 546 Christi,
589 489 842 552 utidipsum
869 487 1022 533 dicatis
1049 505 1211 544 omnes,
1240 500 1282 534 et
1301 505 1387 534 non
1413 489 1497 535 sint
1522 490 1566 536 in
1589 490 1714 537 vobis
1756 509 1759 543 i

340 582 360 604 ι)
385 559 663 607 schismata1.
690 559 874 604 »Primo
897 559 1010 604 enim
1039 559 1252 605 Dominus
1275 560 1415 615 Jesus,
1437 560 1550 606 sieut
1571 562 1715 624 scrip-
1758 611 1759 624 ἰ

340 643 433 678 tum
459 642 518 677 est
555 631 599 676 in
637 629 872 689 Evangelio
910 631 1085 676 Joannis
1117 629 1327 693 apostoli,
1361 651 1381 671 «
1402 630 1499 676 Non
1520 632 1636 677 venit
1666 641 1715 678 ut
1757 654 1760 693 2

342 701 592 762 »judicaret
627 699 865 755 mundum,
891 699 962 745 sed
988 710 1035 745 ut
1069 699 1306 745 salvaretur
1332 701 1522 746 mundus
1542 719 1620 765 per
1641 701 1715 765 ip-
1758 706 1760 761 ]

343 795 363 814 ³>
383 773 513 820 sum2.
541 774 725 818 »Postea
738 789 855 828 vero,
880 773 992 817 sicut
1012 771 1163 817 scribit
1180 770 1398 834 apostolus
1413 772 1590 828 Paulus,
1609 777 1715 818 «Ju-
1758 771 1760 826 ζ

345 865 367 886 »
385 843 551 889 dicabit
580 847 695 888 Deus
724 841 933 886 mundum
954 841 971 869 ὃ
989 878 999 897 ,
1018 862 1038 882 »
1064 840 1239 903 quando
1254 853 1476 887 venturus
1500 855 1581 898 est,
1604 843 1717 888 sicut
1759 883 1761 888 .

345 924 433 960 tota
461 912 650 958 Ecclesia
672 913 715 957 in
747 910 957 973 symbolo
983 911 1240 966 confitetur,
1266 912 1492 972 judicare
1518 916 1646 958 11)]’1103
1673 924 1719 957 et
1758 932 1762 954 ·.

345 996 566 1030 mortuos.
601 983 643 1028 Si
664 983 796 1041 igitur
829 998 914 1026 non
941 992 1001 1026 est
1030 982 1106 1026 Dei
1135 981 1298 1041 gratia,
1330 983 1550 1045 quomodo
1583 983 1718 1029 salvat
1759 1019 1761 1042 :

346 1053 587 1100 mundum?
608 1063 651 1098 et
669 1053 703 1097 si
726 1069 813 1097 non
839 1062 899 1096 est
923 1051 1108 1097 liberum
1135 1053 1388 1109 arbitrium,
1413 1053 1717 1117 quomodoju-
1760 1106 1761 1113 ἵ

343 1124 460 1170 dicat
485 1123 737 1168 mundum?
771 1121 960 1167 Proinde
986 1121 1151 1168 librum
1186 1123 1252 1169 vel
1280 1123 1505 1186 epistolam
1540 1141 1680 1170 meam
1703 1160 1714 1180 ,
1761 1146 1763 1149 ·

345 1212 477 1258 quam
513 1211 656 1239 secum
694 1192 746 1237 ad
786 1210 862 1238 nos
900 1192 1140 1256 supradicti
1183 1193 1444 1249 attulerunt,
1479 1194 1718 1240 seeundum
1760 1238 1762 1242 ,

345 1265 460 1311 banc
496 1265 625 1310 fidem
660 1263 913 1323 intelligite,
951 1275 999 1308 ut
1034 1281 1172 1328 neque
1210 1265 1369 1324 negetis
1400 1266 1479 1311 Dei
1503 1266 1681 1325 gratiam
1705 1302 1716 1320 ,
1760 1302 1762 1307 .

346 1353 484 1400 neque
507 1335 693 1381 liberum
719 1334 946 1379 arbitrium
984 1334 1044 1379 sie
1077 1334 1316 1379 defendatis
1334 1371 1345 1390 ,
1372 1345 1419 1379 ut
1441 1354 1461 1380 a
1486 1335 1561 1381 Dei
1583 1335 1719 1394 gratia

346 1407 548 1470 separetis
564 1444 573 1461 ,
605 1419 809 1468 tanquam
839 1405 928 1449 sine
949 1403 1021 1449 illa
1044 1404 1109 1449 vel
1134 1405 1323 1464 cogitare
1342 1404 1505 1468 aliquid
1521 1405 1585 1450 vel
1602 1422 1722 1464 agere

346 1477 584 1524 secundum
602 1480 743 1522 Deum
766 1475 851 1520 ulla
870 1475 1035 1520 ratione
1055 1476 1286 1538 possimus,
1304 1476 1422 1539 quod
1442 1476 1618 1521 omnino
1633 1492 1720 1521 non
1760 1501 1763 1527 ς

346 1566 590 1612 possumus
622 1549 806 1611 Propter
830 1546 916 1591 hoe
952 1547 1066 1591 enim
1100 1547 1318 1592 Dominus
1353 1563 1453 1592 cum
1490 1546 1543 1592 de
1574 1546 1720 1592 fructu

340 1619 523 1679 justitiae
547 1618 798 1682 loqueretur
817 1654 826 1672 ‚
854 1617 911 1662 ait
929 1617 1165 1680 Discipulis
1191 1617 1302 1673 suis,
1344 1617 1480 1663 «Sine
1510 1634 1577 1663 me
1610 1615 1722 1662 nihil
1760 1644 1763 1685 5

347 1712 367 1732 n
389 1689 565 1753 potestis
586 1688 769 1735 facere-4.
789 1709 810 1730 ›>
1760 1744 1763 1750 ι

412 1761 496 1808 111.
520 1758 646 1805 Unde
666 1758 963 1822 supradictam
993 1759 1231 1821 Epistolam
1249 1759 1303 1805 ad
1320 1759 1485 1805 Sixtum
1510 1761 1722 1805 Romanae

344 1829 537 1876 ecclesiae
558 1830 860 1893 presbyterum
880 1829 916 1885 5,
940 1840 1094 1875 contra
1121 1847 1255 1876 novos
1274 1829 1502 1876 haereticos
1525 1829 1721 1888 Pelagia-
1760 1846 1764 1886 ξ

345 1918 422 1946 nos
446 1901 652 1946 noveritis
681 1917 768 1945 esse
795 1900 1090 1962 conscriptam
1112 1938 1122 1953 ,
1150 1901 1227 1963 qui
1250 1900 1405 1946 dicunt
1429 1901 1610 1961 gratiam
1644 1900 1721 1945 Dei
1760 1896 1763 1913 ³

343 1970 582 2016 secundum
609 1971 760 2016 merita
786 1981 931 2015 nostra
965 1970 1087 2025 dari,
1121 1971 1267 2034 utqui
1297 1970 1507 2031 gloriatur
1526 2007 1537 2027 ,
1566 1987 1651 2015 non
1677 1971 1721 2015 in
1760 1967 1764 2013 Ξ

342 2040 532 2086 Domino
554 2077 564 2095 ,
593 2040 665 2086 sed
694 2041 739 2086 in
765 2057 806 2086 se
835 2041 929 2103 ipso
967 2040 1205 2100 glorietur,
1236 2041 1323 2087 hoc
1349 2053 1411 2087 est
1442 2042 1486 2087 in
1513 2040 1718 2097 homine,
1761 2039 1763 2092 f

342 2128 425 2155 non
461 2110 507 2155 in
550 2110 755 2156 Domino.
807 2110 938 2166 Quod
979 2110 1189 2173 prohibet
1234 2111 1468 2174 Apostolus
1486 2148 1497 2167 ,
1539 2110 1687 2156 dicens
1706 2147 1718 2166 ,
1760 2104 1763 2149 j

341 2202 360 2223 α
387 2181 523 2226 'Nemo
552 2181 759 2240 glorietur
781 2181 825 2226 111
851 2181 1082 2227 11011111106ε
1107 2203 1124 2223 ι)
1150 2192 1191 2227 et
1219 2182 1301 2227 alio
1324 2182 1446 2237 loco,
1474 2203 1492 2223 «
1514 2181 1601 2238 Qui
1626 2181 1723 2240 glo-

342 2274 362 2293 n
380 2251 546 2307 riatur,
571 2251 744 2315 inquit,
777 2252 822 2297 in
854 2252 1041 2298 Domino
1072 2252 1281 2312 glorietur
1296 2252 1329 2299 7.
1360 2273 1378 2293 ›>
1413 2252 1481 2298 1111
1504 2269 1605 2299 vero
1632 2252 1722 2297 hae·
1761 2263 1765 2297 ζ·

341 2322 462 2368 retici
491 2339 532 2367 se
555 2322 671 2385 ipsos
691 2341 713 2368 a
734 2340 776 2368 se
797 2323 902 2386 ipsis
928 2327 1068 2383 justos
1102 2323 1196 2369 fieri
1218 2334 1421 2387 putantes
1442 2360 1452 2375 ,
1480 2322 1602 2386 quasi
1636 2322 1722 2367 hoc

340 2393 398 2438 eis
422 2409 508 2437 non
527 2391 693 2438 dederit
722 2393 835 2438 Deus
854 2431 863 2447 ,
898 2393 970 2438 sed
997 2393 1079 2456 ipsi
1112 2393 1222 2450 sibi,
1251 2410 1337 2439 non
1364 2393 1513 2457 utique
1546 2392 1591 2438 in
1629 2393 1723 2438 Do-
1761 2419 1764 2425 ·

341 2464 461 2508 mino
481 2499 491 2515 ,
524 2462 597 2508 sed
631 2464 676 2508 in
704 2463 941 2527 semetipsis
968 2463 1225 2524 gloriantur.
1268 2463 1451 2509 Talibus
1473 2463 1588 2509 enirn
1613 2462 1721 2508 dicit

393 2563 400 2582 ¹
423 2572 434 2592 1
456 2561 529 2592 Cor.
555 2572 584 2601 1,
607 2572 656 2593 10.
675 2579 718 2584 -
736 2559 751 2582 ²
767 2565 861 2593 Joan.
878 2574 935 2604 111,
956 2574 1004 2602 15.
1023 2579 1066 2585 —
1086 2559 1100 2583 3
1119 2564 1208 2594 Rom.
1227 2573 1276 2602 111,
1294 2564 1324 2594 6.
1343 2581 1385 2587 --
1409 2560 1423 2584 ⁴
1444 2565 1536 2595 Joan.
1560 2572 1610 2601 xv,
1632 2562 1659 2593 5.
1681 2578 1719 2585 -—

340 2617 354 2641 ⁵
370 2617 473 2661 Epist.
494 2622 570 2657 194.
587 2635 632 2642 —
649 2614 663 2639 ⁶
687 2629 697 2648 1
716 2619 791 2652 Cor.
812 2629 865 2655 111,
884 2629 941 2652 21.
960 2633 1001 2644 -u
1025 2616 1038 2640 ⁷
1060 2617 1108 2652 Id.
1137 2629 1165 2659 1,
1183 2619 1236 2650 31.
