1769 3235
329 239 418 284 312
733 253 765 282 s.
812 252 1052 284 Acfinsnm
1091 254 1290 283 Episcopi

329 316 570 379 mentisque
591 316 651 361 ire
677 316 863 363 festinat.
895 317 970 363 Via
994 329 1054 363 est
1073 354 1082 372 ‚
1104 318 1278 382 inquam
1294 357 1303 375 ,
1328 337 1413 382 qua
1431 319 1602 383 purgati
1623 337 1703 365 an-

329 387 550 449 tiquorum
569 404 790 433 sacrorum
804 388 889 452 piis
908 390 1550 454 praeceptisexpiationibusque
1563 392 1705 454 puris·

323 456 441 502 simis
459 468 500 502 et
521 457 741 503 abstemiis
766 459 1148 505 observationibus
1176 461 1362 507 decocti.
1393 461 1532 506 anima
1553 471 1594 505 et
1613 477 1706 506 cor-

323 543 429 589 pore
454 538 702 572 constantes
725 528 1034 592 deproperant.
1063 552 1081 570 »

391 598 470 642 111.
503 618 521 638 «
546 599 608 643 De
629 599 807 644 Christo
844 610 986 645 autem
1018 611 1104 646 tuae
1127 605 1218 660 jam
1243 600 1514 646 credulitatis
1546 601 1709 647 carnali
1759 598 1769 665 ξ

326 678 368 712 et
392 667 546 731 spiritu
571 669 690 722 Deo,
717 687 795 734 per
833 688 960 733 quem
1000 671 1040 715 in
1068 670 1186 716 illum
1227 688 1443 717 summum
1469 708 1480 721 .
1502 671 1676 717 beatum
1693 709 1706 727 ,

320 755 469 784 verum
488 777 498 790 ,
519 751 560 784 et
587 751 751 802 putrem
773 743 965 787 omnium
990 743 1049 786 ire
1077 759 1252 787 securus
1277 760 1319 787 es
1338 779 1347 793 ,
1378 742 1563 788 Domine
1582 753 1705 805 pater
1760 746 1764 779 ἓ·

321 809 597 872 percolende.
622 828 706 856 uon
727 812 863 857 audeo
881 830 957 856 ne(-
982 814 1099 856 valeo
1116 812 1220 874 quid
1241 814 1417 858 sentiam
1436 812 1696 875 exprimere:

324 880 425 943 quia
448 880 569 944 quod
591 882 751 936 nescio,
778 882 1083 928 difficillimum
1107 883 1237 929 credo
1262 883 1455 930 definire.
1482 884 1541 928 Ut
1561 894 1703 929 autem

326 968 394 996 me
435 951 647 996 cultorem
691 962 864 998 tuarum
905 953 1113 999 virtutum
1162 954 1365 1014 dignatus
1399 971 1442 999 es
1477 958 1568 1014 jam
1607 953 1708 1000 olim

324 1021 476 1066 scienti
497 1022 716 1067 insinuare
739 1024 859 1086 quod
883 1023 1063 1085 diligas,
1095 1024 1193 1070 satis
1226 1024 1279 1070 ad
1306 1025 1437 1071 bonae
1460 1025 1564 1071 vitae
1586 1024 1710 1070 testi-

325 1092 522 1137 monium
551 1091 693 1138 haheo
711 1130 721 1148 ,
743 1093 862 1157 quod
889 1111 989 1141 curn
1011 1113 1063 1141 ne
1090 1095 1172 1141 tibi
1197 1095 1449 1159 displiceam
1475 1133 1485 1149 ‚
1519 1095 1596 1158 qui
1618 1095 1709 1140 Deo

329 1174 366 1205 te
387 1161 663 1226 animamque
687 1173 807 1210 tuam
831 1165 1027 1228 quotidie
1052 1166 1262 1218 insinuas,
1292 1165 1520 1212 custodio:
1551 1164 1709 1211 intelli-

327 1232 389 1290 gis
409 1232 566 1295 procul
601 1233 738 1280 dubio
766 1236 886 1298 quod
919 1247 959 1280 et
989 1253 1065 1295 ego
1092 1247 1130 1281 te
1153 1236 1468 1281 delectabiliter
1491 1235 1668 1295 diligam
1695 1272 1704 1286 ,

327 1319 427 1347 cum
449 1304 510 1348 tui
531 1303 688 1362 judieii
723 1304 775 1350 de
800 1323 866 1351 me
902 1306 1046 1352 habiti
1081 1324 1277 1351 normam
1316 1306 1563 1369 lineamque
1595 1306 1712 1351 acci-

329 1373 451 1450 piens
477 1384 544 1418 tei
550 1392 581 1419 e:
587 1392 657 1419 mi.
687 1374 772 1420 Sed
795 1388 894 1422 ante
919 1377 1064 1422 omnia
1085 1394 1234 1441 quaeso
1263 1388 1324 1433 te,
1352 1387 1398 1422 ut
1428 1376 1713 1437 exiguissimae

331 1443 530 1506 opinioni
558 1462 663 1490 mcae
686 1446 856 1492 veniam
889 1447 1128 1503 concedas,
1164 1458 1200 1492 et
1225 1447 1412 1492 sfrmoni
1438 1463 1532 1492 meo
1564 1446 1617 1492 ad
1638 1456 1679 1492 te
1699 1483 1710 1502 ‚

329 1514 431 1576 quia
452 1519 532 1559 ςοϊ
538 1515 598 1574 gis
605 1516 661 1570 ti,
694 1517 868 1562 remisso
906 1517 1015 1563 sorte
1048 1519 1288 1577 incongruo
1312 1517 1437 1563 suile
1456 1517 1713 1577 indulgeas,

330 1594 371 1628 (t
395 1601 459 1630 me
478 1585 587 1647 quid
612 1585 665 1630 de
692 1586 760 1631 his
783 1588 1019 1641 existimes,
1047 1588 1111 1633 vil
1137 1599 1181 1633 tu
1209 1588 1314 1651 quid
1340 1589 1525 1641 sentias,
1559 1588 1719 1633 sanctis

331 1655 507 1717 scriptis
539 1657 644 1710 tuis,
675 1668 721 1702 ut
755 1656 827 1702 ille
863 1659 948 1714 ait,
971 1663 1061 1718 jam
1101 1677 1187 1705 non
1226 1658 1380 1704 melle1
1402 1696 1412 1710 ,
1452 1659 1522 1704 sed
1549 1668 1719 1704 nectare

332 1723 603 1771 dulcioribus
623 1763 634 1777 ,
658 1727 690 1771 si
713 1745 901 1781 mercor,
929 1729 1167 1775 informare
1201 1730 1404 1788 digneris.
1451 1730 1527 1775 Dei
1558 1728 1720 1792 pietate

338 1795 593 1859 perfruaris]
619 1797 806 1843 Domine
826 1811 964 1862 pater,
985 1817 1035 1845 ac.
1056 1811 1266 1863 perpetua
1287 1800 1512 1846 sanctitate
1524 1800 1614 1846 Deo
1626 1799 1719 1862 pla-

342 1884 462 1919 ceas,
494 1867 611 1929 quod
639 1885 805 1913 necesse
832 1881 908 1915 est.
936 1891 955 1909 ))

391 1967 399 1986 ¹
417 1965 511 1997 ovid.
531 1968 560 1999 5,
577 1967 675 2000 Trist.
693 1967 778 2009 Elvg.
795 1969 824 1999 5.
