1769 3235
0 308 1 325 ζ
496 271 709 303 EPISTOLA
743 272 988 303 ctxxxvni.
1412 275 1436 322 7

0 335 7 345 ”
64 348 163 384 »est
184 339 230 385 in
263 337 479 384 Christ01.
505 358 524 379 n
548 337 603 381 Et
626 347 858 399 propterea
884 336 938 382 de
964 335 1032 382 his
1057 353 1232 400 quoque
1257 337 1436 401 spirita-

2 432 5 471 ,ss
60 408 176 454 libus
187 407 350 454 divitiis
367 443 378 463 ,
402 423 488 452 non
508 407 637 452 istum
651 407 728 468 qui
750 405 858 451 dicit
885 424 896 451 :
920 426 939 446 ε(
960 405 1119 451 Nullus
1141 407 1220 452 tibi
1239 425 1307 453 eas
1324 424 1438 471 prae-

62 488 126 524 ter
143 488 182 523 te
205 476 401 523 conferre
422 486 587 540 potest,
608 496 627 518 »
651 486 692 521 61
712 512 723 531 ,
748 496 769 516 α
794 476 885 521 Nisi
908 492 956 520 ex
982 486 1022 521 te
1048 486 1090 521 et
1116 476 1159 521 in
1187 486 1226 522 te
1245 493 1330 523 esse
1350 494 1439 523 non

0 540 3 557 '⁸
59 560 240 612 possunt
264 566 275 594 ι
297 569 317 590 »
342 548 415 594 sed
449 547 573 595 illum
608 546 756 592 audiat
784 547 858 609 qui
879 546 988 592 dicit
1016 564 1026 592 ε
1052 568 1071 588 α
1094 547 1321 593 Habemus
1340 548 1440 594 the-

60 639 82 662 »
103 635 278 665 saurum
303 618 431 664 istum
455 618 500 663 in
528 617 637 663 vasis
660 617 870 663 fictilibus
886 653 897 673 ‚
923 627 971 662 ut
1009 617 1242 664 eminentia
1266 618 1438 664 virtutis

59 710 80 731 »
105 689 162 734 sit
182 689 264 734 Dei
287 698 327 734 et
346 705 431 734 non
450 705 498 733 ex
522 687 648 733 nobis
662 687 695 734 2.
722 709 742 729 >2

122 758 197 805 VI.
226 760 288 804 De
307 759 400 822 ipsa
421 775 597 822 quoque
619 774 741 803 sacra
773 756 1044 803 continentia
1074 758 1278 818 virginali
1311 758 1434 822 quod

58 845 145 874 non
168 828 252 874 sibi
286 828 341 874 sit
363 845 410 874 ex
433 844 475 874 se
496 828 610 891 ipsa,
635 827 709 873 sed
736 828 790 873 sit
814 827 891 873 Dei
911 827 1097 883 donum,
1119 828 1318 891 quamvis
1340 845 1439 875 cre-

56 899 176 944 denti
227 897 475 961 volentique
516 897 725 943 collatum
749 934 760 954 ,
803 897 1006 943 eumdem
1049 897 1200 943 audiat
1238 915 1439 945 veracem

55 968 267 1032 piumque
287 968 509 1014 doctorem
527 1003 538 1024 ‚
579 968 657 1031 qui
680 984 782 1013 cum
811 967 919 1014 hinc
942 978 1085 1027 ageret
1109 967 1168 1013 ait
1196 985 1206 1013 :
1231 988 1251 1009 <‹
1273 968 1438 1014 Vellem

56 1059 77 1080 ›>
95 1055 243 1084 omnes
264 1054 351 1085 esse
370 1038 482 1084 sicut
504 1055 571 1084 me
599 1039 743 1101 ipsum
762 1055 772 1083 z
797 1037 870 1083 sed
892 1038 1189 1101 unusquisque
1205 1041 1437 1102 proprium

53 1129 74 1150 >2
101 1108 273 1154 donum
296 1107 473 1153 habeta
495 1109 586 1152 Deo
602 1145 613 1163 ‚
637 1107 744 1153 alius
765 1108 825 1154 sic
840 1144 851 1164 ,
874 1107 983 1153 alius
1002 1119 1145 1153 autem
1167 1108 1272 1156 5163.
1302 1130 1319 1150 ι)
1337 1112 1437 1154 Α11-

54 1177 148 1224 diat
166 1178 294 1224 etiam
324 1178 468 1240 ipsum
486 1214 497 1233 ‚
530 1194 618 1222 non
644 1188 811 1222 tantum
836 1194 963 1222 suum
980 1214 990 1230 ‚
1017 1177 1090 1222 sed
1116 1178 1326 1224 universae
1345 1182 1436 1224 Ec-

55 1247 197 1293 clesiae
223 1247 404 1294 unicum
426 1264 633 1310 sponsum
657 1246 711 1292 de
737 1246 810 1292 tali
832 1246 1028 1292 castitate
1046 1257 1174 1309 atque
1193 1247 1439 1307 integritate

55 1319 271 1364 dicentem
293 1334 304 1363 :
325 1319 459 1364 «Non
483 1335 630 1363 omnes
662 1318 845 1381 capiunt
873 1318 1057 1363 verbum
1081 1317 1192 1373 hoc,
1227 1318 1301 1363 sed
1333 1319 1439 1381 qui-

54 1408 76 1430 »
97 1387 181 1433 bus
204 1387 357 1433 datum
377 1387 485 1443 6514,
511 1409 531 1429 »
557 1398 605 1433 111
637 1387 850 1447 intelligat
880 1404 926 1432 ex
961 1405 1011 1433 eo
1044 1386 1166 1450 quod
1192 1387 1326 1433 habet
1347 1398 1436 1433 tam

53 1474 258 1517 magnum
282 1457 448 1503 bonum
467 1467 596 1521 atque
618 1457 882 1521 praeclarum
898 1494 910 1513 ‚
935 1475 976 1502 se
998 1458 1145 1521 potius
1171 1459 1262 1503 Deo
1287 1468 1329 1503 et
1348 1459 1436 1504 Do-

53 1527 171 1572 mino
183 1538 330 1573 nostro
350 1530 506 1587 gratias
518 1544 640 1587 agere
653 1527 812 1573 debere
828 1564 839 1583 ‚
853 1544 987 1590 quam
1002 1531 1261 1590 cujusquam
1276 1527 1430 1578 verba.

50 1596 171 1660 quod
204 1597 323 1644 velut
341 1615 388 1642 ex
414 1614 457 1642 se
479 1596 571 1660 ipsa
596 1597 642 1643 id
664 1597 848 1653 habeat,
880 1608 928 1643 ut
956 1614 1041 1642 non
1068 1596 1266 1642 dicamus
1287 1614 1435 1642 assen-

52 1667 184 1713 tantis
201 1667 460 1724 adulatoris‚
482 1685 535 1713 ne
545 1667 598 1713 de
615 1668 799 1715 occultis
817 1668 1046 1714 hominum
1063 1679 1221 1713 temere
1235 1667 1436 1727 judicare

50 1737 296 1795 videamur,
313 1749 428 1785 certe
440 1738 868 1785 errantislaudatoris
888 1739 1052 1785 audire.
1071 1759 1089 1779 «
1106 1739 1249 1784 Omne
1268 1738 1435 1801 quippe

51 1806 244 1854 »datum
275 1809 519 1872 optimum,
562 1820 605 1855 et
639 1826 767 1855 omne
801 1809 967 1854 donum
1005 1808 1247 1871 perfeetum
1269 1844 1279 1864 ‚
1324 1808 1437 1854 sicut

53 1898 74 1919 »
96 1877 205 1924 dicit
228 1879 355 1924 etiam
375 1879 596 1942 apostolus
617 1879 812 1924 Jacobus
834 1897 844 1924 ι
869 1881 932 1924 De
949 1894 1123 1924 sursum
1145 1889 1206 1923 est
1221 1914 1232 1933 ‚
1253 1878 1437 1923 descen—

52 1969 74 1990 »
96 1948 202 1995 dens
223 1967 244 1995 a
271 1949 671 1996 Patreluminum5.
694 1970 713 1990 ι)
728 1950 843 1995 Hinc
861 1966 961 2009 ergo
974 1959 1170 1994 etsancta
1181 1948 1404 2008 virginitas
1420 1986 1431 2004 ‚

51 2035 138 2082 qua
151 2030 193 2065 te
212 2019 302 2067 filia
314 2019 528 2065 volentem
548 2019 894 2083 gaudentemque
913 2020 1018 2065 vicit
1037 2056 1047 2075 ‚
1073 2030 1178 2064 natu
1193 2019 1427 2082 posterior,

50 2100 154 2134 actu
181 2089 317 2153 prior,
351 2106 502 2150 genere
525 2107 574 2136 ex
598 2100 658 2144 te,
693 2090 862 2135 honore
893 2100 989 2135 ante
1019 2101 1060 2135 te
1079 2126 1089 2145 ‚
1127 2099 1255 2134 aetate
1279 2088 1435 2134 subse-

50 2175 210 2223 quens,
234 2161 460 2206 sanctitate
477 2159 756 2223 praeceden53
778 2160 823 2206 in
841 2177 926 2223 qua
949 2161 1075 2205 etiam
1090 2170 1216 2205 tuum
1235 2175 1320 2204 esse
1341 2174 1432 2204 coe-

51 2229 143 2293 pit,
165 2229 286 2293 quod
316 2230 359 2276 in
393 2241 434 2276 te
463 2248 549 2276 esse
585 2246 674 2276 non
700 2231 862 2293 potuit.
894 2231 977 2276 Illa
1004 2230 1170 2293 quippe
1193 2228 1426 2274 carnaliter

50 2311 136 2345 non
161 2300 339 2364 nupsit,
365 2311 413 2347 ut
437 2318 524 2347 non
551 2312 721 2347 tantun}
743 2302 849 2357 sibi,
877 2301 950 2347 sed
974 2302 1101 2346 etiam
1132 2300 1214 2345 tibi
1241 2299 1353 2345 ultra
1384 2310 1430 2345 te

49 2369 298 2433 spiritaliter
329 2382 556 2431 augeretur
586 2389 597 2416 ε
625 2372 833 2435 quoniam
863 2382 904 2417 et
931 2382 974 2417 tu
1006 2389 1052 2417 ea
1077 2369 1432 2433 compensatione

52 2441 195 2486 minor
217 2440 291 2487 illa
313 2458 355 2487 es
376 2478 387 2498 ‚
422 2442 542 2506 quod
563 2440 621 2488 ita
644 2443 829 2507 nupsisti
854 2453 902 2489 111
924 2452 1188 2488 nasceretur.
1217 2441 1326 2486 Haec
1350 2440 1430 2485 Dei

99 2539 110 2561 ¹
127 2551 144 2570 2
164 2542 242 2575 Cor.
263 2552 308 2580 xi,
327 2541 516 2576 2.-²1d.
537 2553 580 2581 iv,
600 2554 629 2582 7.
649 2559 691 2567 —
709 2539 723 2564 3
748 2555 759 2573 1
781 2543 855 2575 Cor.
874 2554 935 2578 vn,
958 2555 986 2581 7.
1003 2559 1046 2565 —-
1063 2538 1075 2562 ⁴
1094 2539 1293 2578 Mauh.x1x‚
1313 2551 1366 2575 11,
1381 2556 1430 2566 ·-·

52 2592 193 2628 ⁵Jacob.
214 2607 243 2638 1,
269 2608 320 2634 17·
