1769 3235
321 269 410 316 232
727 280 762 308 s.
805 276 1044 309 Auensrim
1080 280 1281 310 131>1scor1

316 346 673 412 quandoquidem
698 362 780 408 pro
803 344 877 400 εἰς,
899 346 975 407 qui
991 344 1128 391 eidem
1148 345 1359 392 doctrinae
1378 347 1684 395 contradicen-
1716 406 1718 409 Ι
1766 358 1769 385 ἑ

314 428 376 463 tes
397 417 603 463 noluntei
627 415 817 470 credere,
836 415 979 477 ipsum
1005 416 1144 460 Deum
1162 416 1247 461 fide
1281 427 1396 462 recta
1414 434 1615 477 rogamus
1639 430 1687 465 ut
1768 443 1769 447 =

313 489 483 535 velint?
1736 479 1738 483 ¹

375 557 538 604 XXIV.
573 555 808 613 Quomodo
826 557 940 601 Deus
958 567 1153 619 expectat
1170 557 1416 603 voluntates
1434 558 1683 614 hominum,

312 641 362 676 ut
390 628 662 692 praeveniant
690 644 787 672 eum
820 626 980 689 quibus
1005 627 1078 672 det
1103 628 1315 686 gratiam3
1350 645 1450 674 cum
1475 630 1633 688 gratias
1650 630 1688 675 ei
1738 683 1740 689 ,

312 717 401 745 non
422 698 639 744 immerito
668 714 842 758 agamus
868 696 920 742 de
939 697 1006 752 iis,
1027 697 1189 760 quibus
1206 714 1293 741 non
1327 698 1364 743 ei
1393 698 1685 754 erodentibus,

311 781 354 815 et
371 773 463 829 ejus
485 768 731 814 doctrinam
751 767 970 813 voluntate
998 767 1134 829 impia
1157 769 1534 829 persequentibus,
1561 768 1688 814 mise·
1741 796 1743 798 ·

310 840 549 887 ricordiam
573 837 855 902 praerogavit,
875 854 1030 899 eosque
1051 836 1103 882 ad
1124 854 1164 882 se
1191 837 1336 900 ipsum
1354 840 1693 902 omnipotentis-
1741 867 1750 897 χ

312 911 420 957 sima
437 909 642 956 facilitate
664 908 895 962 convertit,
923 924 971 952 ac
1005 907 1195 953 volentes
1213 925 1259 953 ex
1282 909 1532 954 nolentibus
1562 908 1694 954 fecit?
1742 921 1744 936 ²

313 981 374 1026 Ut
393 979 503 1043 quid
522 980 560 1024 ei
572 978 675 1025 inde
693 978 848 1038 gratias
865 976 1048 1036 agilum,
1071 978 1105 1023 si
1130 978 1216 1023 hoc
1248 979 1340 1041 ipse
1367 996 1455 1024 non
1478 979 1614 1024 fecit?
1638 979 1698 1025 Ut
1736 967 1745 1031 ⁴,

310 1050 422 1115 quid
450 1059 571 1094 tanto
583 1048 717 1109 magis
734 1064 833 1093 eum
851 1047 1194 1107 magnificamus,
1226 1060 1391 1111 quanto
1406 1050 1542 1110 magis
1573 1049 1694 1095 nole·

316 1121 429 1167 bant
447 1118 637 1176 credere,
669 1135 780 1182 quos
803 1118 1035 1165 credidisse
1055 1118 1307 1179 gaudemus,
1337 1120 1371 1165 si
1391 1120 1525 1179 gratia
1551 1119 1700 1166 divina
1747 1143 1751 1151 ·

319 1190 521 1236 voluntas
536 1190 584 1235 in
603 1188 755 1235 melius
777 1206 865 1234 non
879 1199 1074 1234 mutatur
1094 1189 1316 1234 humana?
1332 1190 1565 1252 Apostolus
1587 1191 1702 1235 Pau·
1740 1183 1747 1248 i

314 1260 413 1306 lus:
441 1282 461 1302 «
482 1261 630 1316 Eram,
653 1259 816 1322 inquit,
838 1260 1011 1319 ignotus
1030 1259 1138 1305 facie
1168 1260 1371 1305 Ecclesiis
1395 1260 1583 1316 Judaeae,
1600 1276 1702 1323 quae
1748 1280 1749 1283 ¹

318 1353 341 1374 »
361 1343 463 1377 sunt
494 1331 541 1377 in
580 1330 788 1384 Christ03
817 1341 989 1376 tantum
1016 1341 1161 1375 autem
1196 1331 1463 1383 audiebant,
1490 1331 1595 1394 quia
1627 1330 1705 1395 qui
1749 1347 1752 1365 ³

323 1423 346 1443 n
371 1401 607 1465 aliquando
631 1418 703 1446 nos
719 1402 1075 1464 persequebatur,
1103 1417 1222 1446 nunc
1257 1401 1521 1461 evangelizat
1551 1401 1717 1456 fidem,v

323 1494 346 1516 ›>
370 1489 504 1536 quam
549 1470 785 1534 aliquando
833 1471 1056 1524 vastabat3
1098 1482 1140 1516 et
1171 1472 1217 1517 in
1263 1489 1331 1516 me
1365 1472 1708 1531 magnificabant

329 1564 351 1586 »
376 1546 520 1589 Deum
544 1542 578 1589 4.
603 1564 623 1584 ›>
646 1542 704 1587 Ut
716 1541 825 1605 quid
864 1542 1206 1602 magnificabant
1237 1543 1396 1598 Deum,
1420 1543 1453 1587 si
1478 1560 1567 1588 non
1590 1543 1707 1588 Deus
1764 1533 1769 1596 l

329 1614 384 1660 ad
404 1614 605 1677 seipsum
632 1629 709 1659 cor
726 1613 841 1658 illius
857 1614 940 1658 viri
964 1629 1054 1658 suae
1078 1613 1227 1672 gratiae
1251 1613 1448 1659 bonitate
1474 1623 1703 1659 converte*
1763 1602 1769 1681 {

330 1696 416 1738 rat,
437 1684 615 1748 quando
636 1694 684 1730 ut
705 1685 797 1747 ipse
817 1684 1069 1739 confitetur,
1091 1683 1432 1729 misericordiam
1454 1693 1711 1730 consecutus
1766 1687 1769 1739 i

331 1767 412 1811 est,
435 1766 483 1800 ut
503 1754 643 1800 fidelis
661 1765 785 1810 esset,
825 1771 874 1799 ea
896 1754 1000 1810 fide,
1028 1770 1161 1816 quam
1191 1753 1426 1816 aliquando
1449 1753 1710 1800 vastabat2?
1768 1767 1769 1770 ’

332 1828 485 1890 Ipsum
510 1826 639 1871 etiam
658 1825 843 1871 verbum
861 1825 980 1888 quod
1000 1825 1164 1887 posuit,
1186 1840 1317 1887 quem
1350 1824 1431 1869 nisi
1464 1824 1605 1869 Deum
1625 1822 1713 1868 hoc

336 1910 427 1943 tam
463 1913 669 1957 magnum
693 1896 861 1941 bonum
896 1895 1043 1940 fecisse
1077 1894 1300 1940 declarat?
1324 1894 1445 1951 Quid
1476 1904 1538 1939 est
1563 1893 1710 1939 enim:

331 1990 354 2012 »
378 1969 432 2013 In
449 1985 517 2013 me
541 1967 888 2026 magnificabant
913 1967 1071 2022 Deum,
1093 1987 1113 2007 ›>
1131 1965 1230 2021 nisi,
1257 1966 1304 2011 in
1330 1983 1398 2011 me
1420 1970 1563 2011 Deum
1591 1981 1715 2024 mag-

331 2040 515 2086 nificum
530 2036 870 2100 praedicabant?
895 2036 1132 2093 Quomodo
1146 2047 1287 2082 autem
1307 2053 1406 2082 eum
1430 2036 1715 2096 magnificum

333 2108 659 2175 praedicabant,
687 2107 721 2152 si
738 2124 944 2167 magnum
967 2106 1077 2152 illud
1098 2107 1265 2152 factum
1290 2106 1342 2152 de
1379 2106 1506 2151 Pauli
1529 2123 1717 2153 conver-

337 2182 457 2227 sione
488 2180 580 2242 ipse
602 2195 690 2223 non
714 2177 906 2224 fecerat?
927 2188 969 2224 et
995 2195 1084 2241 quo
1111 2189 1246 2241 pacto
1264 2177 1355 2240 ipse
1374 2176 1550 2233 fecerat,
1579 2177 1613 2222 si
1641 2193 1718 2222 vo-

332 2253 494 2299 lentem
515 2248 690 2295 credere
715 2265 762 2294 ex
779 2248 953 2294 nolente
975 2249 1068 2312 ipse
1092 2265 1182 2293 non
1200 2247 1391 2293 fecerat?

401 2319 542 2368 XXV.
567 2319 734 2382 Nempe
753 2318 1029 2365 manifestum
1046 2330 1108 2364 est
1132 2336 1177 2364 ex
1197 2318 1280 2363 illis
1299 2317 1534 2364 duodecim
1555 2328 1721 2364 senten-

336 2394 422 2449 tiis,
437 2408 545 2455 quas
558 2389 777 2453 pertinere
791 2389 845 2435 ad
859 2390 1123 2435 catholicam
1139 2388 1270 2434 fidem
1289 2406 1442 2448 negare
1454 2405 1543 2434 non
1557 2388 1721 2446 sineris,

335 2482 426 2511 non
444 2462 583 2509 solum
597 2461 819 2519 omnibus,
835 2462 1119 2507 verumetiam
1135 2460 1312 2520 singulis
1324 2459 1370 2505 id
1381 2460 1616 2518 confici,ut
1626 2475 1724 2505 con-

332 2537 537 2582 fiteamur
551 2532 687 2592 gratia
702 2533 781 2578 Dei
800 2532 1038 2596 praeveniri
1054 2532 1286 2578 hominum
1301 2530 1564 2590 voluntates,
1578 2541 1620 2576 et
1644 2546 1725 2596 per
1757 2563 1762 2572 .

390 2618 401 2641 ¹
420 2617 528 2650 Galat.
552 2627 581 2655 1,
601 2625 656 2648 22.
672 2632 714 2640 —
734 2615 750 2638 2
771 2629 783 2648 1
804 2617 880 2649 Cor.
897 2627 953 2657 vn,
971 2618 1026 2648 23.

1758 2576 1763 2634 t

1758 2639 1763 2724 ἰ

1759 2729 1764 2811 ἰ

1760 2814 1765 2877 ς

1761 2879 1766 2937 ξ

1761 2951 1767 3094 ἓ

1763 3107 1768 3171 l

1762 3174 1769 3227 ξ.
