1769 3235
507 288 715 319 EPISTOLA
756 290 951 319 ccxxxii.
1325 279 1412 339 ἀοῖ

46 353 258 401 mutabile
277 366 319 400 et
333 353 442 400 nulli
469 352 638 400 effabile
663 354 742 401 nisi
763 366 929 401 tantum
960 357 1056 402 sibi.
1091 357 1163 402 Est
1181 356 1415 420 quiddam,

46 441 132 491 quo
159 441 200 470 se
217 423 310 488 ipsa
336 423 560 471 summitas
580 425 810 485 majestatis
834 437 981 472 narrat
1005 437 1046 472 et
1070 426 1282 491 praedicat
1298 466 1307 484 ‚
1333 445 1420 473 non

47 495 188 559 impar
203 496 391 556 gignenti
418 507 546 559 atque
571 496 763 542 narranti
781 495 972 542 Verbum
989 535 1000 554 ,
1023 515 1108 562 quo
1125 497 1196 543 ille
1221 499 1297 563 qui
1320 499 1420 544 Vor-

48 565 153 611 bum
173 565 336 626 gignit,
365 565 619 613 ostenditur.
649 567 723 612 Est
748 566 952 630 quaedam
977 568 1181 613 sanctitas
1197 569 1390 614 omnium
1407 606 1417 619 ,

48 652 147 700 quae
178 648 326 682 sancta
352 638 486 695 siunt,
521 637 852 693 sanctificatrix,
881 638 1015 700 ipsius
1049 637 1423 685 incommutabilis

49 705 181 752 Verbi
199 724 279 770 per
297 708 416 772 quod
440 707 761 754 narraturillud
776 708 1046 773 principium
1061 745 1072 764 ,
1097 719 1138 753 et
1157 708 1290 774 ipsius
1307 710 1423 772 prin-

49 776 153 841 cipii
170 778 287 841 quod
313 781 407 843 pari
431 797 472 825 se
496 780 641 826 Verbo
662 791 836 837 narrat,
858 779 1161 843 inseparabilis
1183 791 1224 825 et
1241 780 1425 826 indivisa

49 849 314 897 communio.
358 851 467 908 Quis
506 862 650 897 autem
678 851 765 897 hoc
800 861 939 897 totum
957 888 968 907 ,
992 849 1112 914 quod
1133 867 1219 896 non
1239 850 1425 896 dicendo

50 918 192 965 dicere
209 933 389 968 conatus
410 940 522 979 sum,
545 935 587 969 et
612 922 799 969 dicendo
820 940 907 969 non
925 922 1084 976 dicere,
1107 922 1205 986 quis
1222 922 1309 969 hoc
1327 940 1430 987 pos-

50 989 102 1035 sit
127 992 390 1039 serenissima
404 995 745 1040 etsincerissima
769 1005 910 1040 mente
935 993 1154 1051 contueri,
1172 1011 1309 1058 eoque
1322 1012 1432 1040 con-

52 1059 165 1106 tuitu
195 1061 513 1110 beatitudinem
538 1064 714 1120 ducere,
754 1076 884 1129 atque
926 1065 970 1111 in
1005 1063 1051 1114 id
1086 1063 1206 1131 quod
1238 1065 1432 1113 intuetur

51 1128 254 1178 deficiens
283 1135 475 1198 quodam
501 1135 633 1181 modo
658 1153 699 1181 se
729 1135 955 1192 oblivisci,
984 1146 1025 1181 et
1053 1152 1229 1199 pergere
1251 1135 1297 1182 in
1320 1135 1432 1181 illud

52 1206 175 1264 cujus
201 1205 308 1251 visio
339 1207 466 1252 nobis
496 1207 729 1253 invisibilis
754 1219 841 1261 est,
876 1207 994 1271 quod
1020 1218 1082 1252 est
1109 1207 1434 1253 immortalitate

52 1272 197 1327 indui,
222 1287 263 1321 et
281 1277 478 1324 obtinere
500 1289 704 1324 &eternam
733 1278 911 1324 salutem
928 1315 938 1333 ‚
968 1295 1045 1341 per
1069 1295 1202 1341 quam
1227 1295 1294 1323 me
1314 1277 1433 1323 salu-

53 1355 140 1391 tare
158 1344 424 1406 dignamini?
446 1349 557 1409 Quis
575 1349 662 1396 hoc
681 1350 839 1414 possit,
855 1349 936 1394 nisi
951 1349 1026 1412 qui
1049 1366 1195 1393 omnes
1216 1348 1434 1414 superbiae

53 1433 140 1463 suae
169 1428 283 1464 toros
307 1420 470 1466 inanes.
508 1431 687 1484 peccata
711 1437 784 1466 sua
812 1420 1046 1469 confitens„
1066 1418 1432 1484 complanaverit,

54 1503 181 1551 seque
200 1489 484 1537 substraverit
500 1491 649 1537 mitem
669 1502 796 1556 atque
817 1489 1030 1536 humilem
1057 1489 1110 1534 ad
1133 1489 1434 1553 excipiendum

55 1558 194 1604 Deum
219 1559 476 1607 doctorem?

118 1629 192 1677 Vl.
227 1631 446 1688 Quoniam
471 1650 572 1694 ergo
591 1651 615 1679 a
636 1634 828 1679 vanitate
860 1633 1082 1696 superbi-«e
1117 1632 1240 1694 prius
1264 1632 1317 1678 ad
1344 1633 1434 1678 hu-

54 1700 279 1748 militatem
316 1702 565 1769 deponendi
603 1722 778 1760 summ,
802 1715 850 1750 ut
880 1704 981 1750 inde
1009 1714 1227 1764 surgentes
1251 1703 1435 1749 solidam

55 1770 352 1820 celsitudinem
375 1786 594 1822 teneamus
611 1813 621 1832 ‚
640 1793 727 1821 non
746 1775 891 1839 potuit
916 1775 1004 1820 hoc
1020 1773 1148 1819 nobis
1170 1784 1290 1819 tanto
1312 1792 1438 1834 mag-

55 1841 326 1902 nificentius,
351 1857 518 1909 quanto
537 1846 744 1892 blandius
765 1845 996 1910 inspirari,
1013 1856 1061 1890 ut
1078 1855 1224 1891 nostra
1242 1844 1441 1890 ferocitas·

56 1930 143 1959 non
166 1915 239 1970 vi,
277 1915 351 1961 sed
386 1918 668 1979 persuasione
693 1917 930 1963 sedaretur.
969 1916 1052 1961 nisi
1080 1916 1272 1961 Verbum
1304 1915 1438 1970 illud,

56 2001 133 2046 per
165 1985 284 2048 quod
314 2004 356 2032 se
390 1989 558 2048 Angelis
586 1989 753 2034 indicat
784 1989 898 2033 Deus
918 1987 1064 2032 Pater.
1097 1985 1214 2049 qnod
1243 1986 1379 2031 virtus
1399 2000 1432 2031 ez

57 2056 267 2120 sapientia
288 2062 380 2119 ejus
399 2071 488 2117 est,
511 2059 630 2125 quod
649 2059 782 2106 corde
808 2059 1004 2104 humano
1031 2057 1271 2103 visibilium
1296 2075 1439 2103 rerum

58 2127 296 2191 cupiditate
320 2141 485 2178 caecato
504 2132 640 2178 videri
661 2148 747 2178 non
773 2139 968 2193 poterat,
992 2145 1219 2193 personam
1250 2145 1369 2173 suam
1399 2130 1440 2174 in

58 2195 235 2244 homine
255 2217 376 2261 agere
403 2213 530 2266 atque
548 2201 773 2248 ostendere
793 2200 1062 2260 dignaretur.
1083 2209 1130 2242 nt
1150 2200 1285 2260 magis
1310 2199 1442 2245 homo

60 2266 228 2315 timeret
255 2272 397 2318 extolli
435 2273 549 2320 fastu
574 2274 793 2327 hominis,
822 2288 955 2336 qnam
991 2270 1215 2316 humiliari
1245 2271 1440 2333 exemplo

60 2339 153 2387 Dei.
190 2343 344 2406 ltaque
371 2363 460 2391 non
494 2345 695 2391 Christus
722 2360 853 2404 regno
879 2353 1048 2387 terreno
1083 2340 1334 2394 decoratus,
1363 2360 1440 2388 nec

61 2411 260 2459 Christus
280 2417 456 2462 terrenis
483 2417 642 2481 opibus
664 2416 782 2461 dives
801 2453 810 2460 .
838 2431 915 2459 nec
939 2412 1137 2457 Christus
1163 2411 1251 2457 ulla
1273 2422 1440 2458 terrena

61 2481 261 2530 felicitate
281 2486 573 2549 praefnlgens;
600 2488 673 2534 sed
696 2487 898 2533 Christus
918 2483 1174 2530 crucifixus.
1202 2491 1280 2547 per
1297 2495 1437 2529 totum

64 2562 271 2600 terrarum
293 2558 442 2603 orbem
469 2558 739 2621 praedicatur
762 2576 771 2602 :
800 2554 921 2619 quod
940 2555 1127 2599 riserunt
1143 2556 1260 2618 prius
1285 2556 1439 2618 popuii

62 2626 376 2687 superborum,
404 2639 444 2673 et
463 2628 608 2674 adhuc
630 2629 770 2675 rident
798 2625 992 2688 reliquife
1017 2642 1025 2668 :
1057 2625 1339 2670 crediderunt
1366 2642 1437 2671 au·

1229 2715 1301 2746 20.
