1769 3235
541 281 751 313 iamsi-ora
787 283 969 314 ccrxm.
1348 267 1440 330 407

69 348 221 395 bent1.
265 347 364 393 Non
398 347 511 393 enim
540 346 788 393 contristari
813 348 1047 411 probibuit
1071 348 1234 395 Paulus
1263 358 1444 412 aposto-

69 419 135 465 lus
152 455 163 475 ,
191 435 290 464 cum
316 418 403 464 hoe
422 417 610 472 diceret,
638 416 711 462 sed
729 418 788 463 sic
809 419 1054 466 contristari
1073 418 1446 483 quemadmodum

70 500 236 551 gentes,
260 505 360 552 quae
383 505 502 551 spem
530 505 617 533 non
643 487 824 534 habent.
857 490 967 535 Nam
986 500 1028 535 et
1048 489 1223 535 Martha
1247 500 1288 535 et
1310 489 1446 535 Maria

69 562 156 625 piae
182 577 346 606 sorores
379 570 419 605 et
457 558 602 605 fideles
634 570 978 605 resurrecturum
1003 578 1127 606 suum
1152 560 1330 606 fratrem
1354 562 1446 606 La-

70 649 217 678 zarum
254 630 450 676 flebant²
473 666 483 685 ,
516 630 716 693 quamvis
739 648 837 675 eum
866 640 972 677 tune
1001 631 1054 677 ad
1079 631 1195 677 hanc
1219 632 1351 677 vitam
1377 648 1449 677 re-

70 701 264 747 diturum
290 719 376 746 esse
400 701 627 748 nescirent.
665 702 715 746 lit
734 701 826 765 ipse
849 701 1061 747 Dominus
1077 702 1295 756 eumdem,
1318 719 1449 765 quem

10 817 13 835 .-
69 773 211 820 {uerat
234 774 564 818 resuscitaturus
579 809 590 827 ‚
611 774 822 818 Lazarum
848 771 996 817 flevit-⁹³
1017 809 1027 828 ‚
1053 773 1261 821 nimirum
1282 773 1450 818 utssea-

71 860 167 889 mus
189 844 316 889 etiam
339 861 416 889 nos
433 860 504 888 eos
526 854 744 897 mortuos,
765 860 874 907 quos
899 842 953 888 ad
973 860 1117 888 veram
1145 843 1279 888 vitam
1301 859 1457 888 resur···

70 923 263 960 recturos
293 914 511 960 credimus
533 951 543 969 ‚
580 915 656 960 etsi
681 931 768 960 non
798 914 926 975 jussit
958 923 1210 977 praecepto,
1241 914 1454 958 concessit

70 985 283 1050 exemplo.
315 987 405 1032 Nee
430 985 588 1031 frustra
612 986 841 1049 Scriptura
872 985 982 1031 dicit
1003 986 1048 1030 in
1075 985 1187 1031 libro
1211 983 1450 1029 Ecclesias-

75 1056 190 1110 tico;
217 1077 236 1097 ιι
258 1057 310 1101 ln
336 1067 510 1102 mortuo
541 1056 712 1120 produc
735 1057 948 1121 lacrymas
967 1093 977 1112 ‚
1001 1067 1043 1101 et
1072 1055 1197 1119 quasi
1224 1055 1319 1100 dira
1346 1071 1451 1118 per-

73 1147 94 1169 ³³
114 1143 261 1190 pessus
285 1127 429 1190 incipe
451 1127 851 1174 lamentationem.»
873 1127 957 1173 Sed
978 1126 1110 1190 paulo
1134 1137 1233 1190 post
1261 1126 1345 1181 ait,
1364 1126 1454 1169 «Et

73 1217 94 1238 >³
117 1197 339 1242 consolare
375 1209 560 1260 propter
583 1199 817 1244 tristitiam.
850 1201 881 1243 A
912 1198 1083 1243 tristitia
1112 1198 1227 1242 enim
1251 1195 1453 1259 procedit

74 1289 95 1309 »
120 1285 234 1312 mors
252 1305 261 1323 ‚
288 1278 330 1313 et
356 1269 529 1313 tristitia
553 1269 697 1314 cordis
723 1269 868 1314 flectet
889 1266 1237 1314 fortitudinem&
1262 1288 1282 1308 »

139 1339 213 1385 lv.
248 1343 398 1384 Frater
427 1350 553 1395 tuus,
596 1339 712 1395 filia,
753 1351 895 1385 mente
928 1340 1063 1395 vivit,
1098 1355 1229 1384 carne
1253 1337 1450 1393 dormit,

75 1410 289 1472 numquid
313 1411 387 1473 qui
413 1409 576 1456 dormit
599 1448 608 1465 ‚
634 1428 720 1455 non
743 1411 948 1470 adjiciet,
980 1420 1028 1455 ut
1055 1408 1311 1468 resurgat⁵P
1341 1410 1456 1453 Deus

75 1480 149 1544 qui
171 1480 373 1542 spiritum
403 1484 493 1540 ejus
514 1485 603 1541 jam
625 1482 845 1544 suscepit,
872 1482 1068 1527 restituet
1089 1479 1127 1525 ei
1147 1495 1309 1542 corpus
1327 1494 1455 1524 suum

73 1550 195 1615 quod
225 1567 311 1596 nou
334 1550 607 1614 perdendum
632 1551 839 1607 abstulit,
868 1551 940 1597 sed
966 1549 1238 1596 reddendum
1265 1548 1448 1596 distulit.

77 1620 207 1666 Nulla
229 1631 292 1666 est
315 1621 448 1680 igitur
472 1638 600 1667 causa
629 1622 818 1667 tristitiae
835 1621 1075 1678 diuturnae,
1102 1621 1206 1685 quia
1231 1621 1376 1684 potior
1395 1629 1457 1665 est

77 1709 204 1738 causa
223 1692 390 1738 laetitiae
418 1693 708 1755 sempiternae.
735 1692 1110 1756 Quandoquidem
1140 1691 1334 1751 germani
1365 1691 1454 1745 tui,

77 1779 157 1808 nee
187 1780 287 1826 pars
325 1763 418 1826 ipsa
454 1763 669 1818 mortalis,
700 1780 802 1826 quae
827 1764 872 1809 in
902 1774 1012 1808 terra
1049 1761 1221 1825 sepulta
1257 1771 1346 1817 est,
1374 1760 1459 1806 tibi

77 1834 262 1898 peribit,
302 1834 344 1879 in
371 1851 456 1895 qua
495 1835 576 1880 tibi
604 1836 953 1898 praesentabatur
971 1872 981 1891 ‚
1017 1851 1097 1898 per
1124 1849 1258 1896 quam
1283 1843 1322 1878 te
1347 1831 1459 1878 allo-

77 1906 325 1969 quebatur3
368 1917 598 1969 tecumque
633 1906 970 1970 colloquebatur
992 1943 1002 1958 ,
1033 1922 1080 1951 ex
1109 1921 1195 1968 qua
1228 1904 1462 1968 promebat

79 1993 227 2022 vocem
260 1977 321 2022 sic
350 1977 432 2021 tuis
471 1977 649 2023 auribus
681 1988 829 2023 notam
852 2014 862 2031 ‚
895 1974 1270 2041 quemadmodum
1306 1973 1463 2020 faciem

78 2048 164 2092 tuis
190 2046 326 2092 oculis
351 2047 585 2100 offerebat3
614 2049 673 2093 ita
701 2059 749 2094 ut
774 2048 1044 2111 ubicumque
1077 2045 1308 2100 sonuisset,
1333 2044 1463 2090 etiam

79 2134 169 2163 non
193 2117 308 2162 visus
347 2117 502 2163 soleret
527 2119 715 2178 agnosci.
760 2119 868 2164 Haec
899 2118 1014 2164 enim
1041 2117 1242 2162 vivorum
1270 2114 1466 2160 sensibus

82 2187 406 2232 subtrahuntur
426 2224 436 2244 ‚
474 2199 522 2234 ut
556 2189 749 2235 dolorem
778 2188 911 2234 faciat
946 2187 1141 2234 absentia
1167 2196 1460 2232 mortuorum.

88 2257 171 2303 Sed
196 2257 374 2320 quando
395 2275 472 2304 nec
494 2260 587 2322 ipsa
610 2260 653 2304 in
690 2270 899 2306 aeternum
931 2275 1118 2322 corpora
1140 2256 1376 2321 peribunt,
1403 2256 1469 2302 uti

82 2345 161 2374 nee
185 2328 370 2391 capillus
403 2331 556 2394 capitis
589 2332 785 2395 peribit6
804 2368 814 2388 ,
844 2342 886 2376 et
921 2330 975 2376 ad
1003 2341 1173 2392 tempus
1191 2327 1388 2391 deposita
1407 2326 1469 2372 sic

81 2398 368 2462 recipientur,
403 2411 451 2445 ut
485 2418 710 2465 nunquam
749 2402 930 2448 ulterius
969 2399 1277 2464 deponantur,
1313 2396 1388 2443 sed
1426 2397 1471 2442 in

131 2515 141 2537 ¹
166 2526 178 2546 1
199 2515 311 2547 Thess.
327 2527 370 2552 xv,
390 2519 441 2550 13.
459 2535 504 2542 —
523 2516 539 2539 ²
552 2521 710 2557 Joan.x1,
728 2520 835 2553 3t.—-
851 2515 865 2540 3
880 2517 960 2550 [bid.
983 2517 1089 2550 35.-
1107 2512 1121 2537 ⁴
1139 2514 1390 2554 Eceli.xxxv111‚
1413 2516 1468 2550 16,

85 2588 130 2594 —
146 2568 159 2592 ⁵
179 2571 261 2604 Psal.
278 2582 331 2608 η,
348 2583 379 2612 9.
397 2571 469 2596 -5
486 2578 564 2606 Luc.
587 2586 653 2612 xxi„
676 2577 728 2608 18.
