1769 3235
349 261 439 307 332
768 273 803 303 s.
845 272 1092 306 AUGUSTINI
1125 274 1329 306 Emscom

349 350 390 384 et
415 338 557 384 anima
577 355 665 384 non
688 338 774 384 sint
798 355 1074 393 unu1n3cur
1091 358 1177 386 non
1201 340 1341 386 multo
1364 341 1496 401 magis
1517 341 1570 387 sit
1600 337 1766 389 Pater
1763 376 1766 394 .

352 419 393 455 et
421 409 553 454 Filius
578 426 689 454 unus
718 410 860 465 Deus,
892 426 991 456 cum
1013 410 1344 456 P·1tereisilius
1371 427 1506 456 unuin
1532 412 1633 465 sint,
1659 429 1729 458 se·
1764 441 1767 455 ι

353 479 546 524 cundum
577 479 636 524 ill
629 496 696 524 im
722 479 920 526 Veritatis
945 497 1119 536 vocem,
1153 502 1171 521 α
1189 483 1280 540 Ego
1295 491 1336 525 et
1354 482 1481 526 Pater
1503 498 1635 527 unum
1653 499 1730 529 su-

354 570 374 591 >2
402 548 556 594 nius1?
578 570 597 590 »
620 550 728 594 ltem
749 567 850 595 cuni
870 550 1004 596 honio
1027 550 1206 595 interior
1223 562 1264 595 et
1289 551 1421 596 honio
1439 552 1618 597 exterior
1642 570 1728 598 non
1766 597 1769 612 ,›

350 619 434 664 sint
468 636 602 664 unum
629 657 639 675 ‚
685 637 825 684 neque
865 622 977 666 enirn
1019 621 1211 680 ejusdem
1248 632 1417 666 naturae
1451 632 1512 666 est
1550 623 1731 668 exterior

347 693 471 749 cujus
509 689 718 745 interior,
752 690 853 754 quia
891 691 1070 735 exterior
1100 707 1200 735 euni
1237 702 1492 753 nuncupato
1538 708 1725 755 corpore

353 758 517 804 dicitur
539 759 673 805 homo
690 797 699 815 ‚
725 760 905 806 interior
927 772 1067 805 autem
1097 760 1142 804 in
1164 759 1253 805 sola
1276 761 1475 806 rationali
1495 762 1637 807 anima
1659 763 1730 807 in-
1768 769 1769 772 ’

350 829 584 889 telligitur3
616 842 852 893 utrumque
872 841 1015 875 tamen
1036 829 1166 875 simul
1187 847 1273 875 non
1302 830 1499 876 homines
1520 831 1608 876 duo
1624 867 1634 887 ,
1656 830 1731 878 sed

350 916 463 946 unus
498 900 693 945 dicitur:
726 911 892 963 quanto
929 901 1066 960 magis
1098 902 1229 946 Pater
1249 912 1290 946 et
1315 901 1447 946 Filius
1481 918 1591 947 unus
1616 903 1732 948 Deus
1768 934 1769 937 =

350 981 429 1028 est,
451 987 550 1016 cum
570 972 704 1015 Pater
725 981 766 1016 et
793 970 925 1016 Filius
948 988 1082 1016 unum
1100 971 1184 1016 sint
1203 991 1214 1025 ;
1238 972 1338 1034 quia
1357 971 1548 1032 ejusdcm
1566 983 1733 1019 naturae

348 1041 414 1086 vel
438 1041 697 1086 substantiae
723 1052 855 1097 sunt,
878 1042 945 1088 vel
966 1042 999 1087 si
1022 1059 1110 1105 quo
1133 1041 1216 1087 alio
1241 1043 1458 1088 vocabulo
1483 1060 1733 1103 congruen-

348 1112 433 1156 tius
457 1111 622 1156 dicitur
644 1110 689 1156 id
717 1111 837 1175 quod
863 1113 977 1158 Deus
1001 1123 1091 1168 est,
1135 1111 1250 1158 unde
1280 1113 1447 1158 «lictum
1485 1124 1573 1168 est,
1601 1134 1620 1154 «
1642 1114 1732 1173 Ego

354 1206 372 1224 >2
395 1193 435 1228 et
472 1184 601 1227 Pater
626 1199 761 1228 unum
796 1200 958 1231 sumus,
989 1206 1008 1225 ›>
1045 1185 1197 1247 Itaque
1220 1200 1330 1229 unus
1354 1184 1530 1246 spiritus
1560 1183 1733 1229 Domini

353 1264 393 1299 et
422 1269 533 1299 unus
551 1253 728 1316 spiritus
754 1253 944 1299 hominis
963 1291 973 1309 ‚
1007 1265 1047 1299 et
1082 1271 1168 1299 non
1198 1266 1298 1300 sunt
1330 1271 1461 1299 unuin
1486 1291 1496 1309 ,
1526 1264 1565 1299 et
1591 1265 1734 1300 tamen

353 1323 424 1370 ille
448 1340 547 1369 curn
569 1323 761 1370 cohaeret
787 1325 975 1370 Domino
992 1362 1003 1381 ,
1030 1342 1117 1370 non
1141 1336 1241 1370 sunt
1266 1325 1354 1370 duo
1370 1361 1379 1379 ‚
1409 1324 1479 1370 sed
1511 1342 1622 1370 unus
1640 1325 1733 1387 spi-

354 1396 462 1440 ritus
486 1412 495 1439 :
525 1405 565 1439 et
591 1411 703 1440 unus
738 1394 872 1440 homo
897 1396 1077 1441 interior
1101 1406 1142 1440 et
1172 1412 1283 1440 unus
1302 1396 1434 1441 homo
1460 1396 1640 1441 exterior
1657 1432 1668 1450 ‚
1693 1404 1734 1440 et

356 1483 443 1511 non
469 1476 568 1510 sunt
605 1482 739 1510 unum
757 1503 767 1519 ‚
795 1477 837 1511 et
858 1477 999 1512 tamen
1018 1470 1109 1526 ejus
1131 1466 1395 1511 connexione
1414 1466 1576 1512 vinculi
1601 1477 1732 1511 natu-

354 1536 454 1581 ralis
500 1536 629 1581 simul
670 1547 902 1601 utrumque
941 1555 1027 1582 non
1069 1536 1158 1582 duo
1176 1574 1185 1589 ,
1235 1537 1306 1582 sed
1341 1553 1452 1582 unus
1483 1547 1543 1582 est
1578 1536 1727 1584 horno.

356 1606 498 1651 Multo
518 1606 652 1665 magis
675 1607 807 1666 igitur
828 1624 930 1652 cum
955 1607 1086 1653 Filius
1118 1607 1193 1652 Dei
1214 1607 1331 1652 dicat
1352 1644 1362 1663 ‚
1398 1628 1417 1647 «
1440 1608 1528 1667 Ego
1545 1617 1585 1652 et
1608 1607 1736 1653 Pater

355 1699 376 1719 »
399 1693 534 1722 unum
574 1693 751 1732 sumus,
783 1699 803 1719 ›>
840 1694 952 1723 unus
990 1688 1052 1722 est
1092 1678 1206 1722 Deus
1242 1678 1372 1722 Pater
1396 1714 1407 1733 ,
1447 1688 1487 1722 et
1523 1693 1632 1723 unus
1674 1687 1735 1723 est

352 1748 469 1792 Deus
504 1746 661 1800 Filius,
702 1757 743 1792 et
781 1758 925 1793 tamen
955 1747 1084 1793 simul
1119 1758 1352 1810 utrumque
1386 1765 1471 1793 non
1501 1747 1590 1793 duo
1611 1783 1622 1801 ,
1661 1746 1734 1793 sed

356 1834 466 1864 unus
490 1818 617 1863 Deus,

419 1889 544 1934 Xlll.
567 1887 697 1945 Quod
717 1888 832 1934 enim
851 1888 953 1935 fecit
975 1889 1019 1934 in
1048 1889 1194 1935 multis
1219 1888 1374 1935 sanctis
1392 1889 1435 1933 in
1456 1887 1735 1952 adoptionem

353 1959 544 2004 filiorum
573 1959 737 2004 vocatis
776 1959 1083 2006 cohaeredibus
1122 1960 1287 2006 Christi
1328 1977 1411 2005 una
1449 1959 1556 2004 fides
1583 1969 1626 2004 et
1649 1975 1736 2004 una

351 2047 448 2093 spes
477 2040 517 2074 et
537 2046 620 2075 una
639 2029 829 2075 charitas
846 2067 855 2085 ,
887 2041 935 2076 ut
957 2041 1063 2076 esset
1089 2031 1147 2076 eis
1172 2048 1256 2076 una
1278 2031 1421 2076 anima
1442 2040 1482 2075 et
1506 2046 1581 2075 cor
1599 2045 1735 2075 unum

354 2099 398 2145 in
430 2101 596 2151 Deu1n3
639 2098 724 2144 lioc
762 2101 989 2163 praecipue
1025 2101 1142 2160 cogit
1168 2100 1351 2161 intelligi
1390 2117 1471 2145 una
1496 2098 1735 2162 eademque

357 2171 498 2215 Patris
523 2180 565 2214 et
592 2169 687 2214 Filii
714 2181 866 2215 natura
884 2208 894 2228 ‚
914 2171 947 2216 si
971 2171 1029 2216 ita
1057 2171 1290 2216 dicendum
1316 2182 1378 2217 est
1397 2208 1407 2226 ‚
1445 2169 1616 2216 deitatis
1637 2206 1649 2226 ,
1687 2178 1737 2214 ut

355 2241 483 2286 Pater
505 2251 547 2286 et
572 2240 705 2286 Filius
730 2241 806 2305 qui
832 2259 964 2288 unum
998 2253 1097 2288 sunt
1121 2279 1131 2297 ‚
1158 2253 1199 2288 et
1229 2241 1577 2305 inseparabiliter
1597 2256 1734 2286 unum

353 2323 454 2357 sunt
474 2349 483 2366 ,
506 2323 548 2357 et
565 2312 822 2375 sempiterne
856 2330 991 2360 unum
1018 2324 1145 2369 sunt,
1188 2331 1275 2359 non
1305 2314 1391 2359 sint
1426 2312 1515 2358 duo
1547 2311 1638 2368 dii,
1660 2309 1735 2356 sed

328 2433 337 2438 ,
353 2400 464 2429 unus
491 2384 619 2430 Deus,
651 2383 719 2429 llli
743 2385 857 2430 enim
872 2385 1070 2431 homines
1091 2402 1168 2449 per
1192 2385 1457 2431 consortium
1484 2395 1525 2430 et
1539 2398 1735 2430 commu-

355 2454 528 2499 nionem
553 2454 681 2500 unius
710 2455 990 2520 ejusdemque
1014 2467 1208 2511 naturae,
1241 2474 1329 2521 qua
1362 2472 1509 2502 omnes
1538 2453 1736 2500 homines

350 2534 471 2570 erant
495 2559 505 2581 ,
532 2540 668 2571 unuin
699 2537 822 2572 erant
845 2545 856 2572 ε
888 2527 965 2573 etsi
993 2526 1228 2591 aliquando
1246 2526 1486 2574 secundum
1511 2524 1733 2573 diversita-

403 2607 412 2631 ¹
431 2610 525 2640 Joan.
545 2618 580 2650 x,
597 2610 649 2640 30.
