1769 3235
34 0 41 144 J

32 147 37 206 ξ

30 214 34 283 l

588 238 801 271 EPISTOLA
835 240 951 271 ccx1.
1370 221 1457 268 183

27 310 31 385 j
86 311 246 361 multos
275 325 409 356 annos
431 316 729 371 perseverante
751 315 793 350 et
825 321 1008 350 numero
1032 315 1074 350 et
1092 314 1218 350 aetate
1247 301 1466 355 crevistis;

7 394 28 420 θ
80 397 179 445 quae
216 397 291 428 vos
322 389 462 425 mater
485 394 572 422 non
600 387 746 431 utero,
780 374 853 420 secl
889 376 1032 420 animo
1061 373 1265 437 suscepit.
1305 372 1470 418 Omnes

78 452 190 498 enim
216 468 315 514 quae
339 449 447 495 illuc
476 447 675 502 venistis,
704 446 767 491 ibi
802 463 895 491 eam
928 457 1003 491 aut
1027 457 1186 491 sanctae
1208 444 1465 507 Praepositae

22 501 26 566 l
78 538 212 580 sororl
245 537 352 567 meae
395 518 680 573 servientem,
725 516 1000 580 placentem,
1041 527 1115 561 aut
1148 516 1274 561 etiam
1318 516 1459 578 ipsam

77 592 363 655 Praepositam
385 627 397 646 ‚
439 606 541 653 quae
588 605 665 633 vos
699 587 927 651 suscepit,
976 587 1199 634 invenistis
1228 607 1238 633 :
1266 588 1348 634 sub
1382 586 1455 633 illa

76 661 172 712 estis
191 661 377 713 eruditae
392 697 402 717 ‚
431 660 514 706 sub
536 658 609 705 illa
628 657 778 704 velatae
793 695 803 714 ,
837 657 919 703 sub
941 657 1016 702 illa
1048 658 1356 722 multiplicatae
1375 679 1386 712 ;
1413 670 1454 705 et

73 730 133 791 sic
154 731 509 788 tumultuamini,
548 740 595 775 ut
620 747 670 775 ea
694 729 820 775 vobis
844 739 1054 784 mutetur,
1079 746 1179 774 cum
1204 729 1349 789 lugere
1373 730 1453 776 de-

72 803 252 860 beretis,
289 803 322 849 si
357 820 451 849 eam
489 801 615 848 vobis
654 811 822 846 mutare
854 800 1074 847 vellemus,
1119 802 1219 864 Ipsa
1252 812 1314 847 est
1340 802 1453 847 enim

71 891 203 939 quam
227 874 387 931 nostis,
419 875 512 937 ipsa
536 883 598 919 est
622 872 676 918 ad
703 889 834 935 quam
862 871 1035 917 venistis
1053 908 1063 927 ,
1095 871 1190 935 ipsa
1223 883 1285 918 est
1316 890 1450 936 quam

71 962 148 1010 per
168 955 232 991 tot
264 962 399 991 annos
422 943 631 990 habendo
655 941 862 990 crevistis.
891 943 1066 988 Novum
1088 960 1177 988 non
1199 943 1424 1006 accepistis
1439 981 1450 1000 ‚

70 1016 151 1069 nisi
182 1018 478 1079 Praepositum
503 1033 513 1060 z
536 1026 611 1060 aut
636 1015 671 1060 si
701 1025 881 1078 propter
899 1013 1023 1059 illum
1044 1013 1242 1076 quaeritis
1275 1015 1451 1060 novita—

70 1097 182 1142 tem,
205 1097 246 1133 et
266 1088 311 1132 in
336 1091 426 1147 ejus
449 1085 659 1132 invidiam
694 1096 846 1130 contra
872 1095 1055 1130 matrem
1079 1096 1264 1131 vestram
1293 1085 1353 1130 sic
1379 1103 1449 1132 re-

67 1157 274 1213 bellastis,
299 1173 379 1202 cur
396 1173 484 1202 non
499 1156 646 1218 potius
661 1155 706 1200 id
722 1155 903 1218 petisti5‚
924 1166 972 1200 ut
988 1156 1080 1218 ipse
1095 1156 1219 1202 vobis
1231 1161 1445 1205 mutetur?

70 1227 115 1274 Si
149 1238 289 1273 autem
323 1227 409 1273 hoc
443 1226 709 1281 exl'iorretis3
743 1226 846 1289 quia
880 1227 981 1272 novi
1016 1227 1240 1290 quomodo
1272 1247 1371 1276 eum
1402 1232 1448 1277 in

68 1298 242 1344 christo
269 1297 570 1344 venerabiliter
589 1296 802 1357 diligatis,
832 1313 911 1342 cur
935 1314 1022 1342 11011
1045 1298 1192 1360 potius
1215 1299 1367 1347 illam?
1392 1303 1445 1349 In

66 1369 190 1425 vobis
213 1387 402 1433 namque
423 1368 619 1428 regendis
643 1369 703 1414 sic
723 1368 956 1431 Praepositi
984 1368 1234 1416 rudimenta
1254 1374 1444 1420 turban-

67 1449 154 1496 tur,
177 1452 224 1486 ut
243 1441 378 1500 magis
399 1440 502 1485 velit
519 1456 594 1484 vos
618 1439 708 1502 ipse
722 1439 934 1494 deserere,
951 1456 1083 1503 quam
1108 1441 1233 1488 istam
1253 1460 1301 1488 ex
1319 1446 1444 1493 vobis

64 1509 222 1567 famam
246 1521 287 1556 et
308 1510 520 1556 invidiam
545 1511 752 1555 sustinere
769 1547 778 1564 ‚
811 1520 858 1555 ut
881 1509 1056 1557 dicatur
1090 1529 1179 1560 non
1213 1530 1289 1560 vos
1314 1515 1441 1564 aliam

0 1581 1 1585 ’
64 1581 321 1644 quaesituras
368 1580 495 1627 fuisse
539 1581 857 1644 Praepositam,
896 1581 977 1627 nisi
1015 1581 1159 1645 ipsum
1203 1587 1444 1649 coepissetis

63 1651 225 1698 habere
247 1652 554 1715 Praepositum.
583 1652 857 1714 Tranquillet
870 1669 971 1712 ergo
990 1653 1122 1707 Deus,
1146 1665 1188 1700 et
1204 1671 1443 1722 componat

60 1721 226 1768 animos
245 1734 431 1776 vestros3
454 1740 542 1768 non
559 1722 604 1768 in
621 1723 746 1768 vobis
768 1723 1005 1785 preevaleat
1023 1742 1134 1787 opus
1157 1725 1342 1785 diaboli,
1366 1731 1440 1777 sed

61 1809 147 1855 pax
168 1793 334 1839 Christi
355 1794 501 1839 vincat
526 1793 570 1838 in
588 1793 800 1838 cordibus
819 1795 969 1839 17051115
989 1812 998 1839 :
1018 1813 1096 1841 nec
1116 1796 1266 1844 dolore
1284 1802 1436 1860 animi,

61 1863 160 1925 quia
186 1881 273 1909 non
306 1865 355 1910 sit
377 1864 497 1927 quod
521 1863 676 1920 vultis,
708 1863 774 1909 vel
805 1864 907 1927 quia
935 1866 1076 1927 pudet
1109 1867 1294 1916 voluisse
1317 1874 1439 1936 quod

60 1933 166 1980 velle
189 1952 274 1981 11011
301 1935 531 1991 debuistis,
551 1935 847 1981 erubescendo
862 1937 1046 1983 curratis
1065 1938 1109 1983 in
1131 1951 1314 1988 mortem
1331 1980 1342 1999 ,
1364 1945 1438 1991 sed

58 2005 202 2068 potius
226 2005 483 2069 poenitendo
498 2005 722 2052 resumatis
742 2007 948 2052 virtutem
966 2045 977 2064 ,
1005 2025 1084 2054 nec
1108 2009 1308 2059 habeatis
1331 2032 1436 2078 poe-

58 2076 283 2133 nitentiam
318 2077 444 2123 Judae
486 2076 736 2134 traditoriS,
779 2077 851 2124 sed
889 2079 1038 2142 potius
1071 2080 1289 2145 lacrymas
1317 2086 1436 2134 Petri

58 2157 255 2210 pastoris.

123 2218 175 2266 V.
206 2219 314 2265 Haec
341 2230 468 2276 511111,
497 2236 597 2283 quae
625 2230 674 2266 ut
697 2219 931 2267 observetis
955 2221 1242 2286 praecipimus
1265 2225 1311 2272 in
1333 2244 1434 2274 mo-

58 2289 242 2345 nasterio
265 2291 529 2338 constitutae.
561 2291 758 2337 Primum
773 2303 957 2356 propter
981 2292 1101 2357 quod
1121 2295 1219 2341 estis
1233 2295 1278 2342 in
1297 2314 1435 2346 unum

59 2373 349 2422 congregatae,
376 2373 424 2409 ut
447 2363 672 2409 unanimes
691 2362 899 2410 habitetis
919 2364 963 2409 in
983 2363 1140 2422 domo,
1163 2377 1204 2412 et
1231 2367 1285 2414 sit
1310 2372 1435 2418 vobis

58 2447 133 2477 cor
156 2448 291 2479 unum
313 2444 354 2478 et
379 2435 522 2479 anima
560 2451 644 2480 una
680 2433 725 2480 in
756 2437 862 2482 Deo.
896 2436 952 2480 Et
974 2453 1062 2481 non
1086 2435 1243 2483 dicatis
1268 2440 1435 2505 aliquid

59 2503 288 2566 proprium
302 2541 312 2560 ,
338 2504 409 2550 sed
429 2504 514 2550 sint
533 2505 658 2551 vobis
682 2507 827 2553 omnia
845 2506 1126 2565 communia3
1146 2519 1187 2557 et
1205 2508 1442 2560 distribua-

61 2581 130 2619 tur
160 2575 397 2639 unicuique
433 2586 621 2622 vestrum
647 2594 671 2622 a
706 2578 950 2641 Praeposita
975 2589 1114 2626 vestra
1138 2579 1281 2628 victus
1311 2594 1354 2630 et
1378 2595 1447 2632 te-
