1769 3235
455 281 861 317 RETnAcrArioNUM
897 285 964 316 Lm
975 306 985 316 .
1026 285 1057 316 1.
1353 271 1446 333 459

77 445 1436 468 Wmmsvdwsvssmwz‘mmmms-zmnsvv's=s=w=w==s=mw

641 579 818 623 CAPUT
850 582 903 624 X.

232 724 297 767 De
333 724 490 767 Genesi
521 724 732 768 adversus
763 726 1026 769 Etlant'elzceos
1059 726 1165 769 libri
1196 728 1295 769 duo.

144 879 179 933 Ῐ.
211 885 302 933 JAM
324 903 426 932 vero
451 886 495 932 in
524 887 671 934 Africa
695 888 958 934 constitutus
975 926 984 944 ,
1011 889 1167 952 scripsi
1190 887 1300 934 duos
1323 887 1458 934 libros

81 950 139 1004 cle
166 961 340 1003 Genesi
355 968 518 1003 comm
544 960 862 1007 manichaeos.
896 961 1107 1017 Quamvis
1126 959 1240 1005 enim
1261 959 1305 1004 iu
1325 976 1457 1021 supe-

82 1028 270 1074 rioribus
312 1027 436 1073 libris
471 1028 692 1095 quidquid
733 1030 956 1093 disputavi
980 1067 990 1085 ,
1036 1030 1152 1077 unde
1193 1029 1461 1075 ostenderem

83 1099 226 1144 Deum
265 1115 431 1144 summe
467 1099 638 1145 bonum
675 1111 716 1145 et
750 1099 1071 1147 immutabilem
1106 1112 1342 1146 creatorem
1376 1115 1463 1144 esse

84 1168 280 1214 omnium
305 1159 584 1214 mutabilium
622 1181 878 1216 naturarum
902 1208 912 1227 ‚
953 1188 1032 1216 nec
1056 1163 1190 1216 ullam
1219 1187 1305 1215 esse
1329 1178 1463 1214 natu-

84 1256 177 1285 ram
200 1238 357 1303 malam
379 1276 388 1294 ‚
423 1239 510 1285 sive
540 1240 828 1286 substantiam
850 1279 860 1297 ,
897 1241 942 1286 111
976 1252 1190 1305 quantum
1228 1250 1382 1286 natura
1403 1248 1465 1283 est

86 1320 213 1374 atque
238 1309 504 1367 substantia,
532 1306 735 1356 adversus
760 1305 1029 1357 Manichaeos
1056 1322 1200 1357 nostra
1222 1308 1467 1369 invigilaret

86 1379 298 1426 intentio:
328 1380 397 1425 isti
423 1391 568 1425 tamen
605 1380 694 1427 duo
727 1381 830 1426 libri
867 1399 888 1426 a
926 1381 1134 1427 ertissime
1171 1379 1374 1426 adversus
1396 1393 1467 1422 eos

87 1450 191 1497 editi
210 1450 372 1496 suntin
393 1446 684 1496 defensionem
705 1452 857 1496 veteris
889 1400 1015 1511 llegis
1035 1488 1044 1506 ‚
1069 1468 1202 1513 quam
1221 1446 1466 1496 vehementi

87 1521 232 1584 studio
256 1520 398 1566 vesani
422 1521 578 1567 erroris
614 1531 889 1584 oppugnant.
921 1522 971 1566 In
1004 1522 1149 1584 primo
1181 1521 1237 1566 ab
1267 1537 1316 1565 eo
1347 1517 1467 1581 quod

89 1592 303 1655 scriptum
339 1602 428 1647 est,
464 1588 552 1636 «111
585 1592 806 1656 principio
831 1591 934 1638 fecit
966 1588 1082 1638 Deus
1113 1591 1275 1638 coelum
1305 1601 1347 1636 et
1376 1600 1468 1634 ter-

90 1684 111 1705 »
131 1661 285 1718 ramffi,
308 1684 328 1704 »
352 1662 491 1707 donec
530 1674 693 1726 septem
728 1673 1000 1726 peraguntur
1034 1662 1123 1708 dies
1146 1700 1156 1718 ‚
1197 1661 1275 1707 ubi
1311 1660 1468 1720 legitur

91 1723 207 1779 Deus
237 1732 495 1795 requievisse
522 1733 566 1777 in
596 1731 665 1778 die
699 1733 899 1796 septimo.
931 1733 982 1777 In
1015 1731 1206 1778 secundo
1245 1742 1386 1776 autem
1412 1729 1468 1774 ab

91 1821 140 1850 eo
161 1802 282 1867 quod
306 1803 520 1865 scriptum
543 1814 629 1859 est,
661 1824 681 1844 <‹
698 1803 780 1849 Hic
806 1798 919 1849 liber
945 1814 1158 1849 creaturae
1183 1801 1286 1848 coeli
1312 1812 1355 1846 et
1380 1811 1468 1845 ter-

95 1898 115 1917 »
139 1877 245 1931 rae²‚
265 1874 439 1920 »donec
466 1873 608 1920 Adam
633 1886 672 1920 et
702 1874 859 1920 mulier
887 1878 978 1935 ejus
1002 1874 1168 1920 dimissi
1191 1884 1292 1919 sunt
1315 1872 1369 1918 de
1386 1889 1471 1935 pa-

94 1945 237 1991 radiso
254 1980 265 2002 ‚
286 1955 327 1990 et
360 1945 557 1991 custodia
580 1946 723 2009 posita
748 1956 810 1991 est
833 1945 951 2005 ligno
976 1945 1091 1991 vitae.
1119 1943 1286 1990 Deinde
1309 1943 1354 1988 111
1389 1942 1474 1987 fine

94 2004 198 2063 libri
225 2015 359 2061 errori
385 2013 734 2062 Manichaeorum
767 2009 899 2062 fidem
929 2015 1160 2061 catholicae
1183 2014 1375 2061 veritatis
1395 2029 1473 2074 op-

95 2085 224 2150 posui
244 2123 255 2142 ,
283 2085 393 2149 quid
417 2084 481 2131 illi
510 2084 661 2132 dicant
683 2123 693 2144 ‚
721 2098 764 2133 et
791 2104 870 2132 1103
899 2085 1007 2150 quid
1032 2085 1256 2141 dicamus,
1282 2083 1473 2130 breviter

97 2168 331 2222 aperteque
349 2156 654 2220 complectens.

164 2229 224 2274 II.
256 2228 388 2285 Quod
409 2245 509 2274 vero
528 2228 641 2285 dixi,
665 2229 798 2274 Illud
815 2240 976 2274 aulem
1005 2229 1161 2274 lumen
1181 2243 1275 2272 non
1295 2229 1476 2271 irratio-

99 2298 332 2344 nabilium
356 2302 513 2344 avium
545 2299 706 2345 oculos
724 2301 910 2362 pascit,
944 2300 1031 2345 secl
1054 2316 1186 2362 pura
1223 2294 1362 2342 corda
1397 2312 1480 2340 eo-

101 2387 223 2425 νωη,
244 2371 331 2432 (lui
355 2373 453 2415 Deo
471 2369 682 2426 credunt,
707 2381 754 2415 et
775 2370 834 2415 ab
857 2387 1018 2415 amore
1053 2368 1304 2414 vz'sibilc'mn
1326 2383 1478 2411 rerum

103 2453 149 2488 et
165 2441 496 2505 temporalium
528 2459 578 2487 se
606 2441 673 2487 acl
703 2445 802 2505 ejus
821 2452 1067 2506 proeceptcc
1091 2437 1333 2503 implenda
1367 2455 1479 2483 ccm-

105 2524 310 2569 vertunt,
353 2511 484 2575 quod
516 2529 679 2559 omnes
719 2514 934 2559 lmnu'nes
960 2522 1169 2576 possunt
1189 2547 1200 2567 ‚
1231 2514 1274 2555 η’
1313 2508 1480 2561 velint,-

154 2613 163 2634 ¹
183 2614 265 2645 Gen.
292 2623 373 2655 1,1.
392 2629 436 2636 --
453 2610 532 2645 21d.
553 2623 593 2653 11,
614 2618 645 2648 4.
