1769 3235
572 268 782 298 nmsrom.
820 267 916 300 exc.
1360 257 1420 305 23

44 359 65 381 n
87 339 283 393 riantur,
307 335 365 381 ita
381 344 422 381 et
436 333 480 380 in
500 333 677 380 Christo
695 350 842 380 omnes
854 333 1200 384 vivificabuntur
1212 333 1277 383 ².»
1297 336 1414 393 Quia

42 407 155 454 sicut
170 406 216 452 in
236 421 367 466 regno
390 403 540 451 mortis
573 420 700 450 nemo
733 403 825 450 sine
849 402 1007 458 Adam,
1029 403 1145 453 itain
1163 422 1295 465 regno
1314 406 1416 455 vitae

41 494 169 524 nemo
188 477 279 522 sine
299 475 491 522 Christo.
522 474 645 520 Sicut
662 491 739 537 per
758 474 896 521 Adam
911 490 1058 521 omues
1072 474 1221 535 injusti
1235 513 1246 532 ,
1268 477 1325 523 ita
1341 494 1421 540 per

44 547 269 593 Christum
293 561 441 592 omnes
463 545 570 604 J'usti
604 544 815 592 homines,
844 544 967 591 Sicut
1002 561 1081 606 per
1108 544 1248 592 Adam
1271 563 1419 599 omnes

42 616 241 664 mortales
265 617 308 662 in
326 631 460 679 poena
479 615 582 661 facti
605 624 707 661 sunt
725 614 803 660 filii
826 613 995 670 saeculi,
1020 615 1078 660 ita
1103 625 1145 661 et
1164 632 1243 679 per
1263 616 1419 667 Chris·-

42 698 133 737 tum
159 704 306 734 omnes
335 685 598 732 immortales
626 685 670 731 in
695 685 831 745 gratia
858 685 970 731 fiunt
993 684 1071 732 filii
1094 686 1189 734 Dei.

106 759 186 807 lX.
216 763 306 804 Cur
324 769 466 804 autem
482 768 682 804 creentur
699 758 828 804 etiam
847 756 927 812 illi,
958 773 1068 820 quos
1088 758 1270 806 Creator
1300 774 1424 821 proe-

40 829 188 875 scrivit
212 828 265 874 ad
284 827 608 873 damnationem
633 845 720 873 non
746 827 798 874 ad
819 827 1001 888 gratiam
1015 828 1248 891 pertinere,
1266 828 1419 878 beatus

42 897 277 962 Apostolus
304 908 424 944 tanto
460 897 748 944 succinctiore
781 898 993 944 brevitate
1013 935 1024 955 ,
1061 909 1226 961 quanto
1260 902 1423 959 majore

44 970 303 1015 auctoritate
326 978 653 1014 commemorat.
685 990 705 1010 «
725 972 887 1025 Deum,
916 968 1030 1014 enim
1054 967 1185 1025 dicit,
1204 968 1420 1018 volentem

44 1060 65 1081 ι)
83 1038 305 1085 ostendere
338 1038 448 1083 iram
466 1074 477 1093 ,
504 1048 546 1082 et
571 1037 866 1084 demonstrare
890 1038 1129 1102 potentiam
1155 1055 1277 1087 suam
1301 1049 1422 1089 attu-

42 1130 64 1153 u
85 1109 182 1155 lisse
204 1110 249 1155 in
269 1109 404 1154 multa
429 1109 640 1171 patientia
660 1127 758 1156 vasa
778 1110 856 1156 irae
873 1146 884 1166 ‚
908 1126 1009 1172 quae
1032 1109 1224 1173 perfecta
1249 1121 1350 1156 sunt
1374 1110 1420 1159 in

43 1201 64 1223 ›2
82 1179 368 1244 perditionem
386 1216 397 1235 ‚
425 1190 465 1224 et
490 1189 538 1224 ut
566 1189 689 1224 notas
712 1178 873 1225 faceret
897 1179 1069 1225 divitias
1097 1179 1246 1239 gloriae
1266 1197 1356 1227 suae
1373 1179 1420 1230 in

43 1271 64 1294 >›
86 1266 186 1295 vasa
210 1248 548 1295 misericordiae2
566 1285 576 1300 ,
606 1270 626 1290 »
646 1266 775 1312 quem
793 1250 991 1312 superius
1019 1248 1183 1294 dixerat
1210 1260 1419 1313 tanquam

42 1319 226 1380 figulum
249 1319 331 1366 luti
354 1319 419 1364 lex
443 1319 592 1365 eadem
617 1336 756 1364 massa
776 1319 915 1366 facere
931 1356 943 1376 9
968 1340 988 1359 α
1011 1318 1143 1364 Aliud
1171 1335 1243 1365 vas
1263 1319 1308 1365 in
1333 1319 1421 1371 ho-

44 1414 65 1437 »
81 1409 309 1448 nonorem,
342 1391 460 1438 aliud
479 1392 523 1438 in
545 1392 871 1440 contumeliam.
897 1413 918 1435 n
943 1391 1102 1438 Merito
1125 1401 1266 1437 autem
1293 1391 1420 1442 vide-

39 1474 158 1509 retur
173 1463 385 1524 injustum
402 1500 413 1520 ‚
437 1462 557 1526 quod
583 1464 696 1509 fiunt
729 1480 826 1509 vasa
852 1463 930 1510 irae
958 1462 1012 1509 ad
1030 1461 1321 1525 perditionem
1344 1499 1355 1518 ,
1383 1462 1418 1511 si

41 1550 130 1579 non
161 1544 267 1579 esset
288 1533 381 1597 ipsa
412 1534 608 1580 universa
631 1550 678 1579 ex
705 1532 842 1579 Adam
867 1550 1004 1579 massa
1031 1532 1251 1581 damnata.
1285 1531 1418 1589 Quod

40 1620 141 1663 ergo
161 1604 275 1650 fiunt
292 1603 393 1650 inde
412 1603 628 1650 nascendo
653 1620 751 1650 vasa
775 1603 851 1653 irae
869 1640 881 1660 ,
913 1604 1102 1667 pertinet
1130 1602 1186 1649 ad
1221 1602 1415 1652 debitam

42 1690 237 1737 poenam.
275 1673 403 1731 Quod
429 1684 574 1720 autem
597 1674 710 1719 fiunt
739 1673 1004 1721 renascendo
1040 1690 1141 1721 vasa
1174 1673 1420 1724 misericor-

40 1744 144 1799 diae,
168 1745 353 1808 pertinet
371 1744 425 1791 ad
443 1745 682 1791 indebitam
708 1745 906 1805 gratiam.

107 1815 162 1862 X.
190 1815 508 1875 Ostenditergo
535 1817 648 1862 Deus
674 1816 782 1862 iram
809 1832 930 1862 suam
950 1852 960 1871 ,
994 1832 1082 1862 non
1105 1815 1256 1878 utique
1287 1814 1420 1864 animi

41 1886 436 1949 perturbationem,
463 1886 577 1932 sicut
595 1896 658 1931 est
683 1902 783 1948 quae
808 1886 871 1932 ira
897 1886 1090 1932 hominis
1113 1895 1415 1948 nuncupatur,

40 1956 113 2002 sed
133 1959 294 2016 justam
331 1957 546 2019 fixamque
582 1955 820 2003 vindictam
840 1992 851 2012 ‚
877 1956 983 2021 quia
1009 1955 1064 2002 de
1091 1955 1225 2018 stirpe
1260 1955 1419 2005 inobe-

41 2025 217 2074 dientiae
244 2026 421 2073 ducitur
456 2042 653 2089 propago
681 2026 853 2089 peccati
893 2021 1027 2090 *atque
1056 2025 1280 2090 supplicii.
1313 2046 1334 2071 ιι
1360 2026 1418 2074 Et

42 2117 64 2141 »
86 2097 220 2144 homo
239 2108 366 2143 natus
393 2114 441 2143 ex
470 2097 674 2154 muliere,
718 2098 830 2145 sicut
858 2098 904 2145 in
940 2097 1055 2143 libro
1081 2097 1170 2146 Job
1201 2096 1416 2160 scriptum

44 2188 65 2211 >2
83 2177 173 2226 est,
201 2168 344 2216 brevis
373 2178 433 2214 est
456 2168 558 2213 vitae
581 2178 623 2213 et
641 2167 796 2231 plenus
814 2167 1055 2215 iracundiae
1069 2167 1103 2215 ³.
1131 2189 1151 2209 »
1178 2167 1282 2227 Ejus
1302 2166 1419 2216 enim

42 2238 103 2284 rei
130 2253 202 2285 vas
225 2249 305 2295 est,
332 2255 419 2301 qua
437 2238 591 2301 plenus
612 2249 673 2284 est
701 2256 712 2284 ε
739 2238 854 2285 unde
875 2239 953 2285 irae
973 2255 1072 2285 vasa
1097 2237 1319 2284 dicuntur.
1338 2236 1422 2287 Os-

43 2307 183 2354 tendit
201 2319 242 2353 et
259 2309 499 2372 potentiam
523 2325 644 2354 suam
664 2346 676 2364 ,
697 2326 785 2372 qua
808 2310 919 2355 bene
945 2309 1074 2355 etiam
1097 2308 1236 2354 utitur
1262 2307 1386 2358 malis
1404 2344 1417 2361 ,

43 2378 182 2424 multa
205 2378 289 2424 illis
312 2378 526 2424 naturalia
542 2390 584 2424 et
608 2379 865 2443 temporalia
892 2380 1009 2426 bona
1028 2378 1230 2439 largienS‚
1251 2394 1421 2429 eorum.-

45 2465 128 2512 que
148 2450 359 2496 malitiam
384 2450 438 2496 ad
468 2451 725 2497 exercendos
753 2462 796 2497 et
820 2450 1148 2515 comparatione
1178 2449 1422 2498 admonens-

45 2519 122 2567 dos
145 2521 286 2568 bonos
312 2521 647 2568 accommodans
662 2559 673 2577 ,
702 2533 750 2568 ut
778 2522 824 2568 in
846 2523 904 2569 eis
928 2523 1100 2568 discant
1125 2538 1248 2581 agere
1264 2520 1423 2581 gratias

93 2606 103 2629 ⁸
126 2615 140 2636 ι
161 2606 236 2641 Cor.
256 2616 309 2646 xv,
329 2616 384 2638 υ.
401 2624 447 2633 -ν-
465 2604 481 2629 ²
497 2608 597 2639 Rom.
614 2617 660 2645 xx,
683 2616 738 2639 αα,
754 2624 796 2633 ³-
814 2603 1006 2645 5J01›.x1v‚
1024 2606 1159 2647 1,juxta
1178 2614 1254 2640 mxx,
