1769 3235
536 287 743 318 mserum
778 289 914 320 cxcu.
1359 274 1417 337 37

52 365 192 401 tamen
210 354 405 401 eamdem
435 352 758 418 perversitatem
776 354 930 400 sentire
947 369 1034 398 non
1052 351 1268 401 desinunt.
1296 353 1332 399 N
1338 369 1415 400 on-

49 425 157 471 nulli
177 426 344 490 quippe
366 441 534 479 eorum,
554 436 787 488 antequam
805 425 882 470 ista
898 423 1141 487 pestilentia
1162 423 1418 471 manifestis-

46 496 154 541 simo
172 496 299 541 etiam
319 495 439 542 Sedis
457 495 887 559 apostolicaejudicio
907 494 1186 540 damnaretur
1201 494 1326 540 vobis
1345 495 1418 540 in·-

45 576 260 614 notescere
277 577 527 629 potuerunt,
546 583 658 630 quos
678 582 795 611 nunc
821 578 995 628 repente
1013 564 1232 610 reticuisse
1250 565 1422 628 perspi-

45 635 173 682 citis:
223 654 301 682 nec
328 648 475 682 utrum
505 637 641 681 sanati
673 636 756 681 sint
784 637 883 681 scii-1
914 646 1070 698 potest,
1101 635 1180 680 nisi
1205 652 1304 680 cum
1333 652 1421 681 non

47 706 208 762 solum,
232 707 435 767 dogmata
460 707 532 752 illa
550 706 652 752 salsa
680 707 893 752 tacuerint
914 706 1192 751 verumetiam
1217 705 1301 751 illis
1324 722 1427 751 vera

0 791 1 799 ¹
45 778 279 833 contraria,
304 795 353 823 eo
377 777 550 840 quoilla
571 776 708 822 solent
728 776 871 821 studio
890 775 1233 821 defensaverint:
1259 775 1336 838 qui
1356 786 1424 820 ta-

0 872 1 894 t
42 865 140 893 men
161 848 298 894 lenius
315 848 512 911 profecto
527 858 627 893 sunt
652 847 882 893 tractandi.
914 845 1034 902 Quid
1050 846 1162 891 enim
1180 862 1250 891 eos
1268 847 1416 891 terreri

0 957 2 971 ,
42 934 153 980 opus
187 931 265 974 est,
293 936 401 982 quos
425 919 525 964 satis
565 918 733 963 territos
762 918 855 980 ipsa
879 917 1152 962 taciturnitas
1178 919 1420 963 monstrat?

0 988 3 1037 l
44 988 132 1034 Nec
155 989 254 1035 ideo
281 1000 488 1053 tanquam
515 989 605 1035 sani
636 988 930 1052 praetereundi
956 999 1055 1033 sunt
1081 987 1304 1048 diligentia
1327 1005 1419 1033 me-

0 1072 5 1123 ¹!
42 1058 219 1115 dicinae‚
241 1077 431 1124 quorum
460 1060 618 1106 vulnus
636 1061 679 1106 in
700 1060 853 1106 abdito
876 1070 950 1106 est.
984 1059 1072 1105 Etsi
1090 1059 1202 1105 enim
1231 1058 1420 1105 terrendi

0 1144 5 1179 ὲ
40 1147 128 1175 non
155 1143 272 1187 sunt,
291 1142 434 1177 tamen
452 1131 638 1177 docendi
664 1143 793 1177 sunt:
816 1143 857 1177 et
884 1141 1098 1194 quantum
1118 1130 1329 1184 existimo,
1353 1130 1421 1177 fa-

0 1198 5 1248 ῑ4
41 1200 165 1246 cilius
183 1212 383 1264 possunt,
400 1201 507 1247 dum
522 1202 567 1247 in
586 1201 644 1247 eis
673 1202 805 1247 timor
823 1201 1059 1247 severitatis
1078 1201 1303 1247 doctorem
1333 1200 1416 1246 ad-

0 1265 7 1334 l
34 1274 160 1332 juvat
185 1272 397 1328 veritatis,
429 1283 476 1318 ut
499 1272 740 1336 opitulante
768 1271 975 1329 Domino,
1009 1271 1145 1332 gratia
1170 1275 1261 1331 ejus
1283 1270 1416 1317 intel-

0 1339 8 1416 ᾗ
33 1340 144 1387 lecta
171 1352 301 1406 atque
337 1342 497 1389 dilecta
519 1344 648 1388 etiam
676 1342 898 1408 loquendo
921 1351 1169 1407 expugnent
1187 1340 1306 1405 quod
1322 1344 1413 1401 jam

0 1418 9 1484 l
33 1409 154 1476 loqui
168 1430 256 1459 non
282 1413 457 1460 audent.

7 1584 9 1597 ἲ
29 1577 774 1592 ἉΜιἏΜΜΜἈΟκἊΜν-Λωδὶνι
785 1582 840 1593 z„
849 1581 1034 1593 “ssa-§mv
1050 1582 1154 1593 mvn—-
1165 1582 1281 1594 §en-nux
1295 1580 1407 1593 ΝΩἊ

8 1630 11 1649 1

9 1659 11 1674 ι

9 1682 13 1763 Ι
483 1699 751 1744 EPISTOLA
783 1700 948 1744 xclv.

30 1823 198 1863 Domino
230 1826 445 1865 venerabili
473 1827 725 1881 nimiumque
760 1828 1036 1882 desiderabili,
1069 1838 1202 1868 sancto
1221 1829 1336 1868 fratri
1370 1838 1410 1868 et

116 1887 354 1928 condiacono
375 1889 596 1929 CA-:Lnsrmo
617 1892 859 1930 Aconsrmus
879 1892 919 1930 in
939 1892 1114 1931 Domino
1133 1891 1314 1932 salutem.

12 2010 304 2077 'Augustinus
319 2021 549 2064 Caelestino
565 2023 766 2070 diacono,
792 2023 951 2080 (postea
961 2023 1167 2081 pontifici
1184 2025 1400 2081 Romano)

433 2089 486 2132 do
505 2101 660 2133 mutua
684 2091 990 2134 benevolentia.

89 2230 124 2276 I.
151 2230 358 2286 Quamvis
380 2231 506 2293 longe
549 2234 700 2281 absens
723 2235 879 2282 fuerim
901 2235 1078 2300 quando
1102 2254 1180 2300 per
1213 2237 1393 2298 Projec-

26 2310 116 2347 turn
139 2300 344 2347 clericum
380 2303 433 2349 ad
458 2322 526 2352 me
553 2306 718 2353 directa
749 2308 1004 2372 Hipponem
1032 2309 1272 2355 sanctitatis
1307 2320 1395 2358 tuae

25 2371 184 2435 scripta
206 2384 440 2427 venerunt;
464 2385 607 2423 tamen
641 2388 924 2442 posteaquam
953 2379 1079 2435 veni,
1107 2379 1250 2444 eisque
1277 2379 1399 2428 lectis

32 2442 335 2506 rescriptorum
352 2443 592 2494 debitorem
609 2466 676 2495 me
689 2449 855 2496 factum
866 2467 952 2496 esse
972 2450 1171 2511 cognovi,
1190 2450 1403 2499 reddendi

72 2550 84 2572 ¹
102 2550 186 2583 Alias
201 2561 285 2585 an.
306 2561 378 2593 quae
397 2560 502 2587 antem
522 2568 583 2599 ¹9²
601 2564 681 2601 erat,
707 2570 794 2591 nunc
813 2560 847 2592 in
865 2558 1056 2604 Appendice
1073 2565 1118 2592 est
1134 2559 1298 2594 Benedici.
1326 2572 1336 2591 1
1349 2572 1360 2591 ι
1373 2572 1384 2593 1
1397 2587 1404 2595 .

27 2623 68 2631 -
83 2606 205 2649 Scripta
221 2604 335 2638 eodem
355 2613 510 2653 tempore.
