1769 3235
528 268 743 301 EPISTOLA
778 268 904 300 CCXV.
1311 268 1405 316 209

33 357 139 388 num
162 336 257 403 ipsa
280 355 326 385 ex
351 335 474 383 malis
499 336 638 381 bonas
664 334 828 390 facere,
857 334 952 397 ipsa
978 336 1106 381 etiam
1138 350 1244 400 quas
1265 335 1416 382 fecerit

34 409 257 458 custodire
275 446 286 466 ,
311 419 353 454 et
375 417 605 472 propterea
620 404 774 451 dicunt
792 422 802 449 ι
823 425 844 445 «
861 404 1089 450 Faciamus
1106 406 1219 452 mala
1238 444 1248 462 ‚
1273 417 1322 452 ut
1339 422 1420 452 ve-

43 504 64 524 »
91 481 213 527 niant
231 479 397 535 bona1‚
416 500 437 521 »
455 478 500 523 in
515 476 728 523 sinistram
743 474 979 521 declinant.
1003 475 1107 521 Ideo
1131 477 1257 522 vohis
1280 476 1387 522 dixit
1408 493 1421 520 t

40 573 58 594 (ι
87 551 186 597 Non
225 549 448 596 declinetis
483 551 529 595 in
549 547 766 594 dexteram
790 562 930 610 neque
962 545 1007 591 in
1031 547 1246 592 sinistram
1261 583 1272 604 ,
1290 568 1311 589 ))
1334 546 1423 592 hoc

36 633 124 680 est,
151 640 239 668 non
274 621 335 668 sic
360 619 600 667 defendatis
635 618 824 664 liberum
851 617 1080 663 arbitrium
1101 655 1112 675 ,
1149 629 1198 664 ut
1232 618 1270 663 ei
1302 618 1422 663 bona

42 711 174 757 opera
197 693 287 739 sine
312 692 390 737 Dei
414 692 550 752 gratia
588 689 792 736 tribuatis
810 726 821 746 ,
854 706 933 735 nec
962 689 1022 734 sic
1048 688 1288 735 defendatis
1319 705 1423 749 gra-

43 764 170 819 tiam,
193 774 240 809 ut
255 762 380 827 quasi
400 762 454 808 de
476 762 548 808 illa
570 760 736 816 securi,
764 759 876 805 mala
899 776 1031 823 opera
1054 759 1271 820 diligatis3
1299 757 1421 821 quod

39 834 132 897 ipsa
151 834 288 894 gratia
307 833 385 880 Dei
404 843 567 880 avertat
584 851 607 878 a
627 831 767 879 vobis.
793 830 967 877 Talium
983 831 1152 895 quippe
1171 830 1307 876 verba
1329 829 1415 874 sibi

37 921 287 968 proponens
314 904 548 969 Apostolus
567 942 577 961 ,
608 904 668 950 ait
695 921 705 948 :
734 924 754 945 «
780 902 902 959 Quid
927 919 1026 962 ergo
1049 901 1277 948 dicemus?
1304 900 1416 945 Per-

38 996 60 1017 »
84 976 359 1022 manebimus
380 976 423 1022 in
440 986 620 1039 peccato
641 986 690 1020 ut
713 974 851 1035 gratia
872 973 1128 1019 abundet2‘?
1145 995 1164 1015 n
1188 974 1333 1035 Atque
1350 970 1425 1016 his

34 1046 178 1093 verbis
204 1047 434 1093 hominum
459 1046 698 1093 errantium
715 1083 726 1102 ,
755 1055 796 1090 et
822 1045 901 1090 Dei
931 1044 1112 1105 gratiam
1138 1060 1227 1089 non
1250 1042 1418 1088 intelli-

36 1117 256 1177 gentium,
292 1118 516 1181 respondit
546 1129 593 1163 ut
614 1116 790 1171 debuit,
822 1114 996 1161 dicens:
1022 1137 1043 1157 α
1065 1115 1206 1162 Absit.
1237 1113 1283 1158 Si
1305 1113 1423 1159 enim

45 1208 66 1230 »
84 1188 245 1234 mortui
265 1205 414 1235 sumus
436 1199 639 1251 peccato,
659 1186 885 1251 quomodo
898 1186 1092 1232 vivemus
1115 1187 1240 1231 ineo)
1260 1207 1280 1227 >2
1301 1182 1428 1229 Nihil

43 1260 187 1323 potuit
204 1259 291 1306 dici
312 1261 488 1307 brevius
506 1270 547 1305 et
565 1259 732 1306 melius.
763 1257 886 1314 Quid
905 1257 1022 1303 enim
1044 1257 1171 1303 nobis
1190 1256 1327 1317 gratia
1350 1253 1435 1300 Dei

41 1331 189 1377 utilius
210 1330 378 1377 confert
409 1332 454 1377 in
493 1331 582 1378 hoc
612 1331 818 1394 praesenti
843 1329 1004 1376 saeculo
1028 1328 1219 1388 maligno
1239 1364 1250 1384 ‚
1274 1327 1356 1373 nisi
1382 1336 1431 1371 ut

41 1401 278 1448 moriamur
314 1406 531 1466 peccato?
569 1403 632 1448 Ac
667 1419 747 1466 per
774 1402 861 1447 hoc
897 1400 981 1464 ipsi
1015 1400 1164 1460 gratiae
1190 1398 1436 1445 invenietur

48 1471 270 1532 ingratus,
294 1475 371 1536 qui
394 1483 577 1537 propter
603 1472 724 1518 illam
750 1471 847 1519 vult
866 1471 1010 1518 vivere
1032 1471 1077 1516 in
1111 1479 1296 1533 peccato
1316 1505 1327 1524 ,
1353 1484 1434 1531 per

51 1559 184 1606 quam
202 1545 417 1590 morimur
433 1554 632 1608 peccato.
659 1545 775 1590 'Deus
800 1553 943 1589 autem
959 1541 1038 1605 qui
1059 1541 1178 1588 dives
1195 1551 1256 1586 est
1274 1539 1321 1585 in
1343 1539 1433 1584 mi-

50 1614 306 1672 sericordia,
330 1615 403 1662 det
419 1616 545 1662 vobis
570 1626 610 1661 et
627 1632 779 1661 sanum
800 1631 949 1678 sapere
967 1651 978 1671 ‚
1002 1624 1042 1660 et
1067 1629 1204 1676 usque
1232 1611 1279 1657 in
1307 1610 1443 1655 finem

0 1722 1 1738 2
49 1686 331 1749 proficienter
346 1687 391 1733 in
407 1688 525 1734 bono
539 1688 766 1752 proposito
783 1703 1053 1750 permanere.
1079 1685 1176 1730 Hoc
1193 1700 1274 1747 pro
1289 1681 1435 1738 vobis,

0 1741 1 1774 ¹
50 1756 137 1803 hoc
157 1775 237 1820 pro
260 1757 387 1804 nobis
405 1797 416 1816 ‚
434 1759 520 1804 hoc
537 1774 620 1822 pro
642 1758 847 1805 omnibus
870 1757 949 1821 qui
966 1773 1041 1802 vos
1058 1755 1249 1815 diligunt
1262 1791 1274 1810 ‚
1293 1763 1333 1798 et
1353 1766 1439 1815 pro

51 1828 109 1874 eis
127 1829 201 1892 qui
223 1847 298 1875 vos
323 1830 534 1888 oderunt,
553 1831 765 1876 instanter
782 1829 828 1875 in
847 1845 956 1892 pace
981 1827 1174 1873 fraterna
1188 1835 1231 1870 et
1251 1823 1441 1884 vigilan-

52 1908 117 1944 ter
131 1911 261 1947 orate.
291 1901 377 1947 Deo
395 1901 564 1948 vivatis.
588 1901 634 1947 Si
654 1900 763 1965 quid
782 1899 835 1946 de
854 1899 979 1947 vobis
1003 1913 1190 1954 mereor,
1210 1895 1357 1943 veniat
1379 1893 1435 1939 ad

51 1987 121 2016 me
144 1969 277 2017 frater
296 1971 463 2020 Florus.

101 2070 111 2093 ¹
134 2074 230 2107 Rom.
249 2083 302 2116 111,
323 2075 356 2107 8.
374 2092 420 2098 —-
434 2072 449 2095 ²
463 2073 513 2108 Id.
529 2085 576 2116 vr,
598 2085 627 2106 1.

224 2709 407 2741 cxtvin.
1258 2688 1316 2745 14
