<?xml version="1.0" encoding="UTF-8"?>
<!DOCTYPE html PUBLIC "-//W3C//DTD XHTML 1.0 Transitional//EN"
    "http://www.w3.org/TR/xhtml1/DTD/xhtml1-transitional.dtd">
<html xmlns="http://www.w3.org/1999/xhtml" xml:lang="en" lang="en">
 <head>
  <title>
</title>
<meta http-equiv="Content-Type" content="text/html;charset=utf-8" />
  <meta name='ocr-system' content='tesseract 3.04.00' />
  <meta name='ocr-capabilities' content='ocr_page ocr_carea ocr_par ocr_line ocrx_word'/>
</head>
<body>
  <div class='ocr_page' id='page_1' title='image "./operaomniaaccura41auguuoft/operaomniaaccura41auguuoft_0272.png"; bbox 0 0 1769 3235; ppageno 0'>
   <div class='ocr_carea' id='block_1_1' title="bbox 351 276 1314 324">
    <p class='ocr_par' dir='ltr' id='par_1_1' title="bbox 351 276 1314 324">
     <span class='ocr_line' id='line_1_1' title="bbox 351 276 1314 324; baseline -0.004 -1"><span class='ocrx_word' id='word_1_1' title='bbox 351 276 442 324; x_wconf 72' lang='lat'>256</span> <span class='ocrx_word' id='word_1_2' title='bbox 751 292 785 320; x_wconf 89' lang='lat' dir='ltr'>s.</span> <span class='ocrx_word' id='word_1_3' title='bbox 829 290 1076 323; x_wconf 70' lang='lat' dir='ltr'>Aueusnm</span> <span class='ocrx_word' id='word_1_4' title='bbox 1111 290 1314 323; x_wconf 74' lang='lat' dir='ltr'>Eprscom</span> 
     </span>
    </p>
   </div>
   <div class='ocr_carea' id='block_1_2' title="bbox 340 353 1720 699">
    <p class='ocr_par' dir='ltr' id='par_1_2' title="bbox 340 353 1720 699">
     <span class='ocr_line' id='line_1_2' title="bbox 349 353 1720 417; baseline 0 -16"><span class='ocrx_word' id='word_1_5' title='bbox 349 357 537 401; x_wconf 83' lang='lat' dir='ltr'>arbitror</span> <span class='ocrx_word' id='word_1_6' title='bbox 565 372 635 400; x_wconf 88' lang='lat' dir='ltr'>eos</span> <span class='ocrx_word' id='word_1_7' title='bbox 657 354 772 400; x_wconf 87' lang='lat' dir='ltr'>hanc</span> <span class='ocrx_word' id='word_1_8' title='bbox 801 371 949 400; x_wconf 88' lang='lat' dir='ltr'>curam</span> <span class='ocrx_word' id='word_1_9' title='bbox 977 355 1334 417; x_wconf 80' lang='lat' dir='ltr'>diligentiamque</span> <span class='ocrx_word' id='word_1_10' title='bbox 1361 353 1614 400; x_wconf 84' lang='lat' dir='ltr'>adhibuisse</span> <span class='ocrx_word' id='word_1_11' title='bbox 1634 391 1644 408; x_wconf 85' lang='lat'><strong>,</strong></span> <span class='ocrx_word' id='word_1_12' title='bbox 1673 362 1720 401; x_wconf 90' lang='lat' dir='ltr'>ut</span> 
     </span>
     <span class='ocr_line' id='line_1_3' title="bbox 347 424 1718 488; baseline -0.001 -17"><span class='ocrx_word' id='word_1_13' title='bbox 347 425 526 486; x_wconf 86' lang='lat' dir='ltr'>singulis</span> <span class='ocrx_word' id='word_1_14' title='bbox 546 425 795 488; x_wconf 87' lang='lat' dir='ltr'>quibusque</span> <span class='ocrx_word' id='word_1_15' title='bbox 814 425 1095 488; x_wconf 87' lang='lat' dir='ltr'>opinionibus</span> <span class='ocrx_word' id='word_1_16' title='bbox 1106 425 1343 472; x_wconf 88' lang='lat' dir='ltr'>contrarias</span> <span class='ocrx_word' id='word_1_17' title='bbox 1354 425 1482 471; x_wconf 90' lang='lat' dir='ltr'>etiam</span> <span class='ocrx_word' id='word_1_18' title='bbox 1496 424 1718 488; x_wconf 86' lang='lat' dir='ltr'>opiniones</span> 
     </span>
     <span class='ocr_line' id='line_1_4' title="bbox 345 495 1718 559; baseline -0.001 -18"><span class='ocrx_word' id='word_1_19' title='bbox 345 495 660 556; x_wconf 79' lang='lat' dir='ltr'>adjungerent,</span> <span class='ocrx_word' id='word_1_20' title='bbox 700 496 897 559; x_wconf 87' lang='lat' dir='ltr'>ritusque</span> <span class='ocrx_word' id='word_1_21' title='bbox 929 497 1194 557; x_wconf 88' lang='lat' dir='ltr'>subjicerent</span> <span class='ocrx_word' id='word_1_22' title='bbox 1226 514 1236 540; x_wconf 75' lang='grc' dir='ltr'>ε</span> <span class='ocrx_word' id='word_1_23' title='bbox 1268 507 1359 543; x_wconf 87' lang='lat' dir='ltr'>tum</span> <span class='ocrx_word' id='word_1_24' title='bbox 1392 495 1578 558; x_wconf 87' lang='lat' dir='ltr'>denique</span> <span class='ocrx_word' id='word_1_25' title='bbox 1608 511 1718 557; x_wconf 91' lang='lat' dir='ltr'>opus</span> 
     </span>
     <span class='ocr_line' id='line_1_5' title="bbox 341 564 1718 630; baseline -0.001 -19"><span class='ocrx_word' id='word_1_26' title='bbox 341 564 454 612; x_wconf 85' lang='lat' dir='ltr'>illud</span> <span class='ocrx_word' id='word_1_27' title='bbox 491 565 715 628; x_wconf 89' lang='lat' dir='ltr'>utriusque</span> <span class='ocrx_word' id='word_1_28' title='bbox 758 566 1078 630; x_wconf 81' lang='lat' dir='ltr'>qualecumque</span> <span class='ocrx_word' id='word_1_29' title='bbox 1114 567 1194 620; x_wconf 88' lang='lat' dir='ltr'>sit,</span> <span class='ocrx_word' id='word_1_30' title='bbox 1236 583 1322 611; x_wconf 89' lang='lat' dir='ltr'>non</span> <span class='ocrx_word' id='word_1_31' title='bbox 1354 566 1490 611; x_wconf 85' lang='lat' dir='ltr'>habet</span> <span class='ocrx_word' id='word_1_32' title='bbox 1531 564 1718 610; x_wconf 84' lang='lat' dir='ltr'>fortassis</span> 
     </span>
     <span class='ocr_line' id='line_1_6' title="bbox 340 635 1713 699; baseline -0.001 -18"><span class='ocrx_word' id='word_1_33' title='bbox 340 653 433 681; x_wconf 87' lang='lat' dir='ltr'>eam</span> <span class='ocrx_word' id='word_1_34' title='bbox 449 672 459 691; x_wconf 86' lang='lat'>‚</span> <span class='ocrx_word' id='word_1_35' title='bbox 485 653 618 699; x_wconf 89' lang='lat' dir='ltr'>quam</span> <span class='ocrx_word' id='word_1_36' title='bbox 644 635 856 691; x_wconf 86' lang='lat' dir='ltr'>desidero,</span> <span class='ocrx_word' id='word_1_37' title='bbox 881 636 1152 684; x_wconf 83' lang='lat' dir='ltr'>brevitatem.</span> <span class='ocrx_word' id='word_1_38' title='bbox 1181 638 1358 681; x_wconf 83' lang='lat' dir='ltr'>Frustra</span> <span class='ocrx_word' id='word_1_39' title='bbox 1377 636 1505 681; x_wconf 86' lang='lat' dir='ltr'>etiam</span> <span class='ocrx_word' id='word_1_40' title='bbox 1526 635 1713 690; x_wconf 88' lang='lat' dir='ltr'>homini,</span> 
     </span>
    </p>
   </div>
   <div class='ocr_carea' id='block_1_3' title="bbox 334 703 1757 1126">
    <p class='ocr_par' dir='ltr' id='par_1_3' title="bbox 334 703 1757 1126">
     <span class='ocr_line' id='line_1_7' title="bbox 339 703 1756 768; baseline -0.001 -17"><span class='ocrx_word' id='word_1_41' title='bbox 339 705 417 768; x_wconf 90' lang='lat' dir='ltr'>qui</span> <span class='ocrx_word' id='word_1_42' title='bbox 440 706 596 751; x_wconf 89' lang='lat' dir='ltr'>Latina</span> <span class='ocrx_word' id='word_1_43' title='bbox 615 723 703 751; x_wconf 91' lang='lat' dir='ltr'>non</span> <span class='ocrx_word' id='word_1_44' title='bbox 726 705 909 763; x_wconf 88' lang='lat' dir='ltr'>didicit,</span> <span class='ocrx_word' id='word_1_45' title='bbox 931 707 1088 752; x_wconf 82' lang='lat' dir='ltr'>Graeca</span> <span class='ocrx_word' id='word_1_46' title='bbox 1110 706 1317 753; x_wconf 84' lang='lat' dir='ltr'>facundia</span> <span class='ocrx_word' id='word_1_47' title='bbox 1341 705 1588 765; x_wconf 86' lang='lat' dir='ltr'>delegatur:</span> <span class='ocrx_word' id='word_1_48' title='bbox 1611 703 1717 767; x_wconf 88' lang='lat' dir='ltr'>quid</span> <span class='ocrx_word' id='word_1_49' title='bbox 1752 709 1756 755; x_wconf 73' lang='grc' dir='ltr'>ἰ</span> 
     </span>
     <span class='ocr_line' id='line_1_8' title="bbox 340 776 1716 838; baseline -0.001 -16"><span class='ocrx_word' id='word_1_50' title='bbox 340 794 430 822; x_wconf 86' lang='lat' dir='ltr'>non</span> <span class='ocrx_word' id='word_1_51' title='bbox 452 794 528 837; x_wconf 86' lang='lat' dir='ltr'>ego</span> <span class='ocrx_word' id='word_1_52' title='bbox 553 777 857 824; x_wconf 84' lang='lat' dir='ltr'>tantummodo</span> <span class='ocrx_word' id='word_1_53' title='bbox 883 778 1113 823; x_wconf 89' lang='lat' dir='ltr'>consilium</span> <span class='ocrx_word' id='word_1_54' title='bbox 1131 815 1142 833; x_wconf 83' lang='lat'>‚</span> <span class='ocrx_word' id='word_1_55' title='bbox 1174 777 1245 822; x_wconf 90' lang='lat' dir='ltr'>sed</span> <span class='ocrx_word' id='word_1_56' title='bbox 1266 788 1308 822; x_wconf 86' lang='lat' dir='ltr'>et</span> <span class='ocrx_word' id='word_1_57' title='bbox 1336 776 1540 822; x_wconf 76' lang='lat' dir='ltr'>auxilium</span> <span class='ocrx_word' id='word_1_58' title='bbox 1560 786 1716 838; x_wconf 86' lang='lat' dir='ltr'>postu·</span> 
     </span>
     <span class='ocr_line' id='line_1_9' title="bbox 338 847 1755 910; baseline -0.002 -17"><span class='ocrx_word' id='word_1_59' title='bbox 338 847 440 895; x_wconf 87' lang='lat' dir='ltr'>lavi.</span> <span class='ocrx_word' id='word_1_60' title='bbox 461 848 580 904; x_wconf 87' lang='lat' dir='ltr'>Quid</span> <span class='ocrx_word' id='word_1_61' title='bbox 603 858 746 894; x_wconf 89' lang='lat' dir='ltr'>autem</span> <span class='ocrx_word' id='word_1_62' title='bbox 767 848 1088 895; x_wconf 85' lang='lat' dir='ltr'>venerationem</span> <span class='ocrx_word' id='word_1_63' title='bbox 1114 858 1232 893; x_wconf 84' lang='lat' dir='ltr'>tuam</span> <span class='ocrx_word' id='word_1_64' title='bbox 1252 847 1305 893; x_wconf 89' lang='lat' dir='ltr'>de</span> <span class='ocrx_word' id='word_1_65' title='bbox 1328 847 1615 910; x_wconf 83' lang='lat' dir='ltr'>interpretum</span> <span class='ocrx_word' id='word_1_66' title='bbox 1630 862 1714 891; x_wconf 93' lang='lat' dir='ltr'>non</span> <span class='ocrx_word' id='word_1_67' title='bbox 1753 891 1755 898; x_wconf 78' lang='grc'>,</span> 
     </span>
     <span class='ocr_line' id='line_1_10' title="bbox 336 917 1757 975; baseline -0.002 -11"><span class='ocrx_word' id='word_1_68' title='bbox 336 918 476 965; x_wconf 91' lang='lat' dir='ltr'>solum</span> <span class='ocrx_word' id='word_1_69' title='bbox 514 918 769 965; x_wconf 82' lang='lat' dir='ltr'>difficultate</span> <span class='ocrx_word' id='word_1_70' title='bbox 790 956 801 975; x_wconf 85' lang='lat'>,</span> <span class='ocrx_word' id='word_1_71' title='bbox 847 917 920 964; x_wconf 90' lang='lat' dir='ltr'>sed</span> <span class='ocrx_word' id='word_1_72' title='bbox 954 919 1085 964; x_wconf 89' lang='lat' dir='ltr'>etiam</span> <span class='ocrx_word' id='word_1_73' title='bbox 1124 918 1389 964; x_wconf 83' lang='lat' dir='ltr'>obscuritate</span> <span class='ocrx_word' id='word_1_74' title='bbox 1420 917 1674 963; x_wconf 84' lang='lat' dir='ltr'>admoneam</span> <span class='ocrx_word' id='word_1_75' title='bbox 1701 952 1713 973; x_wconf 89' lang='lat'>,</span> <span class='ocrx_word' id='word_1_76' title='bbox 1753 920 1757 969; x_wconf 64' lang='grc' dir='ltr'>ῥ</span> 
     </span>
     <span class='ocr_line' id='line_1_11' title="bbox 339 987 1718 1052; baseline -0.002 -17"><span class='ocrx_word' id='word_1_77' title='bbox 339 1006 441 1035; x_wconf 90' lang='lat' dir='ltr'>cum</span> <span class='ocrx_word' id='word_1_78' title='bbox 464 989 556 1052; x_wconf 86' lang='lat' dir='ltr'>ipse</span> <span class='ocrx_word' id='word_1_79' title='bbox 579 989 667 1035; x_wconf 89' lang='lat' dir='ltr'>hoc</span> <span class='ocrx_word' id='word_1_80' title='bbox 688 989 822 1049; x_wconf 84' lang='lat' dir='ltr'>magis</span> <span class='ocrx_word' id='word_1_81' title='bbox 838 1026 849 1046; x_wconf 88' lang='lat'><strong>,</strong></span> <span class='ocrx_word' id='word_1_82' title='bbox 869 1006 917 1035; x_wconf 90' lang='lat' dir='ltr'>ac</span> <span class='ocrx_word' id='word_1_83' title='bbox 939 989 1066 1052; x_wconf 88' lang='lat' dir='ltr'>plene</span> <span class='ocrx_word' id='word_1_84' title='bbox 1089 989 1335 1049; x_wconf 66' lang='lat' dir='ltr'>dijudices?</span> <span class='ocrx_word' id='word_1_85' title='bbox 1362 987 1528 1034; x_wconf 89' lang='lat' dir='ltr'>accedit</span> <span class='ocrx_word' id='word_1_86' title='bbox 1548 987 1601 1033; x_wconf 88' lang='lat' dir='ltr'>ad</span> <span class='ocrx_word' id='word_1_87' title='bbox 1618 1003 1718 1032; x_wconf 89' lang='lat' dir='ltr'>cau·</span> 
     </span>
     <span class='ocr_line' id='line_1_12' title="bbox 334 1057 1756 1126; baseline -0.002 -20"><span class='ocrx_word' id='word_1_88' title='bbox 334 1077 426 1106; x_wconf 86' lang='lat' dir='ltr'>sam</span> <span class='ocrx_word' id='word_1_89' title='bbox 447 1098 458 1117; x_wconf 89' lang='lat'>‚</span> <span class='ocrx_word' id='word_1_90' title='bbox 485 1059 604 1122; x_wconf 89' lang='lat' dir='ltr'>quod</span> <span class='ocrx_word' id='word_1_91' title='bbox 628 1060 852 1106; x_wconf 79' lang='lat' dir='ltr'>nonnullae</span> <span class='ocrx_word' id='word_1_92' title='bbox 887 1061 1018 1106; x_wconf 86' lang='lat' dir='ltr'>etiam</span> <span class='ocrx_word' id='word_1_93' title='bbox 1041 1071 1142 1123; x_wconf 88' lang='lat' dir='ltr'>post</span> <span class='ocrx_word' id='word_1_94' title='bbox 1169 1060 1346 1106; x_wconf 85' lang='lat' dir='ltr'>illorum</span> <span class='ocrx_word' id='word_1_95' title='bbox 1377 1059 1548 1105; x_wconf 90' lang='lat' dir='ltr'>obitum</span> <span class='ocrx_word' id='word_1_96' title='bbox 1573 1057 1715 1104; x_wconf 82' lang='lat' dir='ltr'>haere-</span> <span class='ocrx_word' id='word_1_97' title='bbox 1753 1089 1756 1126; x_wconf 65' lang='lat' dir='ltr'>ss</span> 
     </span>
    </p>
   </div>
   <div class='ocr_carea' id='block_1_4' title="bbox 335 1127 1718 1688">
    <p class='ocr_par' dir='ltr' id='par_1_4' title="bbox 335 1127 1718 1249">
     <span class='ocr_line' id='line_1_13' title="bbox 335 1127 1718 1193; baseline -0.002 -17"><span class='ocrx_word' id='word_1_98' title='bbox 335 1147 398 1176; x_wconf 90' lang='lat' dir='ltr'>ses</span> <span class='ocrx_word' id='word_1_99' title='bbox 434 1130 652 1177; x_wconf 88' lang='lat' dir='ltr'>emersisse</span> <span class='ocrx_word' id='word_1_100' title='bbox 692 1130 939 1177; x_wconf 88' lang='lat' dir='ltr'>doceantur</span> <span class='ocrx_word' id='word_1_101' title='bbox 960 1168 971 1188; x_wconf 87' lang='lat'>‚</span> <span class='ocrx_word' id='word_1_102' title='bbox 1011 1146 1200 1193; x_wconf 87' lang='lat' dir='ltr'>quarum</span> <span class='ocrx_word' id='word_1_103' title='bbox 1235 1130 1400 1176; x_wconf 88' lang='lat' dir='ltr'>nullam</span> <span class='ocrx_word' id='word_1_104' title='bbox 1434 1128 1498 1175; x_wconf 91' lang='lat' dir='ltr'>illi</span> <span class='ocrx_word' id='word_1_105' title='bbox 1538 1127 1718 1174; x_wconf 87' lang='lat' dir='ltr'>fecerint</span> 
     </span>
     <span class='ocr_line' id='line_1_14' title="bbox 335 1202 664 1249; baseline -0.012 -1"><span class='ocrx_word' id='word_1_106' title='bbox 335 1202 617 1249; x_wconf 87' lang='lat' dir='ltr'>mentionem.</span> <span class='ocrx_word' id='word_1_107' title='bbox 644 1224 664 1245; x_wconf 87' lang='lat'>))</span> 
     </span>
    </p>

    <p class='ocr_par' dir='ltr' id='par_1_5' title="bbox 335 1271 1717 1688">
     <span class='ocr_line' id='line_1_15' title="bbox 399 1271 1714 1337; baseline 0 -21"><span class='ocrx_word' id='word_1_108' title='bbox 399 1273 481 1320; x_wconf 90' lang='grc' dir='ltr'>ΙΙΙ,</span> <span class='ocrx_word' id='word_1_109' title='bbox 512 1292 532 1314; x_wconf 86' lang='lat'>&lt;‹</span> <span class='ocrx_word' id='word_1_110' title='bbox 558 1272 856 1329; x_wconf 87' lang='lat' dir='ltr'>Quamobrem</span> <span class='ocrx_word' id='word_1_111' title='bbox 885 1272 940 1319; x_wconf 89' lang='lat' dir='ltr'>ad</span> <span class='ocrx_word' id='word_1_112' title='bbox 972 1273 1191 1337; x_wconf 81' lang='lat' dir='ltr'>peculiare</span> <span class='ocrx_word' id='word_1_113' title='bbox 1215 1272 1511 1336; x_wconf 85' lang='lat' dir='ltr'>patrocinium</span> <span class='ocrx_word' id='word_1_114' title='bbox 1538 1271 1714 1334; x_wconf 84' lang='lat' dir='ltr'>pietatis</span> 
     </span>
     <span class='ocr_line' id='line_1_16' title="bbox 335 1340 1712 1403; baseline -0.001 -15"><span class='ocrx_word' id='word_1_115' title='bbox 335 1353 424 1388; x_wconf 79' lang='lat' dir='ltr'>tuae</span> <span class='ocrx_word' id='word_1_116' title='bbox 457 1342 690 1403; x_wconf 87' lang='lat' dir='ltr'>confugio,</span> <span class='ocrx_word' id='word_1_117' title='bbox 727 1354 768 1389; x_wconf 89' lang='lat' dir='ltr'>et</span> <span class='ocrx_word' id='word_1_118' title='bbox 802 1360 909 1389; x_wconf 84' lang='lat' dir='ltr'>voce</span> <span class='ocrx_word' id='word_1_119' title='bbox 942 1361 1061 1399; x_wconf 83' lang='lat' dir='ltr'>mea,</span> <span class='ocrx_word' id='word_1_120' title='bbox 1098 1342 1171 1388; x_wconf 85' lang='lat' dir='ltr'>sed</span> <span class='ocrx_word' id='word_1_121' title='bbox 1198 1341 1428 1388; x_wconf 86' lang='lat' dir='ltr'>universali</span> <span class='ocrx_word' id='word_1_122' title='bbox 1466 1340 1679 1387; x_wconf 89' lang='lat' dir='ltr'>desiderio</span> <span class='ocrx_word' id='word_1_123' title='bbox 1701 1377 1712 1397; x_wconf 92' lang='lat'>‚</span> 
     </span>
     <span class='ocr_line' id='line_1_17' title="bbox 335 1412 1717 1476; baseline -0.001 -18"><span class='ocrx_word' id='word_1_124' title='bbox 335 1423 540 1476; x_wconf 85' lang='lat' dir='ltr'>paratum</span> <span class='ocrx_word' id='word_1_125' title='bbox 572 1413 627 1458; x_wconf 91' lang='lat' dir='ltr'>ad</span> <span class='ocrx_word' id='word_1_126' title='bbox 649 1413 992 1459; x_wconf 79' lang='lat' dir='ltr'>inisericordiam</span> <span class='ocrx_word' id='word_1_127' title='bbox 1020 1424 1343 1458; x_wconf 88' lang='lat' dir='ltr'>sacrosanctum</span> <span class='ocrx_word' id='word_1_128' title='bbox 1370 1412 1544 1475; x_wconf 82' lang='lat' dir='ltr'>pietatis</span> <span class='ocrx_word' id='word_1_129' title='bbox 1566 1422 1717 1474; x_wconf 85' lang='lat' dir='ltr'>pectus</span> 
     </span>
     <span class='ocr_line' id='line_1_18' title="bbox 337 1481 1716 1547; baseline -0.002 -18"><span class='ocrx_word' id='word_1_130' title='bbox 337 1483 513 1547; x_wconf 89' lang='lat' dir='ltr'>appello</span> <span class='ocrx_word' id='word_1_131' title='bbox 536 1520 547 1540; x_wconf 83' lang='lat'>‚</span> <span class='ocrx_word' id='word_1_132' title='bbox 578 1485 851 1546; x_wconf 83' lang='lat' dir='ltr'>sequestratis</span> <span class='ocrx_word' id='word_1_133' title='bbox 879 1484 1111 1547; x_wconf 84' lang='lat' dir='ltr'>saporibus</span> <span class='ocrx_word' id='word_1_134' title='bbox 1138 1483 1376 1546; x_wconf 76' lang='lat' dir='ltr'>peregrinis</span> <span class='ocrx_word' id='word_1_135' title='bbox 1394 1520 1405 1538; x_wconf 87' lang='lat'>‚</span> <span class='ocrx_word' id='word_1_136' title='bbox 1445 1481 1716 1527; x_wconf 88' lang='lat' dir='ltr'>considerato</span> 
     </span>
     <span class='ocr_line' id='line_1_19' title="bbox 336 1554 1716 1618; baseline -0.001 -19"><span class='ocrx_word' id='word_1_137' title='bbox 336 1564 452 1600; x_wconf 81' lang='lat' dir='ltr'>textu</span> <span class='ocrx_word' id='word_1_138' title='bbox 476 1554 635 1618; x_wconf 86' lang='lat' dir='ltr'>prioris</span> <span class='ocrx_word' id='word_1_139' title='bbox 660 1554 894 1617; x_wconf 81' lang='lat' dir='ltr'>Epistolae‚</span> <span class='ocrx_word' id='word_1_140' title='bbox 912 1571 1070 1617; x_wconf 86' lang='lat' dir='ltr'>panem</span> <span class='ocrx_word' id='word_1_141' title='bbox 1092 1554 1244 1599; x_wconf 88' lang='lat' dir='ltr'>Afrum</span> <span class='ocrx_word' id='word_1_142' title='bbox 1264 1591 1274 1609; x_wconf 84' lang='lat'>,</span> <span class='ocrx_word' id='word_1_143' title='bbox 1297 1569 1427 1617; x_wconf 84' lang='lat' dir='ltr'>quem</span> <span class='ocrx_word' id='word_1_144' title='bbox 1451 1562 1597 1597; x_wconf 88' lang='lat' dir='ltr'>nostra</span> <span class='ocrx_word' id='word_1_145' title='bbox 1611 1568 1716 1614; x_wconf 86' lang='lat' dir='ltr'>pro-</span> 
     </span>
     <span class='ocr_line' id='line_1_20' title="bbox 336 1623 1716 1688; baseline -0.003 -17"><span class='ocrx_word' id='word_1_146' title='bbox 336 1625 481 1671; x_wconf 88' lang='lat' dir='ltr'>vincia</span> <span class='ocrx_word' id='word_1_147' title='bbox 517 1624 624 1670; x_wconf 89' lang='lat' dir='ltr'>solet</span> <span class='ocrx_word' id='word_1_148' title='bbox 657 1625 820 1671; x_wconf 83' lang='lat' dir='ltr'>babere</span> <span class='ocrx_word' id='word_1_149' title='bbox 855 1624 1163 1688; x_wconf 75' lang='lat' dir='ltr'>praecipuum,</span> <span class='ocrx_word' id='word_1_150' title='bbox 1201 1623 1364 1669; x_wconf 87' lang='lat' dir='ltr'>coelesti</span> <span class='ocrx_word' id='word_1_151' title='bbox 1391 1623 1519 1669; x_wconf 88' lang='lat' dir='ltr'>etiam</span> <span class='ocrx_word' id='word_1_152' title='bbox 1557 1639 1716 1668; x_wconf 91' lang='lat' dir='ltr'>manna</span> 
     </span>
    </p>
   </div>
   <div class='ocr_carea' id='block_1_5' title="bbox 336 1692 1769 1757">
    <p class='ocr_par' dir='ltr' id='par_1_6' title="bbox 336 1692 1769 1757">
     <span class='ocr_line' id='line_1_21' title="bbox 336 1692 1769 1757; baseline -0.001 -18"><span class='ocrx_word' id='word_1_153' title='bbox 336 1694 564 1740; x_wconf 89' lang='lat' dir='ltr'>conditum</span> <span class='ocrx_word' id='word_1_154' title='bbox 587 1732 598 1751; x_wconf 83' lang='lat'>‚</span> <span class='ocrx_word' id='word_1_155' title='bbox 625 1711 716 1740; x_wconf 88' lang='lat' dir='ltr'>sero</span> <span class='ocrx_word' id='word_1_156' title='bbox 742 1695 934 1757; x_wconf 88' lang='lat' dir='ltr'>pulsanti</span> <span class='ocrx_word' id='word_1_157' title='bbox 956 1731 966 1749; x_wconf 83' lang='grc'><em>,</em></span> <span class='ocrx_word' id='word_1_158' title='bbox 994 1705 1036 1740; x_wconf 86' lang='lat' dir='ltr'>et</span> <span class='ocrx_word' id='word_1_159' title='bbox 1060 1693 1219 1740; x_wconf 85' lang='lat' dir='ltr'>famem</span> <span class='ocrx_word' id='word_1_160' title='bbox 1241 1693 1425 1756; x_wconf 88' lang='lat' dir='ltr'>patienti</span> <span class='ocrx_word' id='word_1_161' title='bbox 1458 1709 1546 1739; x_wconf 90' lang='lat' dir='ltr'>non</span> <span class='ocrx_word' id='word_1_162' title='bbox 1580 1692 1725 1738; x_wconf 90' lang='lat' dir='ltr'>dene—·</span> <span class='ocrx_word' id='word_1_163' title='bbox 1759 1719 1769 1728; x_wconf 43' lang='lat' dir='ltr'><em>a</em></span> 
     </span>
    </p>
   </div>
   <div class='ocr_carea' id='block_1_6' title="bbox 335 1763 1715 2025">
    <p class='ocr_par' dir='ltr' id='par_1_7' title="bbox 335 1763 1715 2025">
     <span class='ocr_line' id='line_1_22' title="bbox 335 1763 1715 1829; baseline -0.002 -19"><span class='ocrx_word' id='word_1_164' title='bbox 335 1782 419 1825; x_wconf 83' lang='lat' dir='ltr'>geS.</span> <span class='ocrx_word' id='word_1_165' title='bbox 453 1764 655 1811; x_wconf 88' lang='lat' dir='ltr'>Profecto</span> <span class='ocrx_word' id='word_1_166' title='bbox 677 1765 791 1810; x_wconf 89' lang='lat' dir='ltr'>enim</span> <span class='ocrx_word' id='word_1_167' title='bbox 818 1781 896 1811; x_wconf 90' lang='lat' dir='ltr'>nec</span> <span class='ocrx_word' id='word_1_168' title='bbox 925 1782 1003 1824; x_wconf 82' lang='lat' dir='ltr'>ego</span> <span class='ocrx_word' id='word_1_169' title='bbox 1033 1764 1207 1829; x_wconf 87' lang='lat' dir='ltr'>pulsare</span> <span class='ocrx_word' id='word_1_170' title='bbox 1228 1764 1402 1809; x_wconf 88' lang='lat' dir='ltr'>cessabo</span> <span class='ocrx_word' id='word_1_171' title='bbox 1421 1801 1431 1818; x_wconf 81' lang='lat'><strong>‚</strong></span> <span class='ocrx_word' id='word_1_172' title='bbox 1463 1763 1601 1808; x_wconf 89' lang='lat' dir='ltr'>donec</span> <span class='ocrx_word' id='word_1_173' title='bbox 1624 1763 1715 1825; x_wconf 88' lang='lat' dir='ltr'>ipse</span> 
     </span>
     <span class='ocr_line' id='line_1_23' title="bbox 337 1832 1714 1899; baseline -0.002 -18"><span class='ocrx_word' id='word_1_174' title='bbox 337 1836 550 1882; x_wconf 89' lang='lat' dir='ltr'>concedas</span> <span class='ocrx_word' id='word_1_175' title='bbox 573 1854 583 1881; x_wconf 91' lang='lat'>:</span> <span class='ocrx_word' id='word_1_176' title='bbox 619 1847 668 1882; x_wconf 89' lang='lat' dir='ltr'>ut</span> <span class='ocrx_word' id='word_1_177' title='bbox 691 1835 810 1898; x_wconf 89' lang='lat' dir='ltr'>quod</span> <span class='ocrx_word' id='word_1_178' title='bbox 831 1853 918 1881; x_wconf 88' lang='lat' dir='ltr'>non</span> <span class='ocrx_word' id='word_1_179' title='bbox 942 1836 1148 1899; x_wconf 86' lang='lat' dir='ltr'>impetrat</span> <span class='ocrx_word' id='word_1_180' title='bbox 1171 1834 1449 1898; x_wconf 81' lang='lat' dir='ltr'>privilegium</span> <span class='ocrx_word' id='word_1_181' title='bbox 1468 1871 1478 1889; x_wconf 85' lang='lat'>‚</span> <span class='ocrx_word' id='word_1_182' title='bbox 1512 1833 1590 1879; x_wconf 86' lang='lat' dir='ltr'>ubi</span> <span class='ocrx_word' id='word_1_183' title='bbox 1609 1832 1714 1878; x_wconf 91' lang='lat' dir='ltr'>nul-</span> 
     </span>
     <span class='ocr_line' id='line_1_24' title="bbox 335 1904 1714 1969; baseline -0.003 -16"><span class='ocrx_word' id='word_1_184' title='bbox 335 1906 426 1953; x_wconf 88' lang='lat' dir='ltr'>lum</span> <span class='ocrx_word' id='word_1_185' title='bbox 467 1918 530 1953; x_wconf 87' lang='lat' dir='ltr'>est</span> <span class='ocrx_word' id='word_1_186' title='bbox 569 1907 769 1953; x_wconf 84' lang='lat' dir='ltr'>meritum</span> <span class='ocrx_word' id='word_1_187' title='bbox 794 1944 806 1964; x_wconf 86' lang='lat'><strong><em>,</em></strong></span> <span class='ocrx_word' id='word_1_188' title='bbox 843 1907 993 1953; x_wconf 89' lang='lat' dir='ltr'>saltem</span> <span class='ocrx_word' id='word_1_189' title='bbox 1032 1906 1240 1953; x_wconf 86' lang='lat' dir='ltr'>indefessa</span> <span class='ocrx_word' id='word_1_190' title='bbox 1273 1904 1583 1969; x_wconf 86' lang='lat' dir='ltr'>importunitas</span> <span class='ocrx_word' id='word_1_191' title='bbox 1619 1921 1714 1949; x_wconf 88' lang='lat' dir='ltr'>me-</span> 
     </span>
     <span class='ocr_line' id='line_1_25' title="bbox 336 1988 542 2025; baseline 0.005 -2"><span class='ocrx_word' id='word_1_192' title='bbox 336 1988 495 2025; x_wconf 87' lang='lat' dir='ltr'>reatur.</span> <span class='ocrx_word' id='word_1_193' title='bbox 522 1999 542 2020; x_wconf 91' lang='lat'>»</span> 
     </span>
    </p>
   </div>
   <div class='ocr_carea' id='block_1_7' title="bbox 1751 1151 1769 2477">
    <p class='ocr_par' dir='ltr' id='par_1_8' title="bbox 1751 1151 1769 2477">
     <span class='ocr_line' id='line_1_26' title="bbox 1751 1151 1769 2477; textangle 90"><span class='ocrx_word' id='word_1_194' title='bbox 1765 2476 1768 2477; x_wconf 71' lang='grc'>,</span> <span class='ocrx_word' id='word_1_195' title='bbox 1766 2256 1769 2268; x_wconf 41' lang='grc' dir='ltr'>ᾼ</span> <span class='ocrx_word' id='word_1_196' title='bbox 1767 2201 1769 2211; x_wconf 25' lang='grc' dir='ltr'>μ</span> <span class='ocrx_word' id='word_1_197' title='bbox 1751 1842 1769 1941; x_wconf 38' lang='grc' dir='ltr'>ζ-’Ύ</span> <span class='ocrx_word' id='word_1_198' title='bbox 1751 1752 1766 1812; x_wconf 58' lang='lat'>⁴37*</span> <span class='ocrx_word' id='word_1_199' title='bbox 1751 1699 1755 1730; x_wconf 78' lang='lat'><em>—</em></span> <span class='ocrx_word' id='word_1_200' title='bbox 1751 1611 1768 1667; x_wconf 53' lang='grc' dir='ltr'>τ’</span> <span class='ocrx_word' id='word_1_201' title='bbox 1752 1499 1766 1593; x_wconf 66' lang='grc'><em>““-“,-</em></span> <span class='ocrx_word' id='word_1_202' title='bbox 1752 1273 1769 1484; x_wconf 30' lang='grc' dir='ltr'>*ΞΑ-“”’”““’“*</span> <span class='ocrx_word' id='word_1_203' title='bbox 1754 1246 1755 1252; x_wconf 52' lang='lat'><em>⁴</em></span> <span class='ocrx_word' id='word_1_204' title='bbox 1754 1217 1755 1221; x_wconf 31' lang='grc' dir='ltr'><em>Α</em></span> <span class='ocrx_word' id='word_1_205' title='bbox 1753 1151 1756 1190; x_wconf 49' lang='lat'>⁴*‘</span> 
     </span>
    </p>
   </div>
  </div>
 </body>
</html>
