1769 3235
551 300 764 331 EmsrozA
803 301 918 332 ccx1.
1328 285 1416 332 185

108 371 204 416 VII.
243 366 529 415 Orationibus
552 367 706 412 instate
738 366 858 412 horis
883 376 923 411 et
951 367 1224 429 temporibus
1249 367 1416 413 consti-

45 443 160 490 tutis.
195 442 245 485 ln
279 439 467 485 oratorio
492 455 618 483 nemo
656 437 820 501 aliquid
857 447 982 496 agat,
1013 437 1093 482 nisi
1117 437 1172 482 ad
1205 437 1324 500 quod
1355 448 1417 482 est

43 515 205 562 factum
222 549 231 567 ‚
257 511 372 556 unde
396 521 436 555 et
455 527 608 554 nomen
629 510 798 571 accepit
820 527 830 553 ε
857 519 903 553 ut
924 509 957 554 si
979 508 1135 570 aliquae
1155 510 1284 554 etiam
1304 525 1416 572 prac-

31 595 109 630 ,ιον
130 583 258 627 horas
281 581 537 626 constitutas
557 617 567 636 ,
590 581 624 625 si
650 580 708 624 eis
738 590 886 632 vacat,
917 596 1038 624 orare
1059 579 1275 625 voluerint
1291 616 1301 634 ‚
1329 596 1417 624 nou

47 655 102 700 eis
124 653 208 698 sint
233 651 546 714 impedimento
564 687 574 702 ,
607 667 705 713 quae
740 650 802 695 ibi
828 649 995 712 aliquid
1024 667 1143 708 agere
1180 649 1413 694 voluerint.

47 723 224 770 Psalmis
249 734 289 767 et
313 723 485 783 lrymnis
520 738 619 766 cum
656 720 786 765 oratis
824 721 992 774 Deum,
1034 721 1118 765 hoe
1154 731 1344 766 versetur
1375 721 1417 764 in

36 793 204 847 corde,
235 793 353 855 quod
384 793 604 855 profertur
629 792 671 836 in
705 808 824 837 voce.
869 792 922 836 Et
951 791 1081 836 nolite
1113 802 1311 846 cantare,
1340 791 1419 835 nisi

29 864 163 928 ,quod
180 863 318 923 legitis
342 881 428 908 esse
444 862 710 908 cantandum
738 880 748 906 :
778 862 899 924 quod
924 873 1063 908 autem
1085 879 1173 907 non
1195 861 1253 907 ita
1277 861 1420 924 scrip—

32 946 137 982 ,tum
159 945 218 979 est
242 945 288 978 ut
308 944 522 989 cantetur,
543 950 628 978 non
650 943 861 978 cantetur.

109 1005 231 1051 Vlll.
264 1006 450 1050 Carnem
482 1015 668 1049 vestram
691 1004 865 1050 domate
882 1004 1058 1064 jejuniis
1089 1015 1130 1048 et
1162 1002 1422 1049 abstinentia

47 1093 152 1123 escae
176 1086 216 1122 et
236 1086 363 1138 potus
378 1113 388 1131 ,
417 1086 632 1138 quantum
654 1075 857 1120 valetudo
878 1075 1104 1138 permittit.
1133 1074 1321 1130 Quando
1342 1090 1423 1118 au·-

50 1158 128 1192 tem
157 1147 300 1208 aliqua
322 1163 409 1191 non
427 1149 780 1208 potestjejunare
799 1183 808 1201 ,
837 1163 924 1190 non
953 1156 1095 1190 tamen
1121 1156 1235 1190 extra
1267 1145 1422 1189 horarn

34 1218 217 1282 prandii
251 1217 415 1280 aliquid
450 1217 755 1262 alimentorum
783 1228 950 1272 sumat,
977 1217 1058 1261 nisi
1083 1233 1185 1261 cum
1222 1225 1416 1276 aegrotat.

48 1290 157 1336 Cum
186 1288 389 1334 acceditis
414 1288 467 1333 ad
501 1305 689 1334 mensam
710 1324 720 1343 ‚
753 1288 892 1333 donec
923 1287 1024 1332 inde
1059 1287 1241 1346 surgatis
1260 1323 1270 1341 ‚
1302 1284 1423 1348 quod

50 1360 167 1406 vobis
189 1359 430 1406 secundum
453 1359 814 1405 cousuetudinem
838 1358 1013 1418 legitur,
1046 1358 1136 1403 sine
1164 1356 1357 1402 tumultu
1383 1366 1424 1400 et

0 1457 1 1460 =
46 1432 398 1477 contentionibus
424 1431 582 1477 audite.
616 1432 705 1476 Mc
728 1430 830 1476 50]ae
854 1430 977 1476 vobis
1004 1430 1149 1475 fauces
1168 1438 1340 1474 sumant
1357 1428 1424 1472 ci—

45 1503 150 1548 bum
170 1541 179 1558 ,
203 1503 275 1548 sed
299 1514 339 1548 et
361 1520 480 1548 aures
504 1503 752 1566 percipiant
772 1502 850 1547 Dei
874 1502 1073 1548 verbum.

109 1575 185 1620 IX.
218 1574 330 1630 Quae
346 1574 532 1619 intirmae
549 1584 651 1618 sunt
670 1590 715 1618 ex
737 1573 920 1636 pristina
941 1571 1277 1627 consuetudine,
1302 1571 1336 1617 si
1353 1571 1427 1616 ali-

47 1655 108 1690 ter
136 1656 377 1690 tractantur
409 1645 452 1689 in
488 1645 605 1690 victu
624 1681 633 1699 ‚
666 1661 753 1689 non
778 1644 908 1689 debet
937 1643 1029 1689 aliis
1049 1642 1278 1688 molestum
1308 1659 1419 1696 esse,

45 1733 122 1762 nec
147 1717 357 1775 injustum
378 1715 515 1760 videri
530 1753 539 1770 ‚
568 1732 675 1778 quas
691 1714 793 1759 fecit
814 1714 897 1760 alia
913 1713 1181 1760 consuetudo
1206 1713 1420 1758 fortiores.

47 1789 134 1833 Nec
163 1787 257 1832 illas
285 1787 493 1832 feliciores
526 1797 709 1849 putent,
738 1787 842 1849 quia
879 1798 1058 1831 sumunt
1083 1784 1203 1847 quod
1232 1801 1320 1829 non
1347 1801 1424 1829 su-

46 1869 169 1904 munt
187 1859 293 1920 ipsae
313 1876 322 1902 :
344 1857 416 1903 sed
437 1857 519 1902 sibi
540 1857 686 1920 potius
708 1857 996 1916 gratulentur,
1017 1856 1120 1919 quia
1145 1855 1289 1901 valent
1305 1853 1424 1917 quod

46 1948 130 1976 non
154 1929 299 1975 valent
321 1929 423 1975 illae.
459 1930 512 1974 Et
536 1930 569 1974 si
589 1931 646 1974 eis
665 1966 674 1984 ‚
704 1946 804 1991 quae
830 1939 1041 1973 venerunt
1060 1946 1105 1972 ex
1125 1927 1320 1972 moribus
1343 1926 1423 1971 de-

44 2000 313 2046 licatioribus
338 1999 390 2044 ad
417 1999 725 2044 monasterium
742 2036 753 2054 ,
782 1997 949 2061 aliquid
971 1998 1274 2042 alimentorum
1292 2034 1302 2053 ,
1327 2013 1425 2041 ves-

38 2073 345 2121 ,timentorunh
368 2080 702 2115 stramentorum
725 2113 732 2123 ,
751 2070 1122 2132 operimentorum
1138 2068 1284 2124 datur,
1305 2066 1426 2130 quod

39 2143 138 2188 :aliis
155 2142 410 2188 fortioribus
430 2178 439 2195 ‚
461 2152 502 2186 et
536 2140 634 2185 ideo
666 2139 932 2185 felicioribus
953 2157 1039 2185 non
1063 2140 1208 2194 datur2
1233 2140 1422 2199 cogitare

47 2213 204 2259 debent
221 2214 382 2276 quibus
407 2230 495 2257 non
519 2211 665 2267 datur,
699 2222 912 2274 quantuni
939 2211 992 2256 de
1016 2227 1089 2255 sua
1114 2210 1312 2256 saeculari
1335 2210 1423 2255 vita

48 2283 131 2330 illae
155 2283 205 2329 ad
234 2284 360 2328 istam
388 2281 717 2337 descenderint,
742 2282 941 2345 quamvis
969 2298 1102 2344 usque
1136 2280 1188 2325 ad
1213 2280 1395 2325 aliarum
1413 2316 1423 2333 ,

47 2371 143 2419 quae
162 2364 260 2400 sunt
276 2371 458 2416 corpore
473 2353 671 2398 fortiores
687 2390 697 2406 ‚
718 2351 1012 2411 frugalitatem
1032 2351 1262 2415 pervenire
1275 2351 1424 2414 nequi-

47 2426 197 2471 verint.
241 2425 329 2470 Nec
361 2424 447 2469 illae
483 2423 645 2468 debent
681 2423 968 2477 conturbari,
1012 2422 1132 2485 quod
1172 2439 1241 2467 eas
1273 2422 1426 2467 vident

51 2496 256 2559 amplius,
284 2512 372 2540 non
398 2494 502 2558 quia
527 2494 818 2548 honorantur,
843 2493 917 2539 sed
945 2493 1048 2556 quia
1084 2492 1324 2538 tolerantur
1348 2510 1424 2538 ac-

49 2566 212 2629 cipere;
241 2584 293 2611 ne
325 2566 550 2624 contingat
574 2564 826 2611 detestanda
861 2564 1143 2627 perversitas,
1173 2575 1221 2609 ut
1247 2565 1292 2609 in
1324 2581 1425 2609 mo-

49 2637 231 2683 nasterio
247 2673 258 2693 ‚
282 2637 359 2682 ubi
377 2673 387 2692 ,
413 2646 624 2699 quantum
640 2647 828 2699 possunt
845 2673 857 2694 ,
881 2636 994 2682 fiunt
1011 2635 1164 2682 divites
1179 2635 1426 2692 laboriosae,
