1769 3235
481 255 885 289 RETRACTAHONL'M
921 260 1010 290 Llss.
1052 259 1083 289 1.
1369 243 1454 289 501

89 322 301 368 rentibus
323 321 549 386 praebeat,
586 335 629 368 el
657 324 888 386 perducat
924 343 1018 389 quo
1050 336 1206 380 vocas,-
1236 342 1286 371 ac
1309 324 1469 372 deinde

84 392 290 452 subjunxi
315 410 325 437 :
354 414 375 434 α
397 392 677 439 Manifestum
698 406 757 440 est
772 413 872 456 ergo
894 414 980 441 non
1002 394 1185 442 volentis
1203 413 1342 460 neque
1359 413 1458 442 cur-

88 485 108 505 »
132 463 280 518 rentis,
309 463 382 509 sed
397 463 632 509 miserentis
656 465 735 510 Dei
754 483 839 511 esse
862 466 983 529 quod
1006 466 1116 512 bene
1139 484 1372 529 operamur
1390 466 1423 522 ¹,
1442 488 1460 507 ›>

87 533 265 579 omnino
288 533 559 580 verissimum
586 545 660 582 est.
707 535 790 581 Sed
837 553 991 599 parum
1018 536 1071 582 de
1108 538 1201 600 ipsa
1240 538 1466 583 vocatione

87 603 266 649 disserui
303 620 402 668 quae
446 605 494 649 fit
518 605 754 651 secundum
790 607 1065 670 propositum
1095 607 1203 652 Dei:
1238 624 1326 653 non
1348 608 1463 653 enim

88 674 284 719 omnium
320 675 396 738 qui
432 688 643 722 vocantur
664 714 674 730 ‚
718 677 812 722 talis
853 688 931 731 est,
976 677 1048 722 sed
1086 688 1254 723 tantum
1299 678 1464 724 electo-

89 761 202 791 rum.
238 746 387 809 [taque
424 747 544 812 quod
579 748 712 812 paulo
748 759 848 811 post
883 747 983 794 dixi.
1026 750 1155 793 Sic-ut
1190 753 1383 794 enimin
1411 754 1467 795 c'is

86 833 202 880 quos
219 815 350 881 eltgt't
366 823 509 874 Deus,
538 838 633 865 non
657 837 815 881 opera,
841 819 927 864 secl
948 817 1074 879 fides
1109 819 1301 864 inchoat
1329 826 1468 865 meri·

90 898 205 943 turm·
227 899 279 933 ut
289 907 386 952 per
398 908 566 937 munus
583 892 805 937 Dec'belze
824 901 1079 954 operentur
1096 908 1108 935 .-
1128 892 1194 935 sic
1215 894 1262 935 in
1277 892 1335 935 fis
1354 908 1471 954 quos

88 957 307 1015 damnat,
337 960 591 1019 iuficlelc'las
622 974 668 1007 et
697 964 912 1026 impietus
937 961 1134 1007 inchoat
1144 979 1306 1024 pcenoe
1330 966 1472 1007 meri-

92 1038 210 1083 tum,
235 1041 282 1074 ul
297 1048 390 1092 per
413 1036 566 1095 ipsum
580 1050 777 1095 poenum
800 1034 943 1078 etium
964 1032 1090 1077 mule
1109 1044 1375 1095 operentur,
1398 1049 1469 1078 ve-

90 1100 254 1147 rissime
270 1100 356 1147 dixi
381 1119 391 1146 t
420 1102 492 1147 sed
517 1102 618 1148 fidei
637 1103 836 1149 meritum
863 1103 993 1149 etiam
1027 1103 1172 1166 ipsum
1195 1119 1281 1148 esse
1300 1102 1469 1149 donum

92 1172 190 1228 Dei,
215 1189 295 1217 nec
315 1173 466 1235 putavi
491 1173 780 1236 quaerendum
803 1191 906 1230 esse,
934 1191 1013 1219 nec
1041 1173 1142 1220 dixi.

160 1243 233 1290 IV.
268 1245 322 1289 Et
357 1244 442 1290 alio
473 1244 592 1301 loco,
625 1244 778 1307 Cujus
809 1249 932 1290 enim
959 1250 1223 1300 miseretur,
1260 1244 1440 1308 inquam
1459 1282 1470 1300 ‚

76 1317 206 1373 facit
231 1332 338 1359 eum
370 1315 485 1361 bene
505 1320 722 1378 operare,
745 1327 790 1361 et
812 1334 951 1379 quem
991 1316 1210 1370 obdurat,
1248 1316 1476 1378 relinquit

94 1403 199 1430 eum,
219 1397 270 1430 ut
288 1386 414 1431 mule
433 1385 695 1448 operetur².
721 1387 820 1431 Sed
838 1386 921 1431 illa
947 1387 1270 1431 auserit-ordia
1296 1403 1471 1447 paece-

92 1458 227 1502 clelm’
254 1459 417 1503 merilo
429 1456 815 1516 ficlec'trc‘buc'tur:
837 1469 883 1502 et
906 1460 996 1503 ista
1018 1457 1268 1502 obduratio
1284 1474 1472 1519 preece-

90 1528 223 1573 clenti
250 1532 495 1590 impietati.
529 1527 663 1585 Quod
694 1527 870 1591 quidem
907 1544 1058 1574 verum
1097 1538 1182 1581 est;
1210 1526 1282 1573 sed
1320 1526 1471 1572 adhuc

90 1598 378 1661 quaerendum
400 1608 491 1644 erat
508 1609 660 1644 utrum
677 1608 718 1643 et
738 1599 942 1644 meritum
962 1598 1062 1644 fidei
1095 1597 1150 1644 de
1174 1596 1473 1644 misericordia

96 1669 173 1714 nei
193 1670 354 1726 veniat,
378 1670 423 1716 id
442 1681 521 1727 est,
542 1681 692 1716 utrum
717 1669 777 1715 ita
798 1668 1097 1715 misericordia
1134 1669 1232 1715 ideo
1272 1679 1474 1714 tantum-

94 1739 222 1785 modo
241 1740 316 1786 fiat
339 1740 383 1786 in
402 1740 595 1796 homine,
618 1740 721 1804 quia
744 1739 883 1786 fidelis
907 1750 987 1794 est,
1016 1757 1069 1785 an
1087 1739 1217 1785 etiam
1238 1739 1353 1785 facta
1380 1739 1475 1785 sue·

93 1811 148 1855 rit
172 1810 368 1857 utfidelis
383 1822 503 1858 esset.
517 1812 722 1872 Legimus
739 1811 853 1856 enim
868 1810 1040 1856 dicente
1056 1814 1089 1857 A
1096 1809 1266 1874 postolo
1284 1828 1294 1855 :
1318 1831 1338 1851 α
1356 1810 1482 1856 Mise-

94 1903 112 1922 »
137 1881 370 1927 ricordiam
392 1893 651 1928 consecutus
679 1898 773 1927 sum
792 1893 838 1927 ut
864 1880 1002 1927 fidelis
1020 1898 1151 1927 essem
1171 1881 1188 1909 3
1211 1899 1221 1926 ε
1246 1902 1265 1922 »
1290 1898 1376 1926 non
1394 1881 1471 1936 ait,

91 1953 192 2015 quia
212 1952 350 2004 fidelis
369 1970 502 2000 eram.
532 1952 666 1998 Fideli
684 1969 783 2012 ergo
805 1952 936 1997 datur
963 1951 1161 2015 quidem,
1184 1950 1258 1996 sed
1283 1950 1385 1996 data
1412 1962 1474 1997 est

91 2024 220 2069 etiam
237 2034 284 2069 ut
315 2035 421 2070 esset
451 2023 603 2071 fidelis.
628 2022 884 2069 Rectissime
915 2022 1063 2086 itaque
1087 2021 1172 2067 alio
1198 2021 1296 2067 loco
1331 2021 1375 2066 in
1400 2038 1476 2066 eo-

92 2094 189 2140 dem
206 2094 321 2141 libro
344 2095 449 2149 dixi,
485 2098 728 2156 Quoniam
748 2095 792 2140 si
812 2111 908 2139 non
931 2111 992 2138 ex
1024 2091 1257 2154 operibus,
1280 2093 1370 2137 secl
1389 2096 1476 2136 νηί-

91 2165 344 2211 serc'eordc'a
355 2170 452 2212 Dei
471 2177 515 2211 et
533 2182 752 2211 vocamur
769 2175 821 2209 uc
835 2165 1100 2218 credamus,
1118 2173 1165 2208 ec
1185 2161 1484 2208 credentibus

85 2247 343 2300 praestatur
357 2248 410 2282 uc
429 2237 546 2282 bene
562 2253 829 2299 operemur,
857 2252 949 2279 non
965 2244 1037 2279 est
1054 2233 1273 2296 gentibus
1295 2234 1386 2277 isla
1409 2234 1480 2278 ι’]ι-

94 2308 296 2353 videnda
323 2306 673 2353 misericordia:
702 2305 902 2370 quamvis
924 2305 1067 2350 minus
1086 2303 1151 2350 ibi
1174 2302 1402 2363 diligenter
1425 2302 1479 2348 de

91 2377 165 2425 illa
186 2395 287 2442 quae
309 2396 388 2442 per
408 2379 489 2424 Dei
511 2377 791 2442 propositum
823 2377 890 2432 fit,
926 2375 1156 2422 vocatione
1180 2373 1474 2420 tractaverim.

94 2449 178 2494 Hic
200 2448 310 2495 liber
323 2450 383 2495 sic
405 2449 565 2513 incipit
585 2467 595 2494 :
626 2452 797 2495 Sensus
821 2448 874 2492 lzc'
897 2457 1009 2493 sunt
1025 2448 1073 2491 [ἠ
1089 2446 1309 2510 Epistola
1334 2445 1478 2491 Puulc

92 2520 163 2565 ad
174 2523 426 2566 Romanos.

144 2603 150 2624 ¹
171 2606 266 2635 Rom.
286 2614 341 2646 u,
364 2605 412 2634 ιδ.
436 2620 477 2627 -
495 2601 782 2640 21d⁴1x,18.-—
803 2601 1092 2635 31C0r.v11.'2-5-
