1769 3235
532 295 743 326 EPISTOLA
779 296 922 326 cxciv.
1357 278 1416 342 73

47 361 243 417 dicatur,
266 359 413 406 futura
437 359 642 423 praevidit
668 360 781 405 Deus
799 376 951 421 opera,
975 361 1051 423 qui
1074 362 1270 407 vixerunt
1286 370 1416 423 atque

46 441 305 486 senuerunt,
329 441 370 477 et
397 441 628 494 propterea
653 431 789 476 Jacob
814 430 987 485 dilexit,
1008 431 1122 476 Esau
1147 442 1290 477 autem
1314 430 1416 477 odio

44 502 202 550 habuit
216 542 226 557 ‚
245 501 341 548 ideo
362 502 671 548 moriturorum
690 502 817 547 etiam
840 502 1123 565 parvulorum
1145 512 1284 565 potest
1300 502 1416 565 quis-

43 590 172 638 quam
202 573 369 628 dicere,
401 583 450 618 ut
470 573 576 618 huic
602 572 656 618 ad
676 572 1010 635 percipiendum
1033 573 1303 636 baptismum
1329 589 1417 618 non

44 644 263 700 consulat,
289 644 352 690 illi
373 654 515 689 autem
543 644 757 699 consulat,
790 645 928 688 Deum
950 643 1095 689 futura
1112 660 1241 707 opera
1267 660 1416 689 eorum

41 714 294 780 praevidere.
329 713 564 771 Quomodo
591 714 706 759 enim
739 714 888 759 futura
913 713 1122 760 dicuntur
1140 751 1150 769 ‚
1176 730 1276 777 quae
1296 712 1416 759 nulla

43 787 199 832 erunt?

103 855 244 901 XLII.
274 875 294 896 ε(
314 854 398 900 Sed
421 855 552 908 Deus,
573 854 794 918 inquiunt,
820 855 865 899 in
889 853 945 899 eis
983 871 1091 918 quos
1115 854 1220 899 hinc
1243 851 1409 907 aufert,

41 924 252 991 praevidet
270 960 281 977 ,
307 925 679 988 quemadmodum
701 925 896 971 victurus
916 935 1026 970 easet
1047 925 1229 988 quisque
1252 926 1285 969 si
1302 923 1419 969 vive·

41 1005 137 1042 ret:
162 1005 205 1040 et
228 993 326 1039 ideo
355 1012 484 1058 quem
517 995 714 1059 nequiter
749 995 871 1041 novit
893 994 1021 1040 fuisse
1047 995 1267 1042 victurum
1292 1031 1302 1050 ‚
1329 993 1420 1039 sine

41 1065 262 1129 baptismo
285 1064 391 1111 facit
414 1066 577 1121 emori,
607 1066 668 1112 sic
688 1067 732 1111 in
757 1083 805 1111 eo
833 1067 1014 1129 puniens
1033 1083 1164 1129 opera
1183 1062 1312 1120 mala,
1330 1081 1419 1109 non

42 1153 141 1200 quae
163 1136 290 1191 fecit,
329 1136 402 1181 sed
439 1153 538 1199 quae
574 1136 770 1182 facturus
805 1136 943 1182 fuit.»
987 1136 1032 1182 Si
1071 1153 1171 1196 ergo
1212 1134 1420 1181 divinitus

42 1207 170 1253 etiam
193 1222 293 1269 quae
316 1205 545 1251 commissa
569 1223 656 1251 non
680 1216 809 1254 sunt.
836 1206 950 1251 mala
979 1223 1109 1269 opera
1136 1205 1416 1269 puniuntur:

43 1276 216 1341 primo
205 1274 432 1321 attendant
449 1292 580 1338 quam
600 1275 707 1321 falso
723 1275 1037 1338 polliceantur
1026 1293 1072 1321 m
1091 1275 1419 1320 damnationem

43 1345 247 1412 parvulos
269 1363 357 1391 non
372 1347 524 1401 ituros,
549 1347 624 1409 qui
646 1347 735 1392 sine
755 1347 1019 1409 baptismate
1043 1346 1319 1399 moriuntur,
1342 1343 1420 1407 qui

44 1428 271 1482 propteiea
295 1433 380 1462 non
413 1417 721 1495 baptizantur,
751 1417 854 1479 quia
878 1416 990 1462 male
1025 1415 1185 1462 victuri
1211 1424 1357 1470 erant,
1386 1413 1422 1458 si

43 1488 267 1536 viverent:
297 1497 476 1551 propter
510 1488 649 1565 ipsam
684 1488 854 1552 quippe
889 1487 1048 1533 malam
1090 1487 1225 1532 vitam
1265 1450 1422 1548 procul

44 1556 181 1604 dubio
207 1556 554 1611 damnabuntur,
583 1557 617 1603 si
643 1558 773 1603 etiam
805 1557 916 1603 mala
945 1574 1045 1621 quae
1070 1556 1242 1602 fuerant
1273 1554 1423 1600 futura

46 1627 351 1674 danmnantur.
384 1627 550 1673 Deinde
573 1627 607 1673 si
629 1628 688 1673 eis
710 1628 765 1674 ad
794 1627 1129 1691 percipiendum
1148 1624 1423 1690 baptismatis

47 1696 287 1745 consulitur
320 1699 679 1754 Sacramentum,
715 1715 827 1762 quos
862 1699 985 1744 novit
1009 1699 1124 1744 Deus
1156 1698 1191 1742 si
1230 1696 1423 1742 viverent

46 1768 157 1815 bene
188 1768 316 1814 fuisse
351 1769 572 1826 victuros,
609 1785 688 1814 cur
719 1787 807 1814 non
840 1786 988 1814 omnes
1016 1778 1216 1814 tenentur
1233 1767 1279 1812 in
1297 1767 1385 1812 vita
1406 1801 1418 1820 ‚

47 1854 179 1902 quam
211 1837 337 1884 honis
366 1839 572 1902 operibus
598 1839 794 1884 ornaturi
829 1842 961 1884 sunt?
998 1840 1088 1884 Cur
1120 1838 1248 1882 etiam
1274 1851 1424 1882 eorum

49 1908 123 1971 qui
139 1908 421 1971 baptizantur
448 1909 629 1972 quidam
653 1909 730 1954 diu
751 1910 942 1955 viventes
966 1908 1149 1972 pessime
1176 1907 1333 1953 vivunt
1352 1942 1363 1960 ,
1383 1915 1425 1950 et

50 1994 184 2042 usque
217 1978 271 2024 ad
304 1981 560 2042 apostasiam
581 1980 816 2043 aliquando
839 1980 1132 2044 perveniunt?
1160 1979 1252 2024 Cui·
1272 1977 1420 2040 ipsum

0 2087 2 2109 ;
50 2052 242 2115 primum
280 2053 532 2112 conjugium
568 2064 875 2116 peccatorum,
921 2069 1028 2116 quos
1064 2052 1215 2114 utique
1248 2059 1426 2096 noverat

0 2116 1 2172 f
51 2123 166 2168 Deus
202 2134 458 2185 peccaturos
492 2141 578 2170 non
605 2124 658 2169 de
692 2124 893 2188 paradiso
918 2135 1016 2169 ante
1042 2122 1226 2185 prodecit
1246 2157 1256 2177 ,
1286 2137 1339 2166 ne
1362 2119 1426 2165 ibi

53 2193 372 2239 committerent
408 2194 527 2257 quod
553 2205 639 2240 tam
666 2206 812 2240 sancto
836 2195 932 2240 loco
956 2204 1060 2239 esset
1095 2192 1324 2252 indignum
1350 2227 1361 2246 ‚
1394 2190 1428 2236 si

0 2271 3 2325 ]
49 2266 163 2323 Juste
187 2274 366 2327 peccata
386 2265 513 2309 etiam
535 2266 730 2311 nondum
753 2265 978 2311 commissa
1006 2264 1282 2327 puniuntur?
1311 2259 1430 2317 Quid

1 2361 3 2392 2
56 2332 241 2398 denique
259 2346 492 2398 praestatur
510 2336 576 2391 ei,
607 2337 683 2400 qui
709 2336 878 2400 rapitur
895 2373 905 2391 ‚
939 2353 992 2381 ne
1018 2334 1181 2380 malitia
1198 2342 1336 2378 mutet
1360 2331 1432 2377 in-

2 2413 4 2456 ἷ
58 2403 274 2450 tellectum
298 2404 434 2464 ejus¹‚
456 2417 499 2450 et
517 2423 568 2452 ne
586 2407 705 2452 fictio
727 2406 915 2468 decipiat
932 2406 1117 2451 animam
1139 2407 1247 2464 erS‚
1271 2402 1432 2461 sijUste

2 2474 5 2536 ᾗ
59 2473 186 2520 etiam
210 2475 284 2521 illa
310 2476 580 2537 puniuntur,
610 2478 835 2540 quaelicet
869 2495 956 2522 non
986 2475 1159 2531 fecerit,
1197 2473 1341 2519 fuerat
1365 2483 1432 2516 ta-

2 2558 5 2612 i
59 2557 154 2589 men
180 2544 366 2590 vivendo
384 2544 609 2593 facturus?
637 2549 862 2594 Postremo
887 2564 966 2594 cur
992 2564 1077 2592 non
1102 2545 1156 2593 ad
1176 2543 1429 2609 percipien-

108 2627 118 2649 ¹
140 2629 211 2671 Sap.
230 2640 275 2666 iv,
298 2640 325 2661 1.
