1769 3235
540 253 753 283 EPISTOLA
789 253 886 283 CCV.
1306 246 1392 309 157

20 343 42 365 »
63 320 108 367 in
126 318 379 366 infirmitate
398 355 409 374 ,
435 329 578 379 surget
592 319 638 364 in
658 318 819 364 virtute
842 337 852 363 ε
877 320 1112 367 seminatur
1125 339 1286 386 corpus
1306 324 1396 370 ani-

21 412 43 436 »
62 389 194 446 male,
223 400 365 450 surget
382 406 540 453 corpus
559 389 766 453 spiritale.
789 411 811 432 »
838 390 889 434 In
918 390 986 436 his
1009 392 1152 438 verbis
1177 395 1393 457 Apostoli,

20 460 235 524 numquid
251 460 313 506 fas
341 471 403 506 est
426 471 580 523 putare
605 460 758 505 melius
789 477 974 523 corpora
1005 473 1150 508 nostra
1175 481 1395 511 resurrec-

21 543 114 578 tura
130 547 260 594 quani
282 530 474 576 Christi?
496 547 596 575 cum
613 529 665 575 dc
680 529 755 575 illo
775 530 827 575 sit
840 531 1116 593 propositum
1132 535 1394 597 exemplum,

22 601 140 666 quod
163 601 348 647 fideliter
364 600 609 656 intendere,
637 612 679 646 et
698 618 777 664 per
793 605 884 660 ejus
908 602 1089 661 gratiam
1122 620 1294 666 sperare
1319 605 1399 650 de·-

21 673 211 718 beamus.
248 676 312 717 Ac
339 689 418 734 per
443 672 531 717 hoc
556 671 676 717 nullo
702 671 831 717 modo
864 672 1010 734 potuit
1041 690 1200 736 corpus
1229 675 1397 720 Christi

22 759 121 789 cum
141 753 421 805 corruptione
444 759 686 802 resurgere,
714 760 747 788 51
769 753 968 788 nostrum
994 744 1039 788 in
1068 744 1398 807 incorruptione

21 824 362 860 resurrecturum
387 813 688 876 promittitur;
715 831 796 859 nec
816 813 961 876 potuit
978 813 1089 859 illud
1112 815 1201 860 sine
1221 815 1358 874 gloria
1381 850 1393 872 ⁵

21 884 56 931 si
72 894 266 930 nostrum
290 895 479 944 resurget
499 884 543 929 in
563 884 712 944 gloria.
739 884 851 941 Quae
879 895 1022 930 autem
1039 885 1103 930 ibi
1127 884 1263 944 gloria
1284 922 1296 942 ,
1320 885 1400 931 ubi

23 955 168 1001 adhuc
193 955 453 1018 corruptio?
476 956 616 1000 Nimis
636 956 783 1018 itaque
803 955 1041 1001 absurdum
1066 966 1150 1011 est,
1177 966 1225 1001 ut
1244 956 1399 1001 creda-

22 1041 117 1071 mus
134 1024 245 1070 illud
267 1042 426 1088 corpus
443 1035 485 1070 et
507 1025 553 1070 in
571 1025 823 1072 infirmitate
847 1043 932 1071 esse
946 1026 1222 1083 seminatum,
1244 1026 1290 1072 id
1310 1037 1390 1082 est,

21 1094 330 1141 mortificatum
350 1132 360 1151 ,
389 1106 428 1140 et
452 1095 498 1140 in
518 1096 770 1141 infirmitate
797 1097 1095 1151 resurrexisse3
1116 1114 1217 1143 cum
1239 1114 1399 1160 corpus

22 1177 214 1212 nostrum
233 1165 464 1211 seminetur
487 1166 533 1210 in
553 1165 805 1212 infirmitate
824 1203 835 1222 ‚
862 1178 1056 1226 resurgat
1079 1167 1124 1212 in
1146 1167 1304 1213 virtute
1321 1205 1332 1224 ‚
1358 1178 1401 1213 et

23 1236 139 1283 dicat
159 1235 274 1282 idem
297 1235 532 1299 Apostolus
556 1235 610 1281 de
631 1237 806 1282 Christo
821 1274 833 1293 ,
861 1258 881 1278 α
902 1237 994 1283 Etsi
1018 1237 1248 1282 crucifixus
1271 1248 1333 1282 est
1353 1255 1400 1283 ex

23 1308 310 1354 »infirmitate
329 1345 339 1363 ‚
362 1307 434 1353 sed
453 1307 560 1353 vivit
583 1324 629 1352 ex
657 1308 816 1354 virtute
842 1308 920 1353 Dei
936 1307 968 1354 1.
994 1330 1013 1349 n
1040 1307 1150 1364 Quis
1185 1325 1285 1354 vero
1311 1319 1399 1353 tam

24 1379 207 1425 absurde
230 1379 371 1443 sapiat
388 1416 399 1435 ‚
430 1390 479 1424 ut
503 1377 652 1424 credat
682 1378 794 1425 illud
818 1395 978 1442 corpus
1006 1378 1191 1423 animale
1211 1380 1400 1424 semina-

24 1461 133 1506 tum,
148 1451 332 1496 animale
352 1450 671 1506 resuscitatum,
684 1450 718 1495 si
730 1461 926 1497 nostruin
944 1449 1396 1506 seminaturanimale,

23 1532 164 1581 surget
187 1521 410 1584 spiritale?

85 1593 161 1638 lX.
189 1597 369 1639 Constat
385 1593 551 1655 itaquo,
576 1609 717 1656 neque
742 1591 830 1638 ullo
855 1591 985 1638 modo
1006 1591 1299 1637 dubitandum
1315 1603 1394 1648 est,

25 1679 183 1726 corpus
214 1663 409 1719 Christi,
447 1663 566 1726 quod
590 1663 692 1709 licet
722 1664 1049 1726 corruptionem
1077 1663 1322 1726 putredinis
1352 1664 1400 1708 in

24 1733 220 1797 sepulcro
251 1751 340 1779 non
374 1732 557 1790 viderit,
600 1733 716 1779 unde
740 1734 955 1797 scriptum
982 1744 1075 1789 est,
1118 1735 1243 1779 «Nec
1274 1733 1400 1779 dabis

26 1826 46 1846 υ
62 1815 256 1850 sanctum
279 1815 401 1850 tuum
429 1804 574 1850 videre
595 1805 925 1867 corruptionem
939 1805 974 1860 ²,
999 1826 1020 1846 »
1038 1804 1170 1850 clavis
1194 1815 1339 1849 tamen
1358 1815 1400 1849 et

22 1875 170 1922 lancea
191 1876 420 1939 perrumpi
439 1879 615 1938 potuit,
643 1893 761 1921 nunc
787 1876 964 1921 omnino
996 1876 1041 1920 in
1065 1876 1398 1938 incorruptione

26 1947 282 2000 consistere3
325 1957 366 1992 et
390 1946 509 2010 quod
540 1948 586 1992 in
617 1947 879 1992 contumelia
916 1947 1127 2010 passionis
1160 1947 1399 2009 mortisque

27 2018 278 2064 seminatum
296 2028 382 2073 est,
408 2034 525 2063 nunc
544 2035 629 2063 esse
652 2019 697 2063 in
721 2018 857 2078 gloria
874 2018 976 2063 vitae
998 2029 1172 2063 aeternae
1192 2038 1202 2071 ;
1219 2028 1260 2063 et
1280 2017 1399 2081 quod

26 2106 70 2138 ex
93 2089 344 2134 infirmitate
366 2089 508 2151 potuit
529 2089 726 2148 crucifigi
744 2126 754 2145 ,
787 2106 905 2134 nunc
928 2090 973 2134 in
999 2089 1158 2133 virtute
1182 2105 1358 2149 regnare
1384 2108 1395 2141 ;

27 2160 192 2222 etquod
205 2171 293 2205 erat
315 2177 475 2223 corpus
502 2160 698 2215 animale,
717 2160 924 2223 quoniam
943 2177 989 2204 ex
1009 2160 1147 2205 Adam
1173 2170 1399 2223 sumptum

27 2241 114 2286 est,
138 2248 257 2276 nunc
280 2241 340 2276 est
369 2230 563 2293 spiritale
584 2266 594 2283 ‚
624 2232 833 2293 quoniam
866 2231 1038 2294 spiritui
1064 2235 1150 2290 jam
1175 2232 1399 2293 insepara-

26 2301 170 2346 biliter
205 2301 460 2364 copulatum
496 2312 575 2346 est.
613 2304 727 2346 Cum
766 2302 880 2346 enim
920 2301 1048 2346 vellet
1089 2300 1320 2363 Apostolus
1347 2300 1401 2346 de

28 2388 209 2435 corpore
242 2371 417 2417 animali
454 2371 663 2417 adhibere
705 2372 997 2417 testimonium
1037 2372 1366 2434 Scripturarum
1388 2407 1400 2426 ,

26 2441 133 2488 illud
169 2442 315 2505 posuit
341 2441 459 2505 quod
499 2441 546 2486 in
581 2442 736 2487 Genesi
768 2441 955 2501 legitur:
994 2463 1012 2483 α
1030 2441 1075 2486 Si
1099 2452 1188 2496 est,
1222 2441 1400 2504 inquit,

9 2521 226 2590 incorpus
263 2513 449 2558 animate
470 2550 480 2569 ‚
509 2524 571 2558 est
594 2524 636 2558 et
663 2513 858 2576 spiritale
883 2531 893 2558 :
935 2513 1048 2558 sicut
1079 2513 1292 2576 scriptum
1313 2523 1402 2568 est,

11 2595 15 2659 3
75 2597 86 2619 ¹
110 2608 127 2628 2
147 2599 220 2629 Cor.
241 2607 315 2634 xiii,
332 2603 420 2634 4.-
438 2596 452 2618 ‘2
468 2598 547 2628 Psal.
565 2609 617 2639 xv,
639 2609 688 2629 10.

12 2668 16 2768 1

13 2779 17 2851 i

14 2856 18 2930 1

15 2943 19 2985 ι

17 3116 22 3160 t
