1769 3235
1750 0 1769 114 1}

1751 116 1769 164 ,

342 303 366 335 2
381 304 391 333 ι
404 288 433 335 6
744 303 777 334 s,
822 301 1065 335 mensum
1101 305 1300 337 131³1scoi>1

1752 285 1755 306 Ι

1752 337 1756 360 l

1752 376 1769 420 Ξ,

1753 424 1769 463 l<

1753 467 1769 529 1⁴,

335 488 518 501 usa-snmus*
526 489 579 501 πυτ
588 488 1456 503 mmmvtxtwv==smusmzmus»ss”summm
1481 490 1707 503 „suut-w

750 606 1016 650 EPISTOLA
1051 606 1244 650 CCXVII
1261 607 1292 647 ¹.

1754 597 1757 614 Ι

1754 650 1757 668 1

334 742 578 781 Ancus-rmus
608 741 810 793 episcopus
843 754 979 779 servus
1017 739 1189 788 Christi,
1228 750 1267 779 et
1307 755 1376 792 per
1408 742 1539 792 ipsum
1577 755 1714 781 servus
1754 728 1769 794 {3

507 816 717 842 servorum
733 803 853 854 ipsius
867 833 877 851 ,
900 802 1040 842 Vnam
1060 802 1174 840 fratri
1193 803 1334 854 inipso
1355 801 1539 842 salutem.

1755 874 1769 922 ἱῖ

336 943 617 1004 ‘Augustinus
652 942 797 984 Vitali
829 940 1204 999 Carthaginensi,
1238 942 1380 983 delato
1407 943 1522 997 quod
1552 942 1718 984 doceret
1755 927 1769 1002 ig

397 1012 581 1054 initium
612 1010 721 1069 fidei
751 1025 842 1051 non
874 1024 957 1051 esse
990 1010 1155 1051 donum
1179 1010 1263 1052 Dei
1282 1011 1492 1052 reclamat
1523 1009 1717 1065 fortiter,
1756 1015 1769 1058 i

401 1080 632 1137 ipsumque
662 1094 717 1121 θα)
742 1077 946 1136 precibus
979 1078 1187 1119 Ecclesiae
1216 1079 1440 1135 confutat,
1476 1093 1528 1119 ao
1558 1077 1720 1119 duode-
1756 1082 1769 1117 ὴὲ

403 1149 492 1188 cim
516 1147 690 1206 regulas
720 1149 928 1205 proponit
955 1148 1014 1189 ad
1047 1146 1183 1204 fidem
1222 1146 1428 1188 Ecclesiae
1457 1147 1720 1203 pertinentes
1756 1141 1769 1188 ἱ

402 1216 522 1258 circa
544 1216 827 1271 quaestionem
853 1216 905 1257 do
928 1216 1078 1274 gratia
1100 1215 1195 1258 Dei.
1757 1217 1759 1223 '

1756 1297 1760 1327 ¹,

407 1376 443 1422 Ι.
479 1375 582 1421 CUM
605 1373 659 1420 de
680 1384 720 1420 te
742 1373 853 1420 mihi
873 1385 1011 1420 essent
1033 1375 1234 1422 nuntiata
1256 1392 1343 1421 non
1360 1375 1495 1433 bona,
1513 1386 1556 1422 et
1575 1377 1724 1438 rogavi
1756 1389 1761 1428 ς

302 1507 310 1514 ἡ
344 1446 584 1494 Dominum
607 1483 618 1499 ‚
647 1456 690 1492 et
711 1445 849 1492 donec
870 1445 981 1491 mihi
1003 1446 1120 1492 bona
1145 1447 1426 1503 nuntientur,
1450 1446 1596 1493 adhuc
1620 1464 1724 1509 rogo
1756 1437 1769 1532 {7

344 1528 394 1564 ut
415 1517 580 1563 litteras
600 1534 714 1562 meas
738 1533 818 1562 nec
845 1527 1124 1580 aspernanter
1152 1535 1294 1563 sumas
1313 1556 1323 1570 ,
1351 1529 1393 1564 et
1414 1518 1647 1565 salubriter
1668 1518 1726 1565 le-

347 1607 434 1650 gas.
471 1588 517 1633 Si
538 1588 654 1634 hanc
677 1588 851 1634 exaudit
875 1605 957 1651 pro
992 1599 1032 1634 te
1061 1590 1300 1635 orationem
1329 1607 1492 1647 meam,
1521 1590 1649 1637 etiam
1674 1589 1728 1636 cle
1763 1611 1769 1632 ·,

347 1672 388 1707 te
413 1660 650 1720 gratiarum
673 1659 888 1705 actionem
924 1659 1061 1705 donat
1099 1671 1148 1706 ut
1172 1661 1360 1708 offeram.
1398 1660 1533 1721 Quod
1575 1661 1608 1706 si
1642 1661 1728 1707 im·
1757 1659 1769 1720 ὶε

350 1744 478 1797 petro
497 1769 508 1785 ,
533 1730 847 1796 proculdubio
865 1749 954 1777 non
977 1732 1247 1779 contradices
1266 1732 1372 1778 huie
1395 1732 1478 1796 ipsi
1510 1732 1730 1796 principio
1757 1728 1769 1830 ἰ,

1757 1838 1762 1875 Ι

354 1803 565 1868 Epistolae
590 1820 713 1850 meae.
737 1803 835 1849 Hoc
859 1803 973 1849 enim
998 1820 1080 1868 pro
1106 1815 1146 1850 te
1169 1821 1244 1849 oro
1265 1842 1277 1860 ‚
1299 1815 1348 1849 ut
1378 1804 1432 1849 sis
1463 1815 1577 1850 recte
1608 1803 1724 1850 fidei.

356 1876 402 1921 Si
434 1874 522 1920 hoc
544 1891 644 1934 ergo
672 1891 755 1937 pro
774 1873 919 1920 charis
937 1876 1092 1921 nostris
1123 1893 1210 1921 non
1238 1875 1319 1921 tibi
1343 1874 1545 1938 displicet
1564 1885 1612 1921 ut
1634 1892 1731 1921 ore-
1764 1903 1767 1908 ν

356 1962 454 1991 mus
472 1982 483 2001 ‚
511 1945 544 1990 si
579 1945 697 1990 hanc
719 1944 957 1991 orationem
989 1946 1258 2006 recognoscis
1291 1963 1377 1992 esse
1402 1946 1696 1993 Christianam
1719 1982 1730 2001 ‚

358 2016 392 2062 si
406 2026 448 2062 et
471 2026 519 2061 tu
530 2032 611 2078 pro
637 2015 782 2061 charis
806 2016 890 2061 tuis
912 2016 1014 2062 talia
1033 2017 1101 2063 vel
1127 2034 1246 2062 orare
1268 2027 1308 2062 te
1328 2016 1479 2063 recolis
1495 2054 1507 2074 ‚
1528 2014 1596 2063 vel
1615 2032 1735 2061 orare
1758 2032 1763 2068 ξ

359 2098 400 2133 te
428 2086 586 2132 debere
609 2087 863 2146 cognoscis3
900 2087 1123 2150 quomodo
1147 2087 1255 2133 dicis
1279 2087 1398 2151 quod
1429 2098 1470 2133 te
1505 2087 1636 2133 audio
1664 2071 1762 2150 ‘li‘i

360 2176 456 2205 cere
473 2195 484 2214 ‚
517 2179 537 2200 α
559 2158 616 2203 Ut
633 2168 747 2203 recte
780 2157 1009 2204 credamus
1038 2159 1083 2204 in
1109 2160 1246 2205 Deum
1263 2196 1273 2214 ‚
1302 2170 1343 2203 et
1371 2158 1606 2219 Evangelio
1627 2154 1762 2206 con-i

360 2229 592 2276 sentiamus
610 2266 621 2285 ,
649 2246 738 2274 non
763 2245 849 2274 esse
883 2228 1047 2274 donum
1080 2230 1182 2286 Dei,
1221 2229 1295 2275 sed
1319 2229 1405 2275 hoc
1440 2228 1567 2274 nobis
1602 2244 1688 2274 esse
1715 2214 1763 2297 a}

360 2301 489 2346 nobis
507 2337 517 2356 ‚
543 2299 589 2346 id
609 2310 695 2357 est,
725 2317 772 2346 ex
789 2301 970 2364 propria
990 2300 1211 2347 voluntate
1229 2338 1239 2357 ,
1265 2318 1396 2364 quam
1421 2300 1548 2346 nobis
1569 2300 1615 2345 in
1633 2317 1738 2345 nos-
1758 2312 1764 2358 j·

365 2384 430 2418 tro
454 2371 586 2417 corde
605 2389 694 2418 non
718 2383 922 2435 operatus
945 2383 1006 2418 est
1032 2372 1155 2435 ipse?
1172 2393 1191 2414 n
1223 2373 1277 2417 Et
1307 2372 1361 2418 ad
1379 2372 1467 2418 hoc
1485 2409 1496 2429 ‚
1524 2388 1623 2417 cum
1658 2359 1763 2432 au-}¹

363 2443 492 2489 dieris
511 2479 523 2499 ,
556 2442 677 2500 Quid
715 2455 779 2489 est
809 2461 909 2504 ergo
947 2444 1067 2508 quod
1109 2445 1168 2490 ait
1198 2444 1462 2508 Apostolus,
1503 2443 1662 2489 «Deus
1693 2443 1765 2529 inf

411 2551 423 2574 ¹
452 2552 539 2585 Alias
566 2563 643 2588 cvu.
670 2564 740 2597 quae
767 2559 874 2586 autem
904 2566 968 2595 217
1000 2560 1091 2595 erat,
1126 2566 1211 2587 nunc
1240 2556 1296 2597 59.
1322 2574 1364 2580 —-
1397 2554 1524 2599 Scripta
1554 2533 1762 2599 circaidemi

365 2614 504 2654 tempus.
1758 2601 1762 2673 ζ
