1769 3235
329 236 422 302 294
731 252 765 283 S.
809 251 1050 284 Aueus‘nm
1087 251 1288 284 EPISCOPI

331 317 605 373 distulimus,
640 327 682 363 et
705 316 796 362 Deo
828 315 1103 380 opitulante,
1129 317 1323 364 omnium
1352 318 1576 383 principe,
1603 335 1701 384 quae
1756 331 1769 363 a?

326 393 419 450 jam
435 405 572 452 usque
595 386 648 436 ad
666 386 901 451 quemdam
923 387 1218 434 calamitatum
1240 388 1407 451 apicem
1433 390 1707 439 increverant:
1759 404 1768 432 i

331 460 445 506 mala
463 496 474 516 ,
501 459 643 522 sopita
672 469 786 505 sunt.
813 458 951 522 Spero
976 470 1121 505 tamen
1146 460 1202 505 ab
1223 476 1296 515 eo,
1322 477 1345 504 a
1369 477 1458 523 quo
1485 461 1707 525 quidquid,
1761 457 1769 503 i

328 531 496 580 bonum
519 540 607 586 est,
637 539 780 575 totum
817 546 990 592 sperare
1015 530 1222 576 debemus
1240 567 1250 585 ,
1277 531 1384 593 quin
1412 532 1539 578 etiam
1574 532 1711 596 Epis*
1762 527 1769 573 ἱ

331 602 434 651 tolae
466 612 553 648 tuae
580 617 770 661 auguror
799 600 1149 648 benedictionem
1173 612 1259 646 tam
1281 601 1443 661 largam
1464 640 1475 659 ‚
1502 613 1589 649 tam
1610 621 1706 650 cer-4
1763 616 1769 658 ς

333 684 421 720 tam
440 709 451 728 ,
478 683 526 718 ut
558 671 658 718 baec
680 672 773 734 ipsa
807 670 1046 727 bellorum,
1075 689 1204 734 quam
1233 671 1346 727 dixi,
1383 672 1560 729 dilatio,
1588 674 1709 737 pacis
1765 688 1769 715 a

332 743 494 789 habeat
521 752 749 805 teneatque
786 758 1018 804 perennem
1058 759 1108 787 ac
1140 753 1398 804 perpetuam
1436 744 1702 793 firmitatem.
1733 783 1739 820 ι
1766 740 1769 785 ἒ

332 814 488 860 Dixisti
510 813 623 859 enim
638 824 680 858 et
699 823 909 876 perpetua
930 812 1008 857 Dei
1028 812 1118 872 lege
1137 812 1264 858 fixisti
1283 850 1293 869 ,
1316 824 1363 859 ut
1381 813 1589 873 gaudeam
1608 815 1711 872 isto,
1767 827 1769 844 ¹

334 895 383 930 ut
406 895 453 930 tu
476 884 561 941 ais,
582 899 678 929 meo
701 893 786 928 tam
812 899 969 941 magno
989 899 1038 927 ac
1056 899 1152 931 vere
1166 883 1285 928 bono
1304 920 1314 939 ‚
1338 894 1379 928 et
1393 883 1515 930 fruar
1532 884 1578 930 in
1597 885 1707 941 Deo,

334 955 450 1001 unde
473 954 703 1017 sumpsisse
727 969 794 998 me
823 951 932 998 dicis
949 989 959 1009 ,
1000 962 1048 998 ut
1068 963 1109 997 et
1136 953 1231 999 talis
1250 970 1380 999 essem
1402 991 1412 1009 ‚
1438 965 1480 1000 et
1511 955 1614 1001 talia
1637 971 1710 1015 ge-
1737 1002 1742 1016 ,

333 1025 468 1072 reuda
487 1025 762 1087 susciperem,
789 1023 1020 1069 Connectis
1039 1023 1222 1069 deinde:
1241 1045 1260 1066 <c
1275 1025 1532 1082 Confirmet,
1546 1025 1709 1089 inquis,

335 1119 356 1141 »
378 1099 493 1142 Deus
510 1132 522 1152 ,
544 1094 664 1159 quod
697 1111 775 1158 per
809 1105 849 1140 te
879 1106 1085 1157 operatus
1110 1105 1171 1139 est
1193 1094 1363 1142 nobis1.
1390 1117 1410 1136 >2
1437 1096 1477 1142 O
1500 1107 1601 1143 vota
1624 1113 1714 1145 non
1740 1146 1744 1173 Ι

337 1167 468 1213 modo
488 1183 570 1230 pro
599 1183 692 1222 me,
720 1165 792 1211 sed
817 1182 897 1229 pro
933 1165 1070 1211 salute
1094 1165 1289 1211 omnium
1313 1178 1568 1230 nuncupata
1589 1168 1598 1214 l
1625 1168 1716 1214 Neo

338 1238 457 1294 enim
478 1254 572 1282 mea
598 1237 675 1282 ista
695 1235 830 1296 gloria
858 1236 1046 1299 separari
1065 1254 1085 1281 a
1113 1236 1247 1282 salute
1267 1237 1461 1283 omnium
1482 1248 1646 1300 potest,
1672 1247 1716 1284 et
1740 1222 1746 1307 l

337 1319 386 1355 ut
408 1325 486 1368 ego
510 1307 783 1353 orationibus
817 1306 900 1352 tuis
936 1306 1035 1352 felix
1066 1323 1154 1352 esse
1187 1307 1348 1370 possim
1371 1344 1381 1363 ‚
1422 1324 1508 1353 una
1544 1324 1714 1354 mecum
1741 1311 1747 1368 l

336 1397 484 1426 omnes
500 1377 643 1424 felices
670 1395 758 1424 esse
787 1394 955 1423 necesse
979 1388 1054 1424 est.
1083 1378 1198 1434 Diu,
1239 1388 1382 1441 pater,
1411 1395 1494 1442 pro
1517 1379 1717 1425 Romano

337 1450 549 1512 imperio,
585 1466 667 1512 pro
700 1451 897 1495 Romana
920 1448 1175 1511 republica,
1215 1466 1296 1511 pro
1319 1449 1389 1495 his
1422 1449 1551 1494 etiam
1570 1486 1581 1505 ‚
1607 1465 1717 1512 quos

336 1521 489 1581 dignos
509 1537 595 1566 esse
616 1520 694 1565 tibi
713 1519 976 1574 occurrerit,
1001 1518 1104 1564 talia
1124 1529 1224 1565 vota
1243 1536 1387 1565 sumas
1401 1536 1450 1565 ac
1469 1536 1713 1582 nuncupes,

339 1592 606 1657 quandoque
640 1602 682 1636 te
716 1607 850 1654 usque
884 1591 929 1636 in
968 1590 1135 1637 coelum
1172 1589 1311 1647 tollis,
1337 1590 1484 1636 tradas
1505 1590 1715 1654 posteris,

340 1662 604 1726 mandesque
626 1661 921 1725 sequentibus.
947 1683 968 1703 >2

406 1755 426 1775 a
449 1733 524 1780 lv.
555 1732 668 1778 Satis
701 1749 950 1795 progressus
971 1748 1066 1777 sum
1097 1730 1275 1777 fortasse
1296 1747 1427 1794 quam
1453 1730 1615 1787 debui,
1644 1730 1718 1778 sed

342 1820 500 1868 parum
525 1803 699 1848 locutus
718 1812 832 1848 certe
856 1819 988 1865 quam
1019 1801 1155 1850 volui.
1191 1801 1415 1848 Confiteor
1439 1801 1553 1847 enim
1570 1838 1581 1858 ,
1609 1801 1720 1847 scri-

343 1875 450 1920 bens
470 1873 521 1920 ad
540 1884 601 1929 te,
617 1873 764 1919 vultus
775 1873 884 1918 mihi
901 1884 995 1919 tuos
1014 1883 1222 1935 tanquam
1245 1872 1469 1935 praesentis
1484 1872 1716 1932 imaginor,

343 1957 501 1992 etcum
523 1944 627 1990 olim
645 1961 714 1989 ine
735 1960 874 1989 sermo
900 1943 1021 1989 rudis
1042 1954 1084 1989 et
1103 1943 1231 2006 inops
1250 1943 1398 2003 lingua
1423 1942 1626 1999 deficiat,
1649 1935 1721 1989 ἴθι-’-

345 2035 443 2064 men
468 2015 591 2080 quasi
620 2032 766 2061 coram
794 2025 936 2061 tecum
961 2014 1204 2078 colloquar,
1233 2014 1489 2078 fabulerque
1508 2051 1519 2071 ,
1542 2031 1631 2060 non
1650 2031 1722 2060 sa-
1750 2020 1755 2060 1

345 2088 446 2134 tior.
481 2085 671 2132 Proinde
702 2085 808 2131 hinc
833 2086 961 2131 etiam
994 2096 1139 2130 nostra
1172 2084 1215 2130 in
1247 2095 1284 2129 te
1317 2084 1527 2131 desideria
1550 2085 1715 2133 metire.

349 2161 462 2205 Cum
481 2161 572 2218 jam
593 2156 671 2203 diu
688 2156 818 2202 finem
836 2166 1072 2202 mereretur
1091 2155 1334 2219 epistolaris
1353 2156 1526 2219 paginae
1544 2156 1722 2202 forsitan

348 2232 516 2290 ingrata
536 2228 775 2275 verbositas
790 2265 800 2284 ‚
821 2228 1122 2274 subtrahimus
1147 2227 1450 2273 verecundiam
1467 2263 1478 2285 ‚
1508 2227 1614 2274 dum
1638 2244 1722 2274 cu·-

349 2300 524 2367 piditati
561 2299 828 2345 consulimus
846 2337 856 2355 ‚
892 2309 933 2344 et
966 2316 1204 2344 sermonem
1225 2298 1493 2362 relinquere,
1521 2316 1607 2345 esse
1637 2317 1658 2345 a
1683 2308 1725 2345 te
1754 2339 1763 2362 ,Ἰ

350 2370 548 2419 recedere
571 2370 860 2433 suspicamur.
897 2369 1008 2415 Nolo
1037 2386 1136 2429 crgo
1167 2386 1254 2414 non
1290 2369 1508 2425 desinere,
1539 2369 1724 2416 sednon
1754 2387 1760 2439 ἱ

350 2460 527 2508 possum
550 2459 560 2486 ι
584 2441 618 2486 si
642 2441 755 2486 enim
783 2440 923 2486 credis
939 2477 950 2497 ,
974 2439 1032 2486 ini
1057 2450 1197 2503 pater,
1219 2438 1325 2485 adeo
1354 2439 1511 2486 nostris
1530 2440 1725 2486 sensibus
1755 2427 1769 2557 tl

350 2533 400 2562 ac
425 2511 681 2577 praecordiis
703 2512 944 2569 inhaesisti,
971 2529 1019 2558 ex
1043 2528 1132 2575 quo
1165 2528 1255 2558 non
1279 2511 1472 2558 contenti
1503 2521 1580 2558 tua
1605 2510 1721 2558 fama
1763 2528 1769 2557 i

397 2600 406 2621 ¹
427 2598 510 2631 Psal.
529 2608 630 2635 ωιτη,
651 2607 708 2637 ²9·

1757 2562 1762 2630 1

1757 2636 1762 2719 i

1758 2733 1762 2811 ξ

1759 2813 1764 2874 ἔ

1760 2880 1764 2906 9

1761 3032 1766 3088 Ξ

1763 3172 1767 3179 ι

1762 3182 1768 3221 ἱ
