1769 3235
323 241 413 287 262
727 260 759 287 S·
808 259 1048 288 AUGCSTJNI
1084 259 1283 289 EPISCOPI

325 321 543 385 quidquid
567 321 609 367 in
633 321 748 368 libro
767 322 851 368 hoc
872 340 918 368 ex
939 323 1337 369 contradicentium
1353 340 1477 370 sensu
1495 327 1695 375 sanctitas

323 403 396 437 tua
420 393 501 437 sibi
525 394 759 455 opposuit,
783 393 1000 457 quidquid
1025 395 1150 440 etiam
1176 395 1220 440 in
1240 395 1363 440 libris
1382 407 1535 442 contra
1551 397 1695 444 Julia-

320 479 425 507 num
452 462 507 507 ab
533 464 628 526 ipso
655 464 839 509 subhac
863 465 1101 527 quaestione
1117 465 1339 524 objectum
1362 501 1372 520 ‚
1401 467 1696 528 potentissime

318 532 543 579 debellasti
563 554 574 588 3
594 535 680 580 hoc
694 545 833 581 totum
861 537 915 580 ab
938 536 1028 581 istis
1049 536 1207 581 sanctis
1220 536 1567 583 intentiosissime
1585 554 1695 584 con-

319 602 545 650 clamatur.
589 605 645 649 Et
672 621 771 650 cum
809 616 961 651 contra
996 622 1064 651 605
1099 606 1261 668 scripta
1290 606 1573 653 beatitudinis
1608 618 1696 655 tuae

322 673 597 719 validissimis
635 685 676 720 et
703 675 942 722 innumeris
975 676 1228 721 testimoniis
1261 675 1508 722 divinarum
1544 678 1697 741 Scrip-

318 753 516 789 turarum
533 744 744 791 instructa
759 745 1043 809 proferimus,
1068 763 1117 791 ac
1137 746 1378 792 secundum
1401 747 1587 793 formam
1606 747 1699 794 dis-
1745 806 1748 818 Ι
1768 794 1769 799 ,

315 815 597 877 putationum
610 826 784 861 tuarum
807 853 817 870 ‚
843 817 1009 879 aliquid
1029 818 1155 862 etiam
1170 817 1253 880 ipsi
1269 834 1355 880 quo
1379 817 1700 865 concludantur

319 886 551 931 astruimus
573 907 583 941 ς
608 887 942 932 obstinationem
968 904 1089 932 suam
1120 898 1332 933 vetustate
1360 887 1628 934 defendunt:
1659 898 1700 936 et
1744 884 1756 922 '·

319 973 366 1000 ea
384 993 395 1013 ‚
420 973 520 1020 quae
539 956 590 1001 de
622 957 815 1019 Epistola
843 957 1029 1020 apostoli
1056 957 1180 1002 Pauli
1204 959 1412 1004 Romanis
1437 959 1667 1004 scribentis
1684 995 1697 1016 ‚
1745 998 1757 1009 .,

320 1026 375 1071 3(1
394 1027 782 1072 manifestationem
798 1027 959 1073 divinae
972 1028 1121 1087 gratiae
1140 1029 1444 1091 praevenientis
1465 1029 1700 1076 electorum
1745 1018 1750 1032 ⁹

320 1097 471 1142 merita
506 1097 815 1160 proferuntur,
858 1116 880 1143 a
907 1099 1030 1144 nullo
1065 1116 1259 1162 unquam
1298 1099 1701 1146 Ecclesiasticorum

319 1167 378 1213 ita
395 1184 481 1213 esse
498 1168 716 1214 intellecta
733 1207 744 1224 ,
769 1180 818 1215 ut
833 1187 950 1215 nunc
969 1171 1232 1226 sentiuntur,
1251 1170 1480 1216 affirmant.
1503 1174 1704 1233 Cumque

321 1248 369 1283 ut
386 1238 469 1301 ipsi
494 1256 541 1283 ea
565 1251 802 1302 exponant,
827 1241 1067 1287 secundnm
1087 1258 1277 1305 quorum
1301 1241 1432 1287 velint
1458 1258 1602 1297 sensa,
1624 1241 1702 1288 de-
1767 1231 1769 1239 ¹

321 1309 542 1371 poscimus
561 1347 572 1366 ‚
609 1311 722 1356 1111111
747 1328 789 1356 56
814 1312 1077 1374 profitentur
1101 1313 1310 1357 invenisse
1333 1311 1453 1375 quod
1492 1311 1665 1374 placeat
1686 1348 1699 1368 ,
1754 1351 1758 1366 ;

323 1390 364 1424 et
385 1379 438 1425 de
455 1381 523 1425 his
544 1382 673 1427 taceri
694 1382 893 1441 exigunt,
919 1399 1107 1444 quorum
1134 1381 1409 1427 altitudinem
1430 1381 1576 1428 nullus
1599 1382 1705 1428 atti-
1754 1409 1769 1452 '⁴

325 1451 446 1510 gerit,
476 1452 539 1496 Eo
564 1462 783 1514 postremo
811 1453 1058 1515 pervicacia
1095 1463 1185 1497 tota
1209 1451 1458 1501 descendit.
1491 1463 1538 1498 ut
1571 1451 1705 1498 fidem
1754 1471 1769 1509 1,

323 1533 512 1567 nostram
539 1522 822 1568 aetlificationi
859 1523 1130 1568 audientium
1174 1524 1437 1569 contrariam
1472 1540 1559 1570 esse
1593 1522 1705 1568 defi-
1756 1517 1769 1555 ·Ῑ

325 1592 476 1647 1113111,
503 1609 550 1637 ac
575 1594 635 1638 sic
654 1629 664 1648 ‚
701 1593 866 1638 etiamsi
893 1610 991 1639 vera
1026 1594 1080 1639 sit
1098 1631 1108 1647 ‚
1142 1611 1229 1638 non
1261 1593 1577 1657 promendam:
1604 1592 1706 1656 quia
1754 1610 1769 1652 ψ,

326 1674 368 1708 61
389 1663 629 1725 perniciose
644 1681 732 1709 non
750 1664 999 1727 recipienda
1020 1664 1250 1710 tradantur
1266 1683 1277 1717 ς
1297 1663 1472 1710 etnullo
1489 1663 1705 1727 periculo,

327 1750 429 1797 quae
452 1733 632 1793 intelligi
657 1745 889 1797 nequeant.
912 1735 1227 1781 conticeantur.
1248 1757 1268 1778 »
1755 1782 1769 1800 ἡ

396 1805 470 1851 lv,
498 1804 732 1860 «Quidam
750 1822 851 1851 vero
876 1806 1037 1852 horum
1063 1807 1106 1852 in
1133 1817 1303 1852 tantum
1330 1823 1352 1851 a
1378 1804 1620 1865 Pelagianis
1638 1821 1707 1850 se·
1756 1803 1763 1858 Ϊ,

333 1875 446 1920 mitis
471 1892 555 1920 non
584 1875 834 1925 declinant,
857 1887 904 1921 111
927 1893 1025 1922 cum
1048 1876 1099 1922 ad
1121 1876 1413 1922 confitendam
1432 1892 1523 1921 eam
1544 1874 1710 1922 Christi
1757 1934 1759 1937 ,

330 1947 530 2005 gratiam,
554 1962 652 2008 quae
665 1947 809 1991 onmia
829 1947 1069 2009 praeveniat
1083 1947 1233 1992 merita
1254 1946 1705 2005 humana,cogantur,
1754 1960 1762 2014 ξ

332 2034 382 2061 116
409 2016 441 2061 51
461 2016 624 2061 meritis
643 2016 840 2062 redditur
857 2054 866 2069 ,
885 2016 1044 2063 frustra
1070 2018 1207 2077 gratia
1234 2018 1484 2063 nominetur
1505 2053 1515 2072 ‚
1537 2015 1591 2061 ad
1607 2033 1709 2062 con·
1756 2019 1759 2025 '

329 2086 540 2132 ditionem
564 2086 682 2134 hanc
704 2088 839 2133 velint
862 2089 1204 2151 uniuscujusque
1238 2088 1431 2133 hominis
1459 2087 1675 2150 pertinere
1694 2120 1706 2142 ‚

324 2158 368 2203 in
394 2174 480 2220 qua
501 2173 601 2202 eum
635 2158 745 2203 1111111
772 2159 896 2221 prius
925 2169 1177 2214 merentem,
1194 2159 1296 2221 quia
1330 2175 1412 2203 nec
1430 2159 1675 2203 existentem
1693 2190 1706 2212 ‚
1748 2160 1751 2168 ’

329 2227 459 2274 liberi
486 2228 656 2273 arbitrii
683 2239 725 2273 et
746 2229 1001 2274 rationalem
1024 2229 1159 2288 gratia
1184 2229 1399 2273 Creatoris
1421 2228 1643 2284 instituat,
1663 2236 1710 2273 ut

332 2317 411 2363 per
434 2296 734 2345 discretionem
761 2300 869 2346 boni
894 2312 936 2346 et
961 2300 1061 2346 mali
1082 2338 1091 2356 ‚
1119 2311 1161 2345 et
1185 2300 1238 2345 ad
1258 2300 1551 2359 cognitionem
1575 2298 1656 2344 Dei
1671 2307 1710 2344 et

333 2369 387 2415 ad
421 2369 712 2416 obedientiam
750 2371 1056 2416 mandatorum
1094 2375 1182 2430 ejus
1212 2371 1348 2434 possit
1380 2385 1501 2415 suam
1527 2368 1711 2428 dirigere
1756 2428 1758 2430 q

328 2440 624 2495 voluntatem,
660 2451 790 2504 atque
814 2441 867 2487 ad
890 2441 1005 2486 hanc
1030 2441 1210 2500 gratiam
1229 2479 1238 2498 ‚
1261 2457 1347 2503 qua
1372 2441 1417 2486 in
1439 2439 1617 2485 Christo
1639 2455 1710 2484 re-

329 2511 550 2557 nascimur
569 2548 578 2563 ,
609 2513 835 2575 pervenire
854 2550 864 2569 ‚
888 2530 967 2576 per
986 2512 1229 2558 naturalem
1255 2511 1419 2558 scilicet
1438 2510 1709 2565 facultatem,
1756 2514 1759 2553 ζ

327 2581 518 2646 petendo
535 2618 547 2639 ,
578 2583 844 2646 quaerendo,
879 2582 1092 2647 pulsando
1119 2600 1130 2628 :
1159 2593 1206 2630 ut
1228 2582 1340 2630 ‘ideo
1366 2581 1586 2646 accipiat,
1613 2579 1711 2627 ideo
1749 2578 1751 2583 '
