1769 3235
530 263 739 293 EPISTOLA
776 264 932 294 ccxxv.
1338 252 1428 298 265

27 291 31 310 l

25 314 30 391 J
119 331 193 377 VI.
244 350 264 371 c<
285 331 372 375 Pro
408 328 605 373 universo
630 339 772 374 autem
800 329 996 375 humano
1021 347 1172 390 genere
1205 343 1427 378 mortuum

23 405 27 454 l
55 421 138 450 esse
160 401 397 446 Dominum
428 409 622 443 nostrum
660 399 807 444 Jesum
848 400 1075 445 Christum
1094 439 1104 455 ‚
1143 413 1183 447 et
1210 404 1422 448 nerninem

23 458 26 519 l
53 489 226 538 prorsus
245 489 267 517 a
287 469 583 531 redemptione
613 469 830 528 sanguinis
855 473 945 528 ejus
969 482 1195 533 exceptum
1216 509 1226 521 .
1257 474 1426 519 etiamsi

21 552 24 606 l
53 560 219 591 omnem
243 542 358 587 hanc
377 542 510 585 vitam
535 539 790 585 alienissima
815 541 869 585 ab
894 557 943 585 eo
972 553 1115 587 mente
1139 553 1421 604 pertranseat3

20 645 22 667 ἐ
50 614 149 678 quia
183 612 237 658 ad
272 628 419 656 omnes
450 610 646 655 homines
672 610 888 672 pertineat
920 611 1081 657 divinae
1118 613 1424 660 misericordiae

18 681 21 738 ξ
50 692 361 730 sacramentum
387 699 397 724 ε
425 697 512 743 quo
536 679 633 725 ideo
658 680 840 743 plurimi
873 697 960 726 non
992 694 1255 727 renoventur
1275 720 1285 738 ‚
1320 685 1421 747 quia

17 744 21 808 ξ
49 753 166 818 quod
184 770 261 798 nee
286 753 483 797 renovari
516 750 620 795 velle
644 751 864 807 habeant,
896 764 1240 814 praenoscantur.
1271 754 1422 817 Itaque

15 867 18 898 t
46 835 254 890 quantum
278 823 331 869 ad
352 825 489 868 Deum
512 823 728 885 pertinet,
751 823 959 868 omnibus
984 834 1178 885 paratam
1201 824 1332 868 vitam
1358 842 1420 870 ae-

45 906 207 942 ternam
231 912 241 938 t
270 905 482 956 quantum
505 905 648 938 autem
680 893 734 938 ad
769 893 939 938 arbitrii
975 893 1221 939 libertatem
1239 931 1249 949 ,
1276 895 1330 939 ab
1352 895 1420 940 his

13 958 16 1030 ξ
43 982 132 1011 eam
153 963 444 1028 apprehendi,
467 966 543 1027 qui
567 965 655 1009 Deo
673 975 825 1027 sponte
849 963 1132 1020 crediderint,
1153 975 1194 1009 et
1211 965 1417 1010 auxilium

12 1033 15 1057 '¹
42 1036 186 1097 gratiae
209 1036 361 1081 merito
389 1035 658 1081 credulitatis
679 1036 942 1099 acceperint.
976 1037 1027 1081 In
1050 1037 1176 1081 istam
1202 1054 1302 1082 vero
1322 1037 1417 1083 talis

10 1136 12 1150 .
41 1107 186 1167 gratiae
207 1107 566 1169 praedicationem
591 1106 664 1161 hi,
686 1123 875 1170 quorum
899 1106 1245 1152 contradictione
1276 1109 1415 1153 offen-

9 1155 13 1222 l
39 1176 183 1223 dimur
200 1213 211 1231 ‚
235 1194 335 1222 cum
363 1177 485 1240 prius
510 1177 685 1222 meliora
712 1179 948 1232 sentirent,
974 1177 1070 1223 ideo
1091 1195 1131 1223 se
1147 1177 1213 1223 vel
1234 1179 1415 1224 maxime

7 1254 12 1327 l
38 1247 312 1294 contulerunt
334 1285 342 1302 ‚
370 1248 473 1311 quia
494 1248 527 1292 si
545 1248 858 1310 profiterentur
877 1248 932 1292 ab
952 1265 999 1293 ea
1018 1248 1163 1293 onmia
1189 1249 1304 1294 bona
1320 1267 1414 1294 me-

6 1333 9 1378 3
35 1319 113 1365 rita
137 1319 387 1382 praeveniri,
413 1329 452 1364 et
471 1319 525 1364 ab
549 1320 643 1381 ipsa
666 1328 713 1364 ut
738 1318 905 1381 possint
931 1335 1017 1364 esse
1044 1318 1224 1375 donari,
1263 1336 1412 1365 neces-

35 1391 154 1437 sitate
175 1390 462 1436 concederent
482 1391 620 1435 Deum
643 1390 883 1435 secundum
910 1390 1185 1452 propositum
1207 1401 1248 1435 et
1266 1391 1412 1435 consi-

32 1460 134 1507 lium
157 1461 391 1507 voluntatis
417 1478 506 1506 suae
524 1498 533 1515 ‚
552 1460 728 1505 occulto
743 1460 930 1520 judicio,
951 1471 992 1505 et
1015 1478 1145 1523 opere
1165 1460 1409 1518 manifesto,

2 1502 8 1605 l
32 1531 147 1578 aliud
180 1549 251 1578 vas
283 1531 469 1576 condere
502 1533 547 1576 in
572 1531 811 1586 honorem,
848 1530 967 1576 aliud
987 1531 1031 1576 in
1058 1530 1367 1576 contumeliam
1395 1552 1407 1585 ;

30 1604 128 1667 quia
157 1620 284 1648 nemo
309 1603 389 1647 nisi
415 1620 490 1665 per
514 1603 695 1662 gratiam
714 1602 981 1661 justificetur
1002 1639 1012 1657 ,
1042 1612 1084 1647 et
1108 1619 1236 1647 nemo
1264 1603 1346 1648 nisi
1365 1603 1408 1648 in

27 1674 384 1737 praevaricatione
408 1685 624 1719 nascatur.
660 1673 743 1718 Sed
781 1672 998 1732 refugiunt
1021 1672 1137 1718 istud
1164 1672 1304 1725 fateri,
1333 1674 1406 1719 di—

26 1745 212 1807 vinoque
242 1745 454 1789 ascribere
494 1744 615 1806 operi
655 1754 905 1788 sanctorum
939 1746 1094 1788 merita
1132 1743 1402 1799 formidant;

25 1832 102 1861 nec
125 1815 410 1878 acquiescunt
435 1815 795 1878 praedestinatum
816 1813 1052 1859 electorum
1079 1831 1306 1859 numerum
1327 1833 1404 1861 nec

0 1876 166 1945 laugeri
192 1903 342 1948 posse,
385 1902 465 1930 nec
503 1885 672 1939 minui,
700 1902 753 1930 ne
788 1884 934 1929 locum
975 1884 1093 1947 apud
1126 1884 1322 1931 infideles
1354 1904 1403 1932 ae

23 1956 278 2017 negligentes
313 1957 640 2002 cohortantium
673 1956 956 2001 incitamenta
981 1973 1068 2001 non
1093 1956 1311 2011 habeant,
1354 1976 1403 2004 ac

22 2028 237 2091 superflua
260 2031 314 2073 sit
332 2027 558 2073 industriae
581 2044 630 2072 ac
653 2027 814 2072 laboris
829 2026 1036 2083 indictio,
1060 2030 1186 2086 cujus
1206 2027 1401 2074 studium

22 2110 205 2145 cessante
226 2099 434 2144 electione
452 2098 750 2144 frustrandum
774 2098 841 2144 sit.
871 2100 937 2143 lta
958 2097 1136 2143 demum
1150 2099 1263 2144 enim
1278 2117 1401 2162 posse

21 2187 372 2234 unumquemque
400 2170 453 2216 ad
485 2170 802 2216 correctionem
824 2207 833 2223 ,
862 2181 937 2215 aut
963 2169 1017 2214 ad
1042 2168 1288 2232 profectum
1315 2188 1398 2216 vo-

18 2242 125 2298 cari,
149 2242 182 2287 si
217 2259 259 2287 se
293 2242 402 2287 sciat
425 2259 501 2287 sua
532 2241 756 2301 diligentia
780 2242 949 2286 honum
974 2257 1060 2285 esse
1088 2257 1213 2303 posse
1234 2278 1246 2296 ,
1274 2251 1316 2286 et
1340 2241 1398 2288 li-

16 2311 223 2358 bertatem
253 2329 373 2358 suam
413 2313 471 2358 ob
495 2312 583 2358 hoc
621 2313 698 2358 Dei
728 2311 887 2357 auxilio
909 2310 1150 2370 juvandam
1172 2348 1182 2366 ,
1212 2311 1245 2356 si
1277 2313 1397 2375 quod

16 2383 128 2429 Deus
146 2383 353 2439 mandat,
381 2383 570 2444 elegerit.
613 2384 675 2429 Ac
700 2383 760 2428 sic
786 2399 887 2428 cum
914 2382 958 2427 in
982 2381 1052 2426 his
1075 2418 1085 2437 ,
1118 2382 1195 2445 qui
1226 2392 1394 2446 tempus

16 2465 274 2518 acceperunt
294 2455 444 2501 liberae
471 2455 707 2502 voluntatis
727 2492 738 2510 ‚
778 2454 867 2501 duo
901 2454 988 2500 sint
1018 2470 1118 2516 quae
1153 2452 1393 2500 humanam

15 2536 241 2590 operentur
265 2526 476 2584 salutem,
509 2527 587 2573 Dei
618 2526 782 2573 scilicet
817 2525 955 2586 gratia
979 2535 1021 2570 et
1055 2524 1245 2572 hominis
1281 2525 1391 2571 obe-
