1769 3235
561 237 773 269 Erisrom
808 239 925 272 ccvi.
1338 241 1353 272 1
1365 225 1426 271 65

64 404 1050 421 mmswmmfflw-va-mwmusssswm
1057 411 1378 422 ςςςςςςςςςςςςςς
1390 414 1422 423 u

503 529 764 573 EPISTOLA
799 529 924 571 CCVI
943 529 972 572 ¹.

60 665 233 705 Domino
254 664 399 702 merito
417 662 562 702 illustri
585 673 624 703 et
639 664 959 715 praestantissimo
975 672 1096 716 atque
1111 664 1151 702 in
1169 664 1326 703 Christo
1347 664 1439 702 cha-

138 725 293 765 rissimo
312 724 394 764 filio
414 725 590 764 VALEnm
607 755 617 773 ‚
650 728 893 764 Ancnsrmus
918 726 955 764 in
975 725 1149 765 Domino
1169 726 1355 766 salutem.

164 857 342 900 Valerio
366 856 536 899 Comici
556 857 750 900 Felicem
773 858 1020 915 episcopum
1050 858 1343 899 commendat.

128 995 164 1041 Ι.
191 994 584 1051 QUOTIESCUMQUE
609 1011 633 1039 a
656 1010 725 1039 me
750 1003 907 1057 petunt
926 992 1146 1049 homines,
1174 1003 1222 1039 ut
1246 1009 1317 1039 eos
1360 1003 1447 1038 tuae

0 1070 2 1122 ξ
64 1064 325 1125 benignitati
340 1064 529 1128 fideique
544 1064 864 1120 commendem,
886 1065 920 1110 si
953 1081 1042 1110 non
1066 1063 1198 1120 facio,
1226 1080 1312 1109 non
1334 1063 1446 1109 mihi

0 1160 1 1200 3
65 1146 179 1182 recte
196 1133 347 1180 videor
364 1133 417 1180 de
449 1144 524 1179 tua
558 1134 627 1180 vel
656 1151 754 1194 erga
790 1135 886 1198 opis
924 1134 1096 1195 indigos
1129 1133 1445 1188 misericordia,

0 1266 1 1275 ἵ
65 1206 133 1254 vel
144 1222 242 1265 erga
254 1222 330 1251 nos
343 1204 642 1250 benevolentia
650 1204 865 1265 judicare.
891 1206 1043 1269 Itaque
1054 1204 1186 1261 facio,
1208 1215 1250 1250 et
1262 1205 1446 1250 maxime

0 1279 1 1290 ¹
68 1276 284 1323 ministros
302 1275 484 1330 Christi,
524 1275 600 1339 qui
637 1275 843 1321 Eeclesiae
862 1292 1012 1321 curam
1034 1286 1220 1335 gerunt,
1264 1278 1390 1335 cujus
1412 1285 1452 1320 te

70 1345 343 1394 cohaeredem
369 1357 411 1392 et
446 1346 587 1392 filium
620 1364 706 1393 esse
741 1346 1006 1407 gaudemus,
1054 1357 1141 1392 tuae
1182 1346 1451 1410 praestantiae

71 1417 373 1465 commendare
395 1434 485 1463 non
507 1417 683 1475 dubito,
730 1418 917 1464 Domine
938 1418 1090 1464 merito
1109 1417 1287 1464 illustris
1318 1427 1451 1480 atque

71 1488 440 1554 praestantissime,
460 1499 589 1553 atque
612 1489 657 1534 in
679 1489 856 1535 Christo
878 1489 1132 1535 charissime
1156 1488 1233 1535 fili.
1263 1488 1454 1534 Sanctus

74 1561 217 1624 itaque
235 1560 367 1606 frater
379 1570 421 1605 et
445 1560 738 1624 coepiscopus
756 1571 898 1606 noster
920 1559 1033 1606 Felix
1054 1577 1158 1606 cum
1179 1560 1267 1606 hoc
1292 1576 1358 1605 me
1382 1575 1448 1604 ro·

75 1641 226 1692 gasset‚
256 1630 407 1695 utique
442 1647 597 1691 negare
635 1648 723 1677 non
755 1631 902 1678 debui.
942 1629 1216 1677 Commendo
1243 1647 1345 1690 ergo
1373 1627 1458 1674 tibi

76 1702 331 1766 episcopum
364 1701 530 1747 Christi
569 1712 761 1762 egentem
791 1702 950 1748 auxilio
988 1702 1068 1748 viri
1115 1701 1331 1747 sublimis.
1370 1703 1458 1744 Fac

78 1790 177 1834 ergo
197 1772 317 1837 quod
340 1783 490 1836 potes;
511 1773 722 1837 quoniam
744 1773 827 1820 tibi
846 1773 1088 1837 plurimum
1108 1790 1234 1836 posse
1252 1770 1460 1836 praestitit

80 1844 313 1900 Dominus,
335 1846 461 1903 cujus
482 1854 524 1889 te
539 1843 762 1890 lucrorum
786 1843 1082 1891 avidissimum
1107 1842 1323 1889 novimus.

128 1942 138 1965 ¹
159 1941 246 1974 Alias
266 1952 380 1974 ccnxx.
396 1952 468 1985 quae
485 1949 591 1975 autem
607 1945 673 1975 206
691 1949 774 1985 erat,
799 1953 883 1975 nuuc
899 1944 978 1983 267.
998 1961 1038 1967 —
1058 1942 1182 1987 Scripta
1197 1942 1279 1974 circa
1298 1952 1352 1975 an.
1380 1947 1460 1978 420,
