1769 3235
339 221 422 268 128
586 253 596 261 .
757 231 792 261 s.
834 228 1079 259 Aueusnm
1115 229 1319 260 Episcom

333 300 479 364 impiis
510 309 616 344 tunc
652 294 1006 360 persecutoribus
1040 293 1151 339 ultra
1187 294 1367 339 modum
1397 293 1702 352 saevientibus,

335 383 376 417 et
399 380 562 416 remoto
580 367 733 412 timore
758 376 965 428 tanquam
992 364 1206 410 arridente
1230 364 1382 410 mundi
1404 363 1608 411 felicitate
1634 365 1706 411 di·
1762 362 1765 409 ἶ

334 443 561 497 centibus,
591 444 716 485 «Pax
753 449 794 483 et
834 437 1092 482 securitas.»
1125 438 1251 482 Tunc
1292 436 1426 482 stellae
1464 437 1622 483 cadent
1655 438 1709 484 de
1763 429 1765 437 ’

335 514 468 569 coelo,
490 524 531 559 et
555 512 736 557 virtutes
750 507 964 554 coelorum
983 508 1275 553 movebuntur
1298 525 1308 552 ι
1338 507 1542 570 quoniam
1560 507 1704 564 multi,

334 585 413 649 qui
435 582 571 644 gratia
595 581 758 640 fulgere
782 578 1045 624 videbantur
1066 614 1077 633 ,
1111 578 1471 640 persequentibus
1495 577 1650 623 cedent
1667 589 1710 624 et
1763 574 1765 611 ἶ

337 655 495 701 cadent
516 690 527 709 ‚
559 662 601 697 et
624 650 805 714 quidam
836 648 982 694 fideles
1006 647 1227 693 fortissimi
1263 647 1576 694 turbabuntur.
1606 648 1709 695 ldeo
1762 688 1765 713 ·.

338 736 479 770 autem
500 722 739 769 secundum
759 719 1025 765 Matthaeum
1049 728 1090 762 ct
1111 719 1310 763 Marcum
1340 729 1439 781 post
1456 719 1710 764 tribulatio-

335 813 434 841 nem
477 794 651 839 diorum
691 790 867 836 illorum
910 788 1075 833 dicitur
1103 788 1190 833 boc
1231 787 1454 844 futurum,
1488 806 1575 835 non
1609 789 1711 851 quia

338 875 552 912 transacta
592 874 681 908 tota
708 861 780 907 illa
803 860 1103 924 persecutione
1140 859 1340 905 accident
1370 859 1475 913 ista3
1513 859 1586 906 sed
1609 860 1712 923 quia
1762 901 1765 904 Α

337 935 559 1001 praecedet
577 932 803 979 tribulatio
820 968 829 985 ‚
868 941 916 975 ut
937 940 1144 992 sequatur
1168 929 1462 992 quorumdam
1485 929 1668 976 defectio
1698 948 1709 975 :
1762 990 1764 996 ,

337 1018 379 1052 et
402 1006 504 1069 quia
530 1022 608 1067 per
627 1018 773 1048 omnes
797 999 886 1045 dies
916 999 1013 1044 illos
1044 999 1104 1044 ita
1128 1000 1230 1055 fiet,
1253 1009 1484 1062 propterea
1511 1011 1611 1063 post
1632 1001 1711 1046 tri—
1762 1061 1763 1066 Ἰ

334 1077 608 1123 bulationem
628 1073 796 1119 dierum
827 1070 1002 1116 illorum
1019 1107 1030 1126 ‚
1055 1069 1125 1116 sed
1149 1080 1290 1115 tamen
1315 1069 1360 1115 in
1381 1070 1538 1116 eisdem
1557 1070 1712 1117 diebus

338 1150 425 1197 fiet.

403 1223 497 1269 XL.
535 1218 667 1277 Quod
702 1234 801 1277 ergo
838 1215 1006 1262 dictum
1031 1226 1094 1261 est
1117 1215 1356 1262 secundum
1387 1216 1578 1272 Lucam,
1611 1238 1631 1259 c<
1657 1218 1714 1263 Et
1761 1255 1763 1259 .

339 1294 423 1339 »in
447 1290 568 1337 terris
594 1304 794 1353 pressura
817 1286 1010 1346 gentium
1027 1286 1045 1314 1
1067 1323 1078 1342 ,
1101 1307 1121 1328 »
1156 1297 1300 1346 gentes
1331 1286 1468 1331 voluit
1498 1286 1709 1347 intelligi,
1761 1290 1763 1293 ’

340 1382 430 1411 non
448 1360 712 1426 pertinentes
737 1357 791 1403 ad
809 1374 951 1402 semen
973 1356 1165 1402 Abrahae
1185 1394 1194 1412 ‚
1223 1357 1269 1402 in
1290 1373 1378 1420 quo
1400 1356 1715 1403 benedicentur
1760 1371 1762 1423 [

339 1450 487 1482 omnes
522 1440 695 1492 gentes,
738 1428 810 1474 sed
850 1438 993 1487 gentes
1024 1444 1122 1489 quae
1158 1426 1214 1473 ad
1245 1427 1462 1473 sinistram
1501 1427 1710 1485 stabunt,
1760 1452 1762 1479 ;

342 1503 521 1570 quando
542 1500 927 1560 congregabuntur
955 1509 1051 1543 ante
1075 1497 1277 1543 Judicem
1300 1498 1499 1543 vivorum
1521 1508 1562 1543 et
1592 1516 1714 1545 mor-
1760 1498 1762 1512 '

337 1588 512 1622 tuorum
533 1587 680 1617 omnes
698 1580 857 1629 gentes.
887 1570 1078 1631 Utraque
1102 1586 1203 1631 pars
1225 1568 1339 1614 enim
1354 1568 1434 1613 erit
1453 1568 1498 1613 in
1513 1569 1716 1615 omnibus
1760 1600 1761 1609 η

337 1645 557 1707 gentibUS,
582 1658 668 1687 una
688 1657 789 1703 quae
816 1650 1008 1703 premat,
1024 1650 1066 1685 et
1082 1639 1211 1685 altera
1231 1655 1331 1702 quae
1346 1650 1572 1702 prematur
1590 1657 1604 1683 .-
1630 1656 1715 1685 una
1759 1698 1761 1702 ,

338 1733 440 1781 quae
464 1714 609 1768 dicat,
647 1733 668 1753 ‹<
687 1713 773 1756 Pax
800 1722 841 1756 et
872 1711 1099 1768 securitas3
1119 1732 1140 1751 »
1169 1710 1328 1766 altera,
1356 1710 1400 1755 in
1423 1725 1508 1772 qua
1538 1709 1600 1756 sol
1629 1710 1715 1756 ob-

337 1796 553 1840 scuretur,
584 1793 626 1828 et
649 1798 739 1827 non
757 1781 830 1827 det
853 1781 956 1826 luna
980 1781 1130 1827 lumen
1155 1797 1298 1836 suum,
1322 1790 1364 1825 et
1387 1779 1440 1825 de
1453 1797 1536 1844 qua
1558 1780 1716 1827 cadant
1758 1799 1761 1839 ξ

338 1857 472 1903 stellae
492 1892 503 1911 ‚
529 1864 571 1899 et
597 1853 643 1899 in
667 1869 754 1916 qua
774 1852 954 1898 virtutes
978 1851 1191 1897 coelorum
1215 1860 1484 1897 moveantur.

403 1928 524 1974 XLI.
547 1946 568 1966 ε(
586 1925 642 1969 Et
664 1934 770 1968 tunc
794 1922 1008 1969 videbunt
1023 1921 1180 1967 Filium
1204 1921 1394 1967 hominis
1416 1920 1654 1966 venientem
1671 1921 1716 1967 in
1758 1958 1760 1973 ζ

342 2019 363 2040 »
381 1997 499 2044 nube
517 2011 620 2042 cum
641 2003 854 2056 potestate
874 2009 1029 2053 magna
1053 2004 1094 2037 et
1118 1990 1365 2051 majestate²
1386 2008 1396 2036 :
1415 2012 1435 2032 ›>
1452 1991 1573 2054 quod
1589 1991 1716 2038 video
1758 1994 1759 2045 j

343 2072 519 2118 duobus
543 2067 684 2114 modis
703 2066 845 2129 accipi
871 2083 995 2129 posse
1014 2103 1024 2121 ‚
1053 2065 1140 2112 sive
1163 2066 1209 2111 in
1231 2064 1424 2110 Ecclesia
1444 2075 1653 2127 tanquam
1672 2065 1716 2110 in
1757 2055 1759 2101 Ῐ

345 2142 464 2188 nube
496 2139 736 2186 venientem
756 2173 765 2191 ‚
806 2137 919 2182 sicut
952 2136 1082 2181 etiam
1110 2152 1228 2180 nunc
1255 2135 1403 2180 venire
1428 2152 1516 2180 non
1549 2146 1713 2189 cessat,
1756 2147 1759 2177 ἰ

342 2210 581 2258 secundum
599 2207 645 2253 id
660 2206 781 2271 quod
804 2207 878 2262 ait,
904 2228 923 2248 c<
938 2205 1106 2252 Amodo
1128 2205 1329 2251 videbitis
1352 2205 1509 2251 Filium
1527 2205 1718 2252 hominis
1757 2229 1759 2233 ·

341 2304 362 2326 »
380 2282 599 2328 sedentem
624 2297 646 2324 a
669 2278 848 2323 dexteris
887 2278 1082 2330 virtutis,
1116 2287 1158 2322 et
1187 2276 1428 2323 venientem
1453 2276 1499 2322 in
1522 2277 1718 2323 nubibus

343 2374 364 2395 ›>
390 2350 492 2398 coeli
507 2350 524 2378 ‘⁹’
546 2367 557 2394 ε
582 2370 602 2390 >>
625 2347 698 2393 sed
724 2347 819 2393 ideo
841 2357 945 2392 tunc
964 2363 1066 2392 cum
1095 2357 1304 2410 potestate
1330 2364 1486 2406 magna
1507 2357 1549 2391 et
1567 2351 1716 2407 majes-
1756 2370 1757 2398 ς

344 2434 459 2478 tate,
496 2420 598 2484 quia
637 2421 774 2478 major
799 2428 988 2481 potestas
1024 2427 1066 2462 et
1100 2421 1298 2476 majestas
1331 2417 1447 2463 illius
1487 2419 1717 2480 apparebit

342 2493 526 2549 sanctis,
553 2490 716 2555 quibus
749 2506 954 2549 magnam
973 2488 1178 2535 virtutem
1202 2487 1358 2546 dabit,
1387 2505 1439 2534 ne
1471 2498 1590 2535 tanta
1611 2506 1716 2552 per-
1755 2490 1757 2493 ’

387 2578 398 2602 ¹
417 2580 494 2611 Luc.
513 2585 580 2615 xxx,
599 2575 658 2608 25.
674 2591 717 2598 -—
731 2571 747 2594 2
761 2571 845 2605 Ibid.
861 2583 971 2612 27.—
990 2568 1004 2594 3
1022 2571 1141 2604 Matth.
1157 2582 1250 2612 xxvx,
1270 2572 1329 2609 64.
