1769 3235
345 256 439 305 318
766 273 801 302 s,
845 273 1088 305 Auecsrmr
1126 277 1327 307 Episcopi

346 337 467 383 nullo
491 336 622 383 modo
651 338 794 402 potuit
813 337 1022 398 inveniri,
1052 341 1226 390 domine
1245 342 1490 389 beatissime
1509 354 1550 390 et
1568 345 1720 401 merito

344 407 601 454 venerabilis
624 419 762 471 pater.

407 480 466 526 ΙΙ.
497 480 700 542 Hymnus
740 498 857 538 sane,
894 499 1022 545 quem
1048 484 1200 531 dieunt
1248 501 1334 529 esse
1371 485 1547 532 Domini
1586 487 1721 541 nostri

343 555 442 597 Jesu
468 550 651 607 Christi,
679 552 755 615 qui
788 553 968 600 maxime
998 557 1210 617 permovit
1234 556 1552 602 venerationem
1577 559 1762 615 tuam,'·

344 622 388 667 in
409 621 645 684 Scripturis
669 622 774 667 solet
797 625 1065 688 apocryphis
1083 626 1281 671 inveniri.
1301 626 1414 681 Quae
1432 644 1519 671 non
1542 622 1735 692 proprie

343 692 768 739 Priscillianistarum
795 705 911 749 sunt,
935 695 1007 740 sed
1036 695 1105 740 alii
1121 712 1295 759 quoque
1311 695 1505 742 haeretiei
1521 698 1579 742 eis
1604 715 1719 744 non·

346 761 564 809 nullarum
590 775 803 809 sectarum
838 764 1060 827 impietate
1077 765 1278 811 vanitatis
1307 777 1508 823 utuntur,
1538 767 1650 813 inter
1675 786 1717 815 se

344 832 522 898 quidem
568 832 735 879 diversa
777 835 1002 880 sentientes
1027 872 1036 890 ‚
1083 835 1197 881 unde
1239 854 1335 882 suas
1369 838 1553 902 quisque
1584 838 1722 885 varias

344 904 526 950 haereses
545 915 644 950 sunt
663 904 814 959 secuti,
839 904 908 950 sed
927 905 1163 969 scripturas
1182 907 1284 952 istas
1300 907 1469 952 habent
1493 908 1538 953 in
1552 925 1627 955 sua
1651 901 1734 955 diss

342 975 540 1020 versitate
554 992 821 1029 communes,
845 992 998 1038 easque
1026 976 1087 1021 illi
1108 979 1332 1040 praecipue
1349 977 1622 1041 frequentare
1651 997 1721 1025 as-
1762 990 1765 1002 '

344 1046 504 1101 solent,
536 1046 609 1108 qui
636 1047 791 1104 Legem
830 1058 1015 1091 veterem
1043 1058 1084 1093 et
1110 1049 1355 1111 Prophetas
1377 1050 1609 1112 eanonicos
1632 1067 1721 1095 non

343 1116 580 1179 accipiunt.
604 1117 770 1175 Negant
784 1116 897 1161 enim
915 1117 1010 1163 haec
1026 1117 1079 1163 ad
1098 1120 1235 1164 Deum
1251 1121 1434 1176 bonum,
1446 1131 1486 1166 et
1499 1120 1551 1166 ad
1568 1121 1721 1166 Chris-

342 1198 431 1233 tum
461 1190 552 1246 ejus
576 1187 734 1232 Filium
773 1188 1005 1250 pertinere;
1033 1189 1143 1235 sieut
1171 1190 1432 1247 Manichaei,
1463 1191 1573 1237 sicut
1601 1193 1720 1237 Mar-

340 1259 551 1309 eionistae.
578 1259 783 1304 eteaeteri
808 1259 969 1322 quibus
1007 1259 1106 1305 haee
1137 1260 1412 1324 blasphemia
1460 1261 1720 1308 damnabilis

340 1331 521 1393 placuit.
559 1328 646 1386 Qui
677 1329 804 1374 etiam
829 1330 874 1374 in
915 1329 1153 1393 Scripturis
1189 1332 1409 1376 canonicis
1456 1332 1720 1378 Testamenti

342 1402 472 1457 Novi,
496 1402 582 1447 hoe
602 1411 662 1446 est
697 1401 740 1446 in
766 1401 874 1447 veris
904 1402 1160 1461 evangelicis
1193 1414 1234 1448 et
1268 1403 1519 1466 apostolicis
1543 1404 1715 1462 litteris,

342 1489 429 1518 non
446 1473 670 1535 accipiunt
692 1473 855 1528 omnia,
880 1473 950 1519 sed
979 1473 1097 1536 quod
1125 1474 1297 1530 volunt,
1321 1486 1363 1520 et
1403 1475 1538 1521 libros
1556 1475 1719 1536 eligunt

341 1561 448 1607 quos
475 1543 711 1607 a(‘eipiant‚
741 1543 833 1588 aliis
854 1544 1127 1607 improbatis.
1156 1544 1303 1590 Sedet
1336 1546 1381 1590 in
1415 1545 1593 1605 singulis
1614 1546 1717 1609 qui-

340 1615 511 1677 busque
528 1614 651 1659 libris
670 1613 766 1659 loca
791 1613 1085 1673 distinguunt,
1119 1631 1219 1678 quae
1246 1626 1406 1678 putant
1436 1618 1523 1662 suis
1557 1617 1718 1662 errori-

338 1685 421 1730 bus
443 1688 675 1730 convenire
703 1703 713 1729 :
741 1695 901 1730 caetera
940 1685 984 1730 in
1028 1686 1085 1731 eis
1125 1703 1206 1749 pro
1237 1685 1352 1732 falsis
1383 1687 1562 1734 habent.
1607 1687 1719 1737 Nam

338 1755 518 1820 quidam
537 1756 770 1801 Manichaei
792 1757 1054 1802 canonicum
1074 1756 1258 1810 librum,
1285 1767 1411 1818 eujus
1448 1758 1601 1804 titulus
1617 1768 1679 1804 est
1703 1776 1714 1803 :

337 1831 484 1873 Actus
510 1827 872 1891 Apostolorum,
898 1828 1146 1891 repudiant.
1165 1829 1468 1875 Timentenim
1491 1828 1718 1876 evidentis-

338 1900 487 1944 simam
526 1899 747 1944 veritatem
776 1899 855 1944 ubi
893 1911 1073 1963 apparet
1112 1910 1286 1946 sanetus
1315 1900 1508 1964 Spiritus
1547 1900 1714 1956 missus,

339 1968 489 2031 quiest
508 1986 530 2013 a
557 1969 746 2014 Domino
767 1969 869 2014 Jesu
887 1971 1066 2015 Christo
1088 1971 1131 2015 in
1147 1971 1395 2031 evangelica
1425 1972 1607 2018 veritate
1625 1988 1718 2035 pro·

340 2037 538 2085 missus1.
565 2039 659 2084 Sub
681 2043 771 2098 ejus
791 2040 957 2103 quippe
972 2042 1160 2104 Spiritus
1180 2043 1370 2098 nomine,
1391 2061 1413 2088 a
1434 2059 1523 2107 quo
1543 2045 1718 2107 penitus

339 2109 462 2155 alieni
481 2121 597 2166 sunt,
618 2109 796 2156 indocta
818 2111 1049 2156 hominum
1075 2113 1209 2157 eorda
1230 2112 1477 2177 decipiunt,
1501 2114 1610 2159 mira
1626 2130 1717 2159 cae-

340 2182 471 2226 citate
509 2192 737 2227 asserentes
771 2183 968 2227 eamdem
999 2184 1171 2229 Domini
1200 2184 1527 2247 promissionem
1553 2185 1599 2231 in
1639 2201 1717 2230 suo

334 2250 626 2296 haeresiareha
641 2252 891 2298 Maniclraeo
907 2270 994 2297 esse
1012 2254 1288 2317 eozripletam.
1323 2255 1455 2311 Quod
1475 2267 1516 2300 et
1533 2255 1597 2302 illi
1617 2256 1715 2301 hae-

339 2322 461 2367 retici
493 2322 678 2377 faciunt,
702 2323 778 2386 qui
804 2334 1017 2368 vocantur
1060 2325 1377 2388 Cataplrryges,
1406 2326 1614 2381 dieentes,
1638 2343 1717 2390 per

340 2393 482 2438 nescio
521 2410 631 2456 quos
655 2394 844 2449 insanos,
884 2395 1143 2440 Montanum
1181 2397 1345 2442 seilicet
1377 2408 1417 2442 et
1450 2397 1712 2453 Priscillam,

338 2479 447 2526 quos
462 2465 717 2528 etproprios
737 2482 836 2511 suos
855 2466 1095 2529 prophetis
1111 2467 1294 2524 habent,
1319 2468 1482 2514 xenisse
1499 2469 1713 2532 Spiritum

337 2545 555 2584 SRHCl-Uffl.
575 2552 703 2598 qUQR]
721 2536 935 2581 DomanS
954 2537 1183 2582 mlSSUl'Um
1201 2554 1243 2583 Se
1258 2555 1345 2584 CSSC
1365 2539 1580 2601 promisit.

390 2618 399 2639 ¹
419 2619 488 2650 Act.
509 2629 555 2658 11
585 2629 617 2652 2.
