<?xml version="1.0" encoding="UTF-8"?>
<!DOCTYPE html PUBLIC "-//W3C//DTD XHTML 1.0 Transitional//EN"
    "http://www.w3.org/TR/xhtml1/DTD/xhtml1-transitional.dtd">
<html xmlns="http://www.w3.org/1999/xhtml" xml:lang="en" lang="en">
 <head>
  <title>
</title>
<meta http-equiv="Content-Type" content="text/html;charset=utf-8" />
  <meta name='ocr-system' content='tesseract 3.04.00' />
  <meta name='ocr-capabilities' content='ocr_page ocr_carea ocr_par ocr_line ocrx_word'/>
</head>
<body>
  <div class='ocr_page' id='page_1' title='image "./operaomniaaccura41auguuoft/operaomniaaccura41auguuoft_0524.png"; bbox 0 0 1769 3235; ppageno 0'>
   <div class='ocr_carea' id='block_1_1' title="bbox 318 223 1307 280">
    <p class='ocr_par' dir='ltr' id='par_1_1' title="bbox 318 223 1307 280">
     <span class='ocr_line' id='line_1_1' title="bbox 318 223 1307 280; baseline 0.001 -9"><span class='ocrx_word' id='word_1_1' title='bbox 318 223 411 280; x_wconf 69' lang='lat'>504</span> <span class='ocrx_word' id='word_1_2' title='bbox 744 238 777 268; x_wconf 82' lang='lat' dir='ltr'>s.</span> <span class='ocrx_word' id='word_1_3' title='bbox 822 237 1064 270; x_wconf 72' lang='lat' dir='ltr'>Ausesrim</span> <span class='ocrx_word' id='word_1_4' title='bbox 1103 239 1307 272; x_wconf 80' lang='lat' dir='ltr'>EP15COP1</span> 
     </span>
    </p>
   </div>
   <div class='ocr_carea' id='block_1_2' title="bbox 318 302 1692 441">
    <p class='ocr_par' dir='ltr' id='par_1_2' title="bbox 318 302 1692 441">
     <span class='ocr_line' id='line_1_2' title="bbox 318 302 1692 369; baseline 0.004 -19"><span class='ocrx_word' id='word_1_5' title='bbox 318 304 503 359; x_wconf 82' lang='lat' dir='ltr'>faciunt,</span> <span class='ocrx_word' id='word_1_6' title='bbox 529 303 633 368; x_wconf 85' lang='lat' dir='ltr'>quia</span> <span class='ocrx_word' id='word_1_7' title='bbox 658 302 814 350; x_wconf 90' lang='lat' dir='ltr'>volunt</span> <span class='ocrx_word' id='word_1_8' title='bbox 830 303 888 350; x_wconf 91' lang='lat' dir='ltr'>eis</span> <span class='ocrx_word' id='word_1_9' title='bbox 912 320 1056 350; x_wconf 87' lang='lat' dir='ltr'>carere</span> <span class='ocrx_word' id='word_1_10' title='bbox 1077 342 1087 361; x_wconf 73' lang='lat'><em>‚</em></span> <span class='ocrx_word' id='word_1_11' title='bbox 1112 323 1190 352; x_wconf 90' lang='lat' dir='ltr'>nec</span> <span class='ocrx_word' id='word_1_12' title='bbox 1212 317 1407 369; x_wconf 75' lang='lat' dir='ltr'>possunt.</span> <span class='ocrx_word' id='word_1_13' title='bbox 1433 307 1561 354; x_wconf 91' lang='lat' dir='ltr'>Tunc</span> <span class='ocrx_word' id='word_1_14' title='bbox 1578 308 1692 356; x_wconf 89' lang='lat' dir='ltr'>enim</span> 
     </span>
     <span class='ocr_line' id='line_1_3' title="bbox 318 373 1670 441; baseline 0.004 -21"><span class='ocrx_word' id='word_1_15' title='bbox 318 393 388 420; x_wconf 82' lang='lat' dir='ltr'>eas</span> <span class='ocrx_word' id='word_1_16' title='bbox 411 391 498 419; x_wconf 88' lang='lat' dir='ltr'>non</span> <span class='ocrx_word' id='word_1_17' title='bbox 524 373 785 430; x_wconf 87' lang='lat' dir='ltr'>habebunt,</span> <span class='ocrx_word' id='word_1_18' title='bbox 818 373 996 437; x_wconf 86' lang='lat' dir='ltr'>quando</span> <span class='ocrx_word' id='word_1_19' title='bbox 1032 392 1110 421; x_wconf 88' lang='lat' dir='ltr'>nec</span> <span class='ocrx_word' id='word_1_20' title='bbox 1145 377 1477 441; x_wconf 78' lang='lat' dir='ltr'>corruptibilem</span> <span class='ocrx_word' id='word_1_21' title='bbox 1498 396 1670 426; x_wconf 88' lang='lat' dir='ltr'>carnem</span> 
     </span>
    </p>
   </div>
   <div class='ocr_carea' id='block_1_3' title="bbox 319 445 1696 578">
    <p class='ocr_par' dir='ltr' id='par_1_3' title="bbox 319 445 1696 578">
     <span class='ocr_line' id='line_1_4' title="bbox 319 445 1696 512; baseline 0.004 -21"><span class='ocrx_word' id='word_1_22' title='bbox 319 446 404 491; x_wconf 83' lang='lat' dir='ltr'>Hic</span> <span class='ocrx_word' id='word_1_23' title='bbox 440 445 551 491; x_wconf 86' lang='lat' dir='ltr'>liber</span> <span class='ocrx_word' id='word_1_24' title='bbox 586 445 645 491; x_wconf 92' lang='lat' dir='ltr'>sic</span> <span class='ocrx_word' id='word_1_25' title='bbox 690 445 844 509; x_wconf 76' lang='lat' dir='ltr'>incipit</span> <span class='ocrx_word' id='word_1_26' title='bbox 884 463 895 491; x_wconf 74' lang='grc' dir='ltr'><strong><em>ι</em></strong></span> <span class='ocrx_word' id='word_1_27' title='bbox 944 449 1097 493; x_wconf 57' lang='lat' dir='ltr'>(busa</span> <span class='ocrx_word' id='word_1_28' title='bbox 1131 460 1330 512; x_wconf 71' lang='lat' dir='ltr'>propter</span> <span class='ocrx_word' id='word_1_29' title='bbox 1362 468 1506 511; x_wconf 74' lang='lat' dir='ltr'>qnam</span> <span class='ocrx_word' id='word_1_30' title='bbox 1540 452 1696 496; x_wconf 73' lang='lat' dir='ltr'>scribit</span> 
     </span>
     <span class='ocr_line' id='line_1_5' title="bbox 321 515 594 578; baseline 0 -17"><span class='ocrx_word' id='word_1_31' title='bbox 321 515 594 578; x_wconf 76' lang='lat' dir='ltr'>Apostolus.</span> 
     </span>
    </p>
   </div>
   <div class='ocr_carea' id='block_1_4' title="bbox 316 667 1693 683">
    <p class='ocr_par' dir='ltr' id='par_1_4' title="bbox 316 667 1693 683">
     <span class='ocr_line' id='line_1_6' title="bbox 316 667 1693 683; baseline 0.001 -4"><span class='ocrx_word' id='word_1_32' title='bbox 316 667 991 680; x_wconf 46' lang='lat' dir='ltr'>munsunsnmsmsmaensmwsmw</span> <span class='ocrx_word' id='word_1_33' title='bbox 1001 670 1183 680; x_wconf 49' lang='lat' dir='ltr'>mss-§vs</span> <span class='ocrx_word' id='word_1_34' title='bbox 1192 670 1246 680; x_wconf 56' lang='lat' dir='ltr'>§u</span> <span class='ocrx_word' id='word_1_35' title='bbox 1255 670 1502 680; x_wconf 52' lang='lat' dir='ltr'>“ssu—swsm</span> <span class='ocrx_word' id='word_1_36' title='bbox 1513 671 1569 682; x_wconf 53' lang='lat' dir='ltr'>“u</span> <span class='ocrx_word' id='word_1_37' title='bbox 1579 672 1693 683; x_wconf 54' lang='grc' dir='ltr'>,ςαμας</span> 
     </span>
    </p>
   </div>
   <div class='ocr_carea' id='block_1_5' title="bbox 846 772 1193 814">
    <p class='ocr_par' dir='ltr' id='par_1_5' title="bbox 846 772 1193 814">
     <span class='ocr_line' id='line_1_7' title="bbox 846 772 1193 814; baseline -0.003 0"><span class='ocrx_word' id='word_1_38' title='bbox 846 773 1022 814; x_wconf 58' lang='lat' dir='ltr'>CAPUT</span> <span class='ocrx_word' id='word_1_39' title='bbox 1054 772 1193 814; x_wconf 81' lang='lat' dir='ltr'>XXV.</span> 
     </span>
    </p>
   </div>
   <div class='ocr_carea' id='block_1_6' title="bbox 377 883 1637 940">
    <p class='ocr_par' dir='ltr' id='par_1_6' title="bbox 377 883 1637 940">
     <span class='ocr_line' id='line_1_8' title="bbox 377 883 1637 940; baseline 0.005 -16"><span class='ocrx_word' id='word_1_40' title='bbox 377 883 583 938; x_wconf 64' lang='lat' dir='ltr'>Epistol&amp;</span> <span class='ocrx_word' id='word_1_41' title='bbox 613 884 671 923; x_wconf 73' lang='lat' dir='ltr'>ad</span> <span class='ocrx_word' id='word_1_42' title='bbox 706 884 827 924; x_wconf 80' lang='lat' dir='ltr'>Rom.</span> <span class='ocrx_word' id='word_1_43' title='bbox 869 884 1069 926; x_wconf 75' lang='lat' dir='ltr'>inchoata</span> <span class='ocrx_word' id='word_1_44' title='bbox 1099 885 1333 940; x_wconf 63' lang='lat' dir='ltr'>expositio,</span> <span class='ocrx_word' id='word_1_45' title='bbox 1371 885 1477 927; x_wconf 78' lang='lat' dir='ltr'>libe-r</span> <span class='ocrx_word' id='word_1_46' title='bbox 1511 901 1637 930; x_wconf 73' lang='lat' dir='ltr'>unus·</span> 
     </span>
    </p>
   </div>
   <div class='ocr_carea' id='block_1_7' title="bbox 319 1010 1727 2570">
    <p class='ocr_par' dir='ltr' id='par_1_7' title="bbox 319 1010 1727 2570">
     <span class='ocr_line' id='line_1_9' title="bbox 387 1010 1698 1074; baseline 0.003 -19"><span class='ocrx_word' id='word_1_47' title='bbox 387 1010 619 1056; x_wconf 78' lang='lat' dir='ltr'><strong>EPISTOLAE</strong></span> <span class='ocrx_word' id='word_1_48' title='bbox 656 1026 834 1074; x_wconf 88' lang='lat' dir='ltr'>quoque</span> <span class='ocrx_word' id='word_1_49' title='bbox 873 1011 926 1056; x_wconf 87' lang='lat' dir='ltr'>ad</span> <span class='ocrx_word' id='word_1_50' title='bbox 966 1012 1212 1068; x_wconf 82' lang='lat' dir='ltr'>Romanos,</span> <span class='ocrx_word' id='word_1_51' title='bbox 1250 1013 1363 1058; x_wconf 90' lang='lat' dir='ltr'>sicut</span> <span class='ocrx_word' id='word_1_52' title='bbox 1401 1012 1456 1058; x_wconf 87' lang='lat' dir='ltr'>ad</span> <span class='ocrx_word' id='word_1_53' title='bbox 1493 1012 1698 1070; x_wconf 80' lang='lat' dir='ltr'>Galatas,</span> 
     </span>
     <span class='ocr_line' id='line_1_10' title="bbox 319 1079 1705 1147; baseline 0.004 -22"><span class='ocrx_word' id='word_1_54' title='bbox 319 1079 629 1143; x_wconf 84' lang='lat' dir='ltr'>expositionem</span> <span class='ocrx_word' id='word_1_55' title='bbox 654 1097 942 1145; x_wconf 84' lang='lat' dir='ltr'>susceperam.</span> <span class='ocrx_word' id='word_1_56' title='bbox 986 1081 1073 1127; x_wconf 87' lang='lat' dir='ltr'>Sed</span> <span class='ocrx_word' id='word_1_57' title='bbox 1099 1082 1232 1142; x_wconf 83' lang='lat' dir='ltr'>hujus</span> <span class='ocrx_word' id='word_1_58' title='bbox 1256 1083 1399 1147; x_wconf 91' lang='lat' dir='ltr'>operis</span> <span class='ocrx_word' id='word_1_59' title='bbox 1419 1121 1431 1141; x_wconf 92' lang='lat'>,</span> <span class='ocrx_word' id='word_1_60' title='bbox 1458 1083 1492 1130; x_wconf 90' lang='lat' dir='ltr'>si</span> <span class='ocrx_word' id='word_1_61' title='bbox 1517 1085 1705 1147; x_wconf 89' lang='lat' dir='ltr'>perfice-</span> 
     </span>
     <span class='ocr_line' id='line_1_11' title="bbox 326 1151 1706 1217; baseline 0.004 -21"><span class='ocrx_word' id='word_1_62' title='bbox 326 1162 461 1206; x_wconf 80' lang='lat' dir='ltr'>retur,</span> <span class='ocrx_word' id='word_1_63' title='bbox 486 1151 635 1214; x_wconf 88' lang='lat' dir='ltr'>plures</span> <span class='ocrx_word' id='word_1_64' title='bbox 660 1151 764 1198; x_wconf 88' lang='lat' dir='ltr'>libri</span> <span class='ocrx_word' id='word_1_65' title='bbox 799 1164 920 1199; x_wconf 85' lang='lat' dir='ltr'>erant</span> <span class='ocrx_word' id='word_1_66' title='bbox 954 1152 1091 1200; x_wconf 90' lang='lat' dir='ltr'>futuri</span> <span class='ocrx_word' id='word_1_67' title='bbox 1121 1171 1132 1199; x_wconf 71' lang='grc' dir='ltr'>ε</span> <span class='ocrx_word' id='word_1_68' title='bbox 1167 1170 1355 1217; x_wconf 89' lang='lat' dir='ltr'>quorum</span> <span class='ocrx_word' id='word_1_69' title='bbox 1383 1171 1520 1201; x_wconf 91' lang='lat' dir='ltr'>unum</span> <span class='ocrx_word' id='word_1_70' title='bbox 1550 1156 1596 1201; x_wconf 92' lang='lat' dir='ltr'>in</span> <span class='ocrx_word' id='word_1_71' title='bbox 1619 1154 1706 1201; x_wconf 89' lang='lat' dir='ltr'>sola</span> 
     </span>
     <span class='ocr_line' id='line_1_12' title="bbox 326 1221 1709 1286; baseline 0.004 -19"><span class='ocrx_word' id='word_1_72' title='bbox 326 1221 621 1285; x_wconf 84' lang='lat' dir='ltr'>disputatione</span> <span class='ocrx_word' id='word_1_73' title='bbox 642 1223 778 1286; x_wconf 89' lang='lat' dir='ltr'>ipsius</span> <span class='ocrx_word' id='word_1_74' title='bbox 798 1224 1069 1270; x_wconf 82' lang='lat' dir='ltr'>salutationis</span> <span class='ocrx_word' id='word_1_75' title='bbox 1095 1225 1285 1281; x_wconf 77' lang='lat' dir='ltr'>absolvi,</span> <span class='ocrx_word' id='word_1_76' title='bbox 1312 1227 1366 1271; x_wconf 90' lang='lat' dir='ltr'>ab</span> <span class='ocrx_word' id='word_1_77' title='bbox 1391 1226 1516 1272; x_wconf 88' lang='lat' dir='ltr'>initio</span> <span class='ocrx_word' id='word_1_78' title='bbox 1544 1226 1709 1272; x_wconf 89' lang='lat' dir='ltr'>scilicet</span> 
     </span>
     <span class='ocr_line' id='line_1_13' title="bbox 331 1292 1709 1361; baseline 0.004 -24"><span class='ocrx_word' id='word_1_79' title='bbox 331 1310 464 1356; x_wconf 76' lang='lat' dir='ltr'>usque</span> <span class='ocrx_word' id='word_1_80' title='bbox 488 1292 540 1338; x_wconf 81' lang='lat' dir='ltr'>ad</span> <span class='ocrx_word' id='word_1_81' title='bbox 565 1293 671 1339; x_wconf 88' lang='lat' dir='ltr'>illud</span> <span class='ocrx_word' id='word_1_82' title='bbox 693 1331 702 1348; x_wconf 93' lang='lat'>‚</span> <span class='ocrx_word' id='word_1_83' title='bbox 726 1294 804 1340; x_wconf 86' lang='lat' dir='ltr'>ubi</span> <span class='ocrx_word' id='word_1_84' title='bbox 829 1295 887 1340; x_wconf 90' lang='lat' dir='ltr'>ait</span> <span class='ocrx_word' id='word_1_85' title='bbox 910 1313 919 1340; x_wconf 76' lang='grc' dir='ltr'>ε</span> <span class='ocrx_word' id='word_1_86' title='bbox 945 1317 964 1337; x_wconf 75' lang='lat'>&lt;‹</span> <span class='ocrx_word' id='word_1_87' title='bbox 985 1296 1133 1341; x_wconf 83' lang='lat' dir='ltr'>Gratia</span> <span class='ocrx_word' id='word_1_88' title='bbox 1156 1296 1280 1341; x_wconf 89' lang='lat' dir='ltr'>vobis</span> <span class='ocrx_word' id='word_1_89' title='bbox 1297 1307 1337 1341; x_wconf 94' lang='lat' dir='ltr'>et</span> <span class='ocrx_word' id='word_1_90' title='bbox 1358 1314 1440 1361; x_wconf 86' lang='lat' dir='ltr'>pax</span> <span class='ocrx_word' id='word_1_91' title='bbox 1461 1314 1483 1342; x_wconf 88' lang='lat' dir='ltr'>a</span> <span class='ocrx_word' id='word_1_92' title='bbox 1506 1297 1597 1342; x_wconf 86' lang='lat' dir='ltr'>Deo</span> <span class='ocrx_word' id='word_1_93' title='bbox 1622 1297 1709 1342; x_wconf 85' lang='lat' dir='ltr'>Pa-</span> 
     </span>
     <span class='ocr_line' id='line_1_14' title="bbox 336 1366 1710 1432; baseline 0.004 -25"><span class='ocrx_word' id='word_1_94' title='bbox 336 1389 342 1403; x_wconf 71' lang='lat'><strong><em>&gt;</em></strong></span> <span class='ocrx_word' id='word_1_95' title='bbox 374 1375 434 1408; x_wconf 77' lang='lat' dir='ltr'>tre</span> <span class='ocrx_word' id='word_1_96' title='bbox 456 1374 600 1409; x_wconf 87' lang='lat' dir='ltr'>nostro</span> <span class='ocrx_word' id='word_1_97' title='bbox 621 1375 661 1410; x_wconf 86' lang='lat' dir='ltr'>et</span> <span class='ocrx_word' id='word_1_98' title='bbox 679 1366 868 1411; x_wconf 89' lang='lat' dir='ltr'>Domino</span> <span class='ocrx_word' id='word_1_99' title='bbox 895 1368 993 1412; x_wconf 87' lang='lat' dir='ltr'>Jesu</span> <span class='ocrx_word' id='word_1_100' title='bbox 1027 1367 1218 1415; x_wconf 82' lang='lat' dir='ltr'>Christo,</span> <span class='ocrx_word' id='word_1_101' title='bbox 1242 1368 1457 1414; x_wconf 78' lang='lat' dir='ltr'>»Factum</span> <span class='ocrx_word' id='word_1_102' title='bbox 1473 1368 1710 1432; x_wconf 86' lang='lat' dir='ltr'>estquippe</span> 
     </span>
     <span class='ocr_line' id='line_1_15' title="bbox 333 1435 1711 1491; baseline 0.002 -10"><span class='ocrx_word' id='word_1_103' title='bbox 333 1446 380 1481; x_wconf 90' lang='lat' dir='ltr'>ut</span> <span class='ocrx_word' id='word_1_104' title='bbox 408 1435 759 1491; x_wconf 70' lang='lat' dir='ltr'>immoraremur,</span> <span class='ocrx_word' id='word_1_105' title='bbox 792 1454 891 1483; x_wconf 91' lang='lat' dir='ltr'>cum</span> <span class='ocrx_word' id='word_1_106' title='bbox 918 1437 1123 1483; x_wconf 80' lang='lat' dir='ltr'>vellemus</span> <span class='ocrx_word' id='word_1_107' title='bbox 1151 1437 1314 1484; x_wconf 79' lang='lat' dir='ltr'>solvere</span> <span class='ocrx_word' id='word_1_108' title='bbox 1335 1437 1594 1484; x_wconf 84' lang='lat' dir='ltr'>incidentem</span> <span class='ocrx_word' id='word_1_109' title='bbox 1622 1455 1711 1484; x_wconf 91' lang='lat' dir='ltr'>ser-</span> 
     </span>
     <span class='ocr_line' id='line_1_16' title="bbox 337 1506 1713 1573; baseline 0.002 -22"><span class='ocrx_word' id='word_1_110' title='bbox 337 1509 454 1551; x_wconf 85' lang='lat' dir='ltr'>moni</span> <span class='ocrx_word' id='word_1_111' title='bbox 481 1517 625 1552; x_wconf 85' lang='lat' dir='ltr'>nostro</span> <span class='ocrx_word' id='word_1_112' title='bbox 649 1506 951 1553; x_wconf 82' lang='lat' dir='ltr'>difficillimam</span> <span class='ocrx_word' id='word_1_113' title='bbox 973 1508 1256 1571; x_wconf 62' lang='lat' dir='ltr'>quiestionem</span> <span class='ocrx_word' id='word_1_114' title='bbox 1283 1509 1337 1555; x_wconf 89' lang='lat' dir='ltr'>de</span> <span class='ocrx_word' id='word_1_115' title='bbox 1354 1520 1535 1573; x_wconf 86' lang='lat' dir='ltr'>peccato</span> <span class='ocrx_word' id='word_1_116' title='bbox 1554 1511 1596 1555; x_wconf 91' lang='lat' dir='ltr'>in</span> <span class='ocrx_word' id='word_1_117' title='bbox 1617 1509 1713 1572; x_wconf 83' lang='lat' dir='ltr'>Spi-</span> 
     </span>
     <span class='ocr_line' id='line_1_17' title="bbox 334 1577 1713 1644; baseline 0.003 -22"><span class='ocrx_word' id='word_1_118' title='bbox 334 1577 465 1623; x_wconf 72' lang='lat' dir='ltr'>ritum</span> <span class='ocrx_word' id='word_1_119' title='bbox 494 1588 689 1623; x_wconf 84' lang='lat' dir='ltr'>sanctum</span> <span class='ocrx_word' id='word_1_120' title='bbox 708 1615 718 1633; x_wconf 85' lang='lat'>‚</span> <span class='ocrx_word' id='word_1_121' title='bbox 754 1578 872 1642; x_wconf 89' lang='lat' dir='ltr'>quod</span> <span class='ocrx_word' id='word_1_122' title='bbox 902 1597 987 1625; x_wconf 87' lang='lat' dir='ltr'>non</span> <span class='ocrx_word' id='word_1_123' title='bbox 1016 1580 1260 1625; x_wconf 79' lang='lat' dir='ltr'>remittatur</span> <span class='ocrx_word' id='word_1_124' title='bbox 1285 1597 1423 1644; x_wconf 89' lang='lat' dir='ltr'>neque</span> <span class='ocrx_word' id='word_1_125' title='bbox 1452 1581 1495 1626; x_wconf 90' lang='lat' dir='ltr'>in</span> <span class='ocrx_word' id='word_1_126' title='bbox 1522 1579 1609 1626; x_wconf 84' lang='lat' dir='ltr'>hoc</span> <span class='ocrx_word' id='word_1_127' title='bbox 1630 1597 1713 1626; x_wconf 85' lang='lat' dir='ltr'>sae-</span> 
     </span>
     <span class='ocr_line' id='line_1_18' title="bbox 339 1648 1716 1712; baseline 0.003 -20"><span class='ocrx_word' id='word_1_128' title='bbox 339 1648 438 1693; x_wconf 78' lang='lat' dir='ltr'>culo</span> <span class='ocrx_word' id='word_1_129' title='bbox 462 1665 602 1712; x_wconf 80' lang='lat' dir='ltr'>neque</span> <span class='ocrx_word' id='word_1_130' title='bbox 637 1649 681 1694; x_wconf 87' lang='lat' dir='ltr'>in</span> <span class='ocrx_word' id='word_1_131' title='bbox 713 1648 878 1696; x_wconf 81' lang='lat' dir='ltr'>futuro.</span> <span class='ocrx_word' id='word_1_132' title='bbox 912 1649 994 1695; x_wconf 83' lang='lat' dir='ltr'>Sed</span> <span class='ocrx_word' id='word_1_133' title='bbox 1029 1649 1184 1695; x_wconf 89' lang='lat' dir='ltr'>deinde</span> <span class='ocrx_word' id='word_1_134' title='bbox 1211 1650 1292 1695; x_wconf 87' lang='lat' dir='ltr'>alia</span> <span class='ocrx_word' id='word_1_135' title='bbox 1316 1650 1537 1696; x_wconf 84' lang='lat' dir='ltr'>volumina</span> <span class='ocrx_word' id='word_1_136' title='bbox 1556 1651 1716 1696; x_wconf 80' lang='lat' dir='ltr'>cessavi</span> 
     </span>
     <span class='ocr_line' id='line_1_19' title="bbox 341 1720 1719 1787; baseline 0.001 -21"><span class='ocrx_word' id='word_1_137' title='bbox 341 1720 577 1780; x_wconf 86' lang='lat' dir='ltr'>adjungere</span> <span class='ocrx_word' id='word_1_138' title='bbox 621 1722 875 1786; x_wconf 86' lang='lat' dir='ltr'>exponendo</span> <span class='ocrx_word' id='word_1_139' title='bbox 902 1722 1142 1786; x_wconf 83' lang='lat' dir='ltr'>Epistolam</span> <span class='ocrx_word' id='word_1_140' title='bbox 1185 1733 1316 1767; x_wconf 71' lang='lat' dir='ltr'>totam</span> <span class='ocrx_word' id='word_1_141' title='bbox 1345 1760 1355 1778; x_wconf 82' lang='lat'><strong><em>‚</em></strong></span> <span class='ocrx_word' id='word_1_142' title='bbox 1398 1723 1533 1787; x_wconf 87' lang='lat' dir='ltr'>ipsius</span> <span class='ocrx_word' id='word_1_143' title='bbox 1578 1722 1719 1785; x_wconf 82' lang='lat' dir='ltr'>operis</span> 
     </span>
     <span class='ocr_line' id='line_1_20' title="bbox 343 1791 1718 1851; baseline 0.002 -16"><span class='ocrx_word' id='word_1_144' title='bbox 343 1791 640 1851; x_wconf 72' lang='lat' dir='ltr'>magnitudine</span> <span class='ocrx_word' id='word_1_145' title='bbox 664 1810 714 1839; x_wconf 91' lang='lat' dir='ltr'>ac</span> <span class='ocrx_word' id='word_1_146' title='bbox 733 1792 884 1839; x_wconf 83' lang='lat' dir='ltr'>labore</span> <span class='ocrx_word' id='word_1_147' title='bbox 909 1793 1136 1839; x_wconf 85' lang='lat' dir='ltr'>deterritus</span> <span class='ocrx_word' id='word_1_148' title='bbox 1155 1831 1165 1847; x_wconf 88' lang='lat'><strong>‚</strong></span> <span class='ocrx_word' id='word_1_149' title='bbox 1197 1804 1240 1839; x_wconf 93' lang='lat' dir='ltr'>et</span> <span class='ocrx_word' id='word_1_150' title='bbox 1264 1793 1306 1839; x_wconf 89' lang='lat' dir='ltr'>in</span> <span class='ocrx_word' id='word_1_151' title='bbox 1326 1793 1408 1840; x_wconf 84' lang='lat' dir='ltr'>alia</span> <span class='ocrx_word' id='word_1_152' title='bbox 1426 1793 1618 1840; x_wconf 81' lang='lat' dir='ltr'>faciliora</span> <span class='ocrx_word' id='word_1_153' title='bbox 1640 1793 1718 1838; x_wconf 88' lang='lat' dir='ltr'>de-</span> 
     </span>
     <span class='ocr_line' id='line_1_21' title="bbox 343 1863 1718 1928; baseline 0.001 -20"><span class='ocrx_word' id='word_1_154' title='bbox 343 1863 474 1909; x_wconf 80' lang='lat' dir='ltr'>flexus</span> <span class='ocrx_word' id='word_1_155' title='bbox 511 1880 619 1909; x_wconf 88' lang='lat' dir='ltr'>sum.</span> <span class='ocrx_word' id='word_1_156' title='bbox 665 1865 731 1910; x_wconf 88' lang='lat' dir='ltr'>Ita</span> <span class='ocrx_word' id='word_1_157' title='bbox 768 1863 930 1911; x_wconf 89' lang='lat' dir='ltr'>factum</span> <span class='ocrx_word' id='word_1_158' title='bbox 967 1876 1063 1921; x_wconf 84' lang='lat' dir='ltr'>est,</span> <span class='ocrx_word' id='word_1_159' title='bbox 1101 1875 1146 1910; x_wconf 89' lang='lat' dir='ltr'>ut</span> <span class='ocrx_word' id='word_1_160' title='bbox 1185 1864 1348 1910; x_wconf 89' lang='lat' dir='ltr'>librum</span> <span class='ocrx_word' id='word_1_161' title='bbox 1377 1881 1506 1928; x_wconf 89' lang='lat' dir='ltr'>quem</span> <span class='ocrx_word' id='word_1_162' title='bbox 1535 1863 1718 1910; x_wconf 81' lang='lat' dir='ltr'>feceram</span> 
     </span>
     <span class='ocr_line' id='line_1_22' title="bbox 346 1933 1716 2000; baseline 0.001 -22"><span class='ocrx_word' id='word_1_163' title='bbox 346 1933 540 1996; x_wconf 88' lang='lat' dir='ltr'>primum</span> <span class='ocrx_word' id='word_1_164' title='bbox 559 1972 569 1989; x_wconf 83' lang='lat'>,</span> <span class='ocrx_word' id='word_1_165' title='bbox 610 1935 896 2000; x_wconf 77' lang='lat' dir='ltr'>relinquerem</span> <span class='ocrx_word' id='word_1_166' title='bbox 927 1937 1066 1982; x_wconf 92' lang='lat' dir='ltr'>solum</span> <span class='ocrx_word' id='word_1_167' title='bbox 1086 1974 1096 1992; x_wconf 90' lang='lat'>‚</span> <span class='ocrx_word' id='word_1_168' title='bbox 1125 1939 1248 1996; x_wconf 87' lang='lat' dir='ltr'>cujus</span> <span class='ocrx_word' id='word_1_169' title='bbox 1268 1952 1353 1981; x_wconf 90' lang='lat' dir='ltr'>esse</span> <span class='ocrx_word' id='word_1_170' title='bbox 1375 1935 1550 1981; x_wconf 90' lang='lat' dir='ltr'>titulum</span> <span class='ocrx_word' id='word_1_171' title='bbox 1571 1934 1688 1980; x_wconf 91' lang='lat' dir='ltr'>volui</span> <span class='ocrx_word' id='word_1_172' title='bbox 1706 1971 1716 1990; x_wconf 89' lang='lat'>‚</span> 
     </span>
     <span class='ocr_line' id='line_1_23' title="bbox 345 2003 1722 2070; baseline 0.001 -21"><span class='ocrx_word' id='word_1_173' title='bbox 345 2006 575 2067; x_wconf 69' lang='lat' dir='ltr'>Epistoloe</span> <span class='ocrx_word' id='word_1_174' title='bbox 597 2007 666 2052; x_wconf 78' lang='lat' dir='ltr'>ad</span> <span class='ocrx_word' id='word_1_175' title='bbox 684 2011 922 2053; x_wconf 71' lang='lat' dir='ltr'>Romanos</span> <span class='ocrx_word' id='word_1_176' title='bbox 959 2008 1183 2053; x_wconf 71' lang='lat' dir='ltr'>inchoata</span> <span class='ocrx_word' id='word_1_177' title='bbox 1218 2009 1468 2070; x_wconf 58' lang='lat' dir='ltr'>expositio.</span> <span class='ocrx_word' id='word_1_178' title='bbox 1495 2005 1582 2051; x_wconf 87' lang='lat' dir='ltr'>Ubi</span> <span class='ocrx_word' id='word_1_179' title='bbox 1600 2003 1722 2069; x_wconf 87' lang='lat' dir='ltr'>quod</span> 
     </span>
     <span class='ocr_line' id='line_1_24' title="bbox 347 2076 1723 2142; baseline 0 -21"><span class='ocrx_word' id='word_1_180' title='bbox 347 2076 463 2133; x_wconf 81' lang='lat' dir='ltr'>dixi,</span> <span class='ocrx_word' id='word_1_181' title='bbox 495 2081 703 2141; x_wconf 70' lang='lat' dir='ltr'>gratiam</span> <span class='ocrx_word' id='word_1_182' title='bbox 732 2098 832 2125; x_wconf 79' lang='lat' dir='ltr'>esse</span> <span class='ocrx_word' id='word_1_183' title='bbox 875 2086 920 2125; x_wconf 76' lang='lat' dir='ltr'>iti</span> <span class='ocrx_word' id='word_1_184' title='bbox 959 2079 1230 2126; x_wconf 58' lang='lat' dir='ltr'>dimissione</span> <span class='ocrx_word' id='word_1_185' title='bbox 1259 2090 1582 2142; x_wconf 64' lang='lat' dir='ltr'>[wc-catorum,</span> <span class='ocrx_word' id='word_1_186' title='bbox 1626 2095 1723 2141; x_wconf 74' lang='grc' dir='ltr'>μα-</span> 
     </span>
     <span class='ocr_line' id='line_1_25' title="bbox 349 2148 1722 2213; baseline 0 -21"><span class='ocrx_word' id='word_1_187' title='bbox 349 2165 449 2193; x_wconf 75' lang='lat' dir='ltr'>cem</span> <span class='ocrx_word' id='word_1_188' title='bbox 500 2168 602 2195; x_wconf 71' lang='lat' dir='ltr'>vero</span> <span class='ocrx_word' id='word_1_189' title='bbox 643 2155 691 2196; x_wconf 77' lang='lat' dir='ltr'>in</span> <span class='ocrx_word' id='word_1_190' title='bbox 731 2152 1111 2198; x_wconf 73' lang='lat' dir='ltr'>reconciliatione</span> <span class='ocrx_word' id='word_1_191' title='bbox 1161 2155 1276 2205; x_wconf 72' lang='lat' dir='ltr'>Dei,</span> <span class='ocrx_word' id='word_1_192' title='bbox 1326 2149 1595 2213; x_wconf 86' lang='lat' dir='ltr'>ubicumque</span> <span class='ocrx_word' id='word_1_193' title='bbox 1638 2148 1722 2193; x_wconf 83' lang='lat' dir='ltr'>hoc</span> 
     </span>
     <span class='ocr_line' id='line_1_26' title="bbox 349 2217 1724 2286; baseline 0.002 -24"><span class='ocrx_word' id='word_1_194' title='bbox 349 2217 462 2276; x_wconf 83' lang='lat' dir='ltr'>dixi,</span> <span class='ocrx_word' id='word_1_195' title='bbox 485 2238 571 2266; x_wconf 89' lang='lat' dir='ltr'>non</span> <span class='ocrx_word' id='word_1_196' title='bbox 602 2221 662 2267; x_wconf 87' lang='lat' dir='ltr'>sic</span> <span class='ocrx_word' id='word_1_197' title='bbox 689 2222 997 2286; x_wconf 85' lang='lat' dir='ltr'>accipiendum</span> <span class='ocrx_word' id='word_1_198' title='bbox 1025 2233 1113 2278; x_wconf 82' lang='lat' dir='ltr'>est,</span> <span class='ocrx_word' id='word_1_199' title='bbox 1144 2239 1192 2268; x_wconf 87' lang='lat' dir='ltr'>ac</span> <span class='ocrx_word' id='word_1_200' title='bbox 1225 2222 1258 2267; x_wconf 89' lang='lat' dir='ltr'>si</span> <span class='ocrx_word' id='word_1_201' title='bbox 1290 2239 1373 2284; x_wconf 79' lang='lat' dir='ltr'>pax</span> <span class='ocrx_word' id='word_1_202' title='bbox 1389 2221 1482 2284; x_wconf 86' lang='lat' dir='ltr'>ipsa</span> <span class='ocrx_word' id='word_1_203' title='bbox 1506 2231 1547 2265; x_wconf 85' lang='lat' dir='ltr'>et</span> <span class='ocrx_word' id='word_1_204' title='bbox 1566 2237 1724 2266; x_wconf 80' lang='lat' dir='ltr'>recon-</span> 
     </span>
     <span class='ocr_line' id='line_1_27' title="bbox 351 2289 1726 2357; baseline 0.001 -22"><span class='ocrx_word' id='word_1_205' title='bbox 351 2290 516 2337; x_wconf 85' lang='lat' dir='ltr'>ciliatio</span> <span class='ocrx_word' id='word_1_206' title='bbox 543 2309 630 2337; x_wconf 87' lang='lat' dir='ltr'>non</span> <span class='ocrx_word' id='word_1_207' title='bbox 662 2293 876 2357; x_wconf 84' lang='lat' dir='ltr'>pertineat</span> <span class='ocrx_word' id='word_1_208' title='bbox 904 2294 958 2340; x_wconf 90' lang='lat' dir='ltr'>ad</span> <span class='ocrx_word' id='word_1_209' title='bbox 989 2293 1173 2355; x_wconf 77' lang='lat' dir='ltr'>gratiam</span> <span class='ocrx_word' id='word_1_210' title='bbox 1207 2292 1445 2353; x_wconf 83' lang='lat' dir='ltr'>generalem</span> <span class='ocrx_word' id='word_1_211' title='bbox 1465 2328 1476 2350; x_wconf 88' lang='lat'>‚</span> <span class='ocrx_word' id='word_1_212' title='bbox 1509 2290 1582 2337; x_wconf 85' lang='lat' dir='ltr'>sed</span> <span class='ocrx_word' id='word_1_213' title='bbox 1605 2289 1726 2354; x_wconf 89' lang='lat' dir='ltr'>quod</span> 
     </span>
     <span class='ocr_line' id='line_1_28' title="bbox 349 2362 1726 2426; baseline 0 -19"><span class='ocrx_word' id='word_1_214' title='bbox 349 2362 594 2425; x_wconf 84' lang='lat' dir='ltr'>specialiter</span> <span class='ocrx_word' id='word_1_215' title='bbox 613 2364 787 2411; x_wconf 87' lang='lat' dir='ltr'>nomine</span> <span class='ocrx_word' id='word_1_216' title='bbox 800 2366 949 2426; x_wconf 75' lang='lat' dir='ltr'>gratiae</span> <span class='ocrx_word' id='word_1_217' title='bbox 968 2365 1256 2411; x_wconf 86' lang='lat' dir='ltr'>remissionem</span> <span class='ocrx_word' id='word_1_218' title='bbox 1290 2362 1598 2424; x_wconf 85' lang='lat' dir='ltr'>significaverit</span> <span class='ocrx_word' id='word_1_219' title='bbox 1617 2379 1726 2425; x_wconf 89' lang='lat' dir='ltr'>pec-</span> 
     </span>
     <span class='ocr_line' id='line_1_29' title="bbox 352 2432 1726 2500; baseline 0 -22"><span class='ocrx_word' id='word_1_220' title='bbox 352 2444 565 2481; x_wconf 87' lang='lat' dir='ltr'>catorum.</span> <span class='ocrx_word' id='word_1_221' title='bbox 589 2434 712 2482; x_wconf 85' lang='lat' dir='ltr'>Sicut</span> <span class='ocrx_word' id='word_1_222' title='bbox 733 2437 891 2497; x_wconf 87' lang='lat' dir='ltr'>Legem</span> <span class='ocrx_word' id='word_1_223' title='bbox 913 2448 954 2482; x_wconf 90' lang='lat' dir='ltr'>et</span> <span class='ocrx_word' id='word_1_224' title='bbox 972 2435 1217 2500; x_wconf 83' lang='lat' dir='ltr'>specialiter</span> <span class='ocrx_word' id='word_1_225' title='bbox 1241 2434 1429 2480; x_wconf 85' lang='lat' dir='ltr'>dicimus</span> <span class='ocrx_word' id='word_1_226' title='bbox 1446 2470 1456 2490; x_wconf 92' lang='lat'><strong><em>‚</em></strong></span> <span class='ocrx_word' id='word_1_227' title='bbox 1487 2432 1726 2479; x_wconf 88' lang='lat' dir='ltr'>secundum</span> 
     </span>
     <span class='ocr_line' id='line_1_30' title="bbox 350 2502 1727 2570; baseline 0.001 -21"><span class='ocrx_word' id='word_1_228' title='bbox 350 2503 469 2568; x_wconf 90' lang='lat' dir='ltr'>quod</span> <span class='ocrx_word' id='word_1_229' title='bbox 492 2504 660 2551; x_wconf 85' lang='lat' dir='ltr'>dietum</span> <span class='ocrx_word' id='word_1_230' title='bbox 687 2516 774 2562; x_wconf 91' lang='lat' dir='ltr'>est,</span> <span class='ocrx_word' id='word_1_231' title='bbox 801 2528 821 2548; x_wconf 87' lang='lat'>«</span> <span class='ocrx_word' id='word_1_232' title='bbox 858 2508 941 2554; x_wconf 88' lang='lat' dir='ltr'>Lex</span> <span class='ocrx_word' id='word_1_233' title='bbox 965 2517 1006 2553; x_wconf 84' lang='lat' dir='ltr'>et</span> <span class='ocrx_word' id='word_1_234' title='bbox 1034 2504 1297 2570; x_wconf 73' lang='lat' dir='ltr'>prophetae1</span> <span class='ocrx_word' id='word_1_235' title='bbox 1334 2522 1344 2550; x_wconf 74' lang='grc' dir='ltr'>ε</span> <span class='ocrx_word' id='word_1_236' title='bbox 1378 2526 1397 2546; x_wconf 81' lang='grc'>»</span> <span class='ocrx_word' id='word_1_237' title='bbox 1433 2513 1474 2550; x_wconf 88' lang='lat' dir='ltr'>et</span> <span class='ocrx_word' id='word_1_238' title='bbox 1512 2502 1727 2564; x_wconf 85' lang='lat' dir='ltr'>generali-</span> 
     </span>
    </p>
   </div>
   <div class='ocr_carea' id='block_1_8' title="bbox 402 2595 725 2638">
    <p class='ocr_par' dir='ltr' id='par_1_8' title="bbox 402 2595 725 2638">
     <span class='ocr_line' id='line_1_31' title="bbox 402 2595 725 2638; baseline 0.022 -14"><span class='ocrx_word' id='word_1_239' title='bbox 402 2598 408 2618; x_wconf 87' lang='lat'><strong>¹</strong></span> <span class='ocrx_word' id='word_1_240' title='bbox 433 2595 549 2631; x_wconf 75' lang='lat' dir='ltr'>Maith.</span> <span class='ocrx_word' id='word_1_241' title='bbox 572 2605 725 2638; x_wconf 74' lang='lat' dir='ltr'>xx11,40.</span> 
     </span>
    </p>
   </div>
  </div>
 </body>
</html>
