<?xml version="1.0" encoding="UTF-8"?>
<!DOCTYPE html PUBLIC "-//W3C//DTD XHTML 1.0 Transitional//EN"
    "http://www.w3.org/TR/xhtml1/DTD/xhtml1-transitional.dtd">
<html xmlns="http://www.w3.org/1999/xhtml" xml:lang="en" lang="en">
 <head>
  <title>
</title>
<meta http-equiv="Content-Type" content="text/html;charset=utf-8" />
  <meta name='ocr-system' content='tesseract 3.04.00' />
  <meta name='ocr-capabilities' content='ocr_page ocr_carea ocr_par ocr_line ocrx_word'/>
</head>
<body>
  <div class='ocr_page' id='page_1' title='image "./operaomniaaccura41auguuoft/operaomniaaccura41auguuoft_0368.png"; bbox 0 0 1769 3235; ppageno 0'>
   <div class='ocr_carea' id='block_1_1' title="bbox 313 251 1300 304">
    <p class='ocr_par' dir='ltr' id='par_1_1' title="bbox 313 251 1300 304">
     <span class='ocr_line' id='line_1_1' title="bbox 313 251 1300 304; baseline -0.002 -6"><span class='ocrx_word' id='word_1_1' title='bbox 313 251 405 304; x_wconf 78' lang='lat'>350</span> <span class='ocrx_word' id='word_1_2' title='bbox 740 266 775 296; x_wconf 88' lang='lat' dir='ltr'>S.</span> <span class='ocrx_word' id='word_1_3' title='bbox 818 265 1061 297; x_wconf 74' lang='lat' dir='ltr'>AUGUSTINJ</span> <span class='ocrx_word' id='word_1_4' title='bbox 1098 266 1300 297; x_wconf 74' lang='lat' dir='ltr'>Episcom</span> 
     </span>
    </p>
   </div>
   <div class='ocr_carea' id='block_1_2' title="bbox 310 330 1696 2509">
    <p class='ocr_par' dir='ltr' id='par_1_2' title="bbox 310 330 1692 1714">
     <span class='ocr_line' id='line_1_2' title="bbox 315 330 1689 395; baseline -0.001 -18"><span class='ocrx_word' id='word_1_5' title='bbox 315 331 548 395; x_wconf 81' lang='lat' dir='ltr'>potuisque</span> <span class='ocrx_word' id='word_1_6' title='bbox 568 330 679 376; x_wconf 89' lang='lat' dir='ltr'>mihi</span> <span class='ocrx_word' id='word_1_7' title='bbox 703 347 949 377; x_wconf 81' lang='lat' dir='ltr'>succenseas</span> <span class='ocrx_word' id='word_1_8' title='bbox 969 369 978 387; x_wconf 91' lang='lat'>‚</span> <span class='ocrx_word' id='word_1_9' title='bbox 1007 332 1126 395; x_wconf 85' lang='lat' dir='ltr'>quod</span> <span class='ocrx_word' id='word_1_10' title='bbox 1152 349 1240 377; x_wconf 87' lang='lat' dir='ltr'>non</span> <span class='ocrx_word' id='word_1_11' title='bbox 1261 331 1342 376; x_wconf 86' lang='lat' dir='ltr'>tibi</span> <span class='ocrx_word' id='word_1_12' title='bbox 1359 334 1449 390; x_wconf 87' lang='lat' dir='ltr'>jam</span> <span class='ocrx_word' id='word_1_13' title='bbox 1478 331 1590 376; x_wconf 86' lang='lat' dir='ltr'>sicut</span> <span class='ocrx_word' id='word_1_14' title='bbox 1617 346 1689 375; x_wconf 89' lang='lat' dir='ltr'>sa—</span> 
     </span>
     <span class='ocr_line' id='line_1_3' title="bbox 311 400 1687 464; baseline -0.001 -18"><span class='ocrx_word' id='word_1_15' title='bbox 311 401 448 464; x_wconf 83' lang='lat' dir='ltr'>pienti</span> <span class='ocrx_word' id='word_1_16' title='bbox 474 400 713 460; x_wconf 81' lang='lat' dir='ltr'>gratulatus</span> <span class='ocrx_word' id='word_1_17' title='bbox 729 438 739 456; x_wconf 77' lang='lat'>,</span> <span class='ocrx_word' id='word_1_18' title='bbox 776 417 906 464; x_wconf 85' lang='lat' dir='ltr'>quam</span> <span class='ocrx_word' id='word_1_19' title='bbox 932 403 1087 461; x_wconf 76' lang='lat' dir='ltr'>gratias</span> <span class='ocrx_word' id='word_1_20' title='bbox 1114 419 1212 461; x_wconf 88' lang='lat' dir='ltr'>agas</span> <span class='ocrx_word' id='word_1_21' title='bbox 1231 438 1240 456; x_wconf 80' lang='grc'><em>,</em></span> <span class='ocrx_word' id='word_1_22' title='bbox 1267 400 1386 464; x_wconf 84' lang='lat' dir='ltr'>quod</span> <span class='ocrx_word' id='word_1_23' title='bbox 1411 401 1490 446; x_wconf 86' lang='lat' dir='ltr'>tibi</span> <span class='ocrx_word' id='word_1_24' title='bbox 1512 400 1687 463; x_wconf 86' lang='lat' dir='ltr'>sapien-</span> 
     </span>
     <span class='ocr_line' id='line_1_4' title="bbox 310 470 1687 534; baseline 0 -19"><span class='ocrx_word' id='word_1_25' title='bbox 310 471 413 515; x_wconf 87' lang='lat' dir='ltr'>tiam</span> <span class='ocrx_word' id='word_1_26' title='bbox 447 470 703 534; x_wconf 78' lang='lat' dir='ltr'>deprecatus</span> <span class='ocrx_word' id='word_1_27' title='bbox 734 470 828 517; x_wconf 85' lang='lat' dir='ltr'>sim.</span> <span class='ocrx_word' id='word_1_28' title='bbox 860 471 1162 517; x_wconf 76' lang='lat' dir='ltr'>Verumtamen</span> <span class='ocrx_word' id='word_1_29' title='bbox 1191 472 1222 516; x_wconf 90' lang='lat' dir='ltr'>si</span> <span class='ocrx_word' id='word_1_30' title='bbox 1247 488 1324 530; x_wconf 87' lang='lat' dir='ltr'>ego</span> <span class='ocrx_word' id='word_1_31' title='bbox 1357 480 1535 534; x_wconf 87' lang='lat' dir='ltr'>portans</span> <span class='ocrx_word' id='word_1_32' title='bbox 1568 470 1687 534; x_wconf 84' lang='lat' dir='ltr'>epis·</span> 
     </span>
     <span class='ocr_line' id='line_1_5' title="bbox 310 540 1688 604; baseline 0 -18"><span class='ocrx_word' id='word_1_33' title='bbox 310 540 474 603; x_wconf 89' lang='lat' dir='ltr'>copalis</span> <span class='ocrx_word' id='word_1_34' title='bbox 499 541 691 586; x_wconf 90' lang='lat' dir='ltr'>nominis</span> <span class='ocrx_word' id='word_1_35' title='bbox 718 541 928 586; x_wconf 79' lang='lat' dir='ltr'>sarcinam</span> <span class='ocrx_word' id='word_1_36' title='bbox 950 580 961 599; x_wconf 83' lang='grc'>,</span> <span class='ocrx_word' id='word_1_37' title='bbox 986 542 1267 588; x_wconf 76' lang='lat' dir='ltr'>libentissime</span> <span class='ocrx_word' id='word_1_38' title='bbox 1294 541 1530 604; x_wconf 88' lang='lat' dir='ltr'>amplector</span> <span class='ocrx_word' id='word_1_39' title='bbox 1554 541 1688 586; x_wconf 86' lang='lat' dir='ltr'>bene-</span> 
     </span>
     <span class='ocr_line' id='line_1_6' title="bbox 314 610 1684 674; baseline 0.001 -19"><span class='ocrx_word' id='word_1_40' title='bbox 314 610 545 656; x_wconf 80' lang='lat' dir='ltr'>volentiam</span> <span class='ocrx_word' id='word_1_41' title='bbox 571 621 686 656; x_wconf 82' lang='lat' dir='ltr'>tuam</span> <span class='ocrx_word' id='word_1_42' title='bbox 708 648 719 662; x_wconf 80' lang='grc'>,</span> <span class='ocrx_word' id='word_1_43' title='bbox 746 611 866 674; x_wconf 88' lang='lat' dir='ltr'>quod</span> <span class='ocrx_word' id='word_1_44' title='bbox 902 629 969 657; x_wconf 81' lang='lat' dir='ltr'>me</span> <span class='ocrx_word' id='word_1_45' title='bbox 992 614 1163 657; x_wconf 86' lang='lat' dir='ltr'>Bonoso</span> <span class='ocrx_word' id='word_1_46' title='bbox 1187 622 1228 656; x_wconf 86' lang='lat' dir='ltr'>et</span> <span class='ocrx_word' id='word_1_47' title='bbox 1247 612 1415 667; x_wconf 78' lang='lat' dir='ltr'>Jasoni,</span> <span class='ocrx_word' id='word_1_48' title='bbox 1442 622 1490 657; x_wconf 90' lang='lat' dir='ltr'>ut</span> <span class='ocrx_word' id='word_1_49' title='bbox 1509 611 1684 667; x_wconf 90' lang='lat' dir='ltr'>scribis,</span> 
     </span>
     <span class='ocr_line' id='line_1_7' title="bbox 312 681 1684 742; baseline 0.001 -16"><span class='ocrx_word' id='word_1_50' title='bbox 312 681 569 727; x_wconf 81' lang='lat' dir='ltr'>doctissimis</span> <span class='ocrx_word' id='word_1_51' title='bbox 594 682 698 727; x_wconf 87' lang='lat' dir='ltr'>viris</span> <span class='ocrx_word' id='word_1_52' title='bbox 715 719 725 738; x_wconf 78' lang='grc'><em>,</em></span> <span class='ocrx_word' id='word_1_53' title='bbox 763 683 890 727; x_wconf 88' lang='lat' dir='ltr'>etiam</span> <span class='ocrx_word' id='word_1_54' title='bbox 919 694 1034 728; x_wconf 83' lang='lat' dir='ltr'>trans</span> <span class='ocrx_word' id='word_1_55' title='bbox 1056 700 1173 727; x_wconf 86' lang='lat' dir='ltr'>mare</span> <span class='ocrx_word' id='word_1_56' title='bbox 1197 683 1366 727; x_wconf 87' lang='lat' dir='ltr'>mittere</span> <span class='ocrx_word' id='word_1_57' title='bbox 1388 683 1591 742; x_wconf 87' lang='lat' dir='ltr'>dignatus</span> <span class='ocrx_word' id='word_1_58' title='bbox 1614 699 1656 728; x_wconf 89' lang='lat' dir='ltr'>es</span> <span class='ocrx_word' id='word_1_59' title='bbox 1673 719 1684 737; x_wconf 90' lang='lat'>‚</span> 
     </span>
     <span class='ocr_line' id='line_1_8' title="bbox 315 751 1686 814; baseline 0.001 -18"><span class='ocrx_word' id='word_1_60' title='bbox 315 752 369 796; x_wconf 82' lang='lat' dir='ltr'>acl</span> <span class='ocrx_word' id='word_1_61' title='bbox 391 751 676 814; x_wconf 86' lang='lat' dir='ltr'>reportandos</span> <span class='ocrx_word' id='word_1_62' title='bbox 699 769 751 797; x_wconf 86' lang='lat' dir='ltr'>ex</span> <span class='ocrx_word' id='word_1_63' title='bbox 773 769 920 797; x_wconf 90' lang='lat' dir='ltr'>eorum</span> <span class='ocrx_word' id='word_1_64' title='bbox 937 752 1309 814; x_wconf 85' lang='lat' dir='ltr'>disputationibus</span> <span class='ocrx_word' id='word_1_65' title='bbox 1329 753 1481 798; x_wconf 82' lang='lat' dir='ltr'>uberes</span> <span class='ocrx_word' id='word_1_66' title='bbox 1492 753 1686 807; x_wconf 82' lang='lat' dir='ltr'>fructus3</span> 
     </span>
     <span class='ocr_line' id='line_1_9' title="bbox 313 822 1689 885; baseline -0.001 -16"><span class='ocrx_word' id='word_1_67' title='bbox 313 822 431 885; x_wconf 86' lang='lat' dir='ltr'>quod</span> <span class='ocrx_word' id='word_1_68' title='bbox 453 823 640 885; x_wconf 84' lang='lat' dir='ltr'>denique</span> <span class='ocrx_word' id='word_1_69' title='bbox 677 822 729 868; x_wconf 86' lang='lat' dir='ltr'>ad</span> <span class='ocrx_word' id='word_1_70' title='bbox 766 822 1049 882; x_wconf 84' lang='lat' dir='ltr'>detergendas</span> <span class='ocrx_word' id='word_1_71' title='bbox 1079 824 1211 868; x_wconf 88' lang='lat' dir='ltr'>totius</span> <span class='ocrx_word' id='word_1_72' title='bbox 1231 825 1385 868; x_wconf 81' lang='lat' dir='ltr'>erroris</span> <span class='ocrx_word' id='word_1_73' title='bbox 1408 823 1610 882; x_wconf 85' lang='lat' dir='ltr'>caligines</span> <span class='ocrx_word' id='word_1_74' title='bbox 1630 822 1689 868; x_wconf 89' lang='lat' dir='ltr'>li-</span> 
     </span>
     <span class='ocr_line' id='line_1_10' title="bbox 313 890 1690 954; baseline 0.001 -18"><span class='ocrx_word' id='word_1_75' title='bbox 313 891 476 937; x_wconf 78' lang='lat' dir='ltr'>bellum</span> <span class='ocrx_word' id='word_1_76' title='bbox 501 890 729 951; x_wconf 85' lang='lat' dir='ltr'>cujusdam</span> <span class='ocrx_word' id='word_1_77' title='bbox 752 892 946 954; x_wconf 85' lang='lat' dir='ltr'>episcopi</span> <span class='ocrx_word' id='word_1_78' title='bbox 973 892 1103 937; x_wconf 63' lang='lat' dir='ltr'>vestri</span> <span class='ocrx_word' id='word_1_79' title='bbox 1123 929 1133 947; x_wconf 84' lang='lat'>,</span> <span class='ocrx_word' id='word_1_80' title='bbox 1163 892 1334 952; x_wconf 87' lang='lat' dir='ltr'>ingenio</span> <span class='ocrx_word' id='word_1_81' title='bbox 1357 904 1398 938; x_wconf 90' lang='lat' dir='ltr'>et</span> <span class='ocrx_word' id='word_1_82' title='bbox 1421 893 1587 938; x_wconf 78' lang='lat' dir='ltr'>viribus</span> <span class='ocrx_word' id='word_1_83' title='bbox 1605 893 1690 938; x_wconf 89' lang='lat' dir='ltr'>ela-</span> 
     </span>
     <span class='ocr_line' id='line_1_11' title="bbox 313 962 1690 1025; baseline 0.002 -18"><span class='ocrx_word' id='word_1_84' title='bbox 313 962 515 1008; x_wconf 84' lang='lat' dir='ltr'>boratum</span> <span class='ocrx_word' id='word_1_85' title='bbox 537 1000 547 1016; x_wconf 90' lang='lat'>‚</span> <span class='ocrx_word' id='word_1_86' title='bbox 587 962 642 1007; x_wconf 86' lang='lat' dir='ltr'>ad</span> <span class='ocrx_word' id='word_1_87' title='bbox 675 980 742 1007; x_wconf 91' lang='lat' dir='ltr'>me</span> <span class='ocrx_word' id='word_1_88' title='bbox 772 962 1079 1025; x_wconf 85' lang='lat' dir='ltr'>perferendum</span> <span class='ocrx_word' id='word_1_89' title='bbox 1113 963 1295 1009; x_wconf 87' lang='lat' dir='ltr'>sollicita</span> <span class='ocrx_word' id='word_1_90' title='bbox 1322 964 1588 1024; x_wconf 82' lang='lat' dir='ltr'>benignitate</span> <span class='ocrx_word' id='word_1_91' title='bbox 1608 981 1690 1010; x_wconf 91' lang='lat' dir='ltr'>cu-</span> 
     </span>
     <span class='ocr_line' id='line_1_12' title="bbox 311 1033 1690 1098; baseline 0.002 -21"><span class='ocrx_word' id='word_1_92' title='bbox 311 1033 412 1077; x_wconf 82' lang='lat' dir='ltr'>rasti</span> <span class='ocrx_word' id='word_1_93' title='bbox 436 1051 446 1077; x_wconf 90' lang='lat'>:</span> <span class='ocrx_word' id='word_1_94' title='bbox 476 1043 642 1096; x_wconf 86' lang='lat' dir='ltr'>quanto</span> <span class='ocrx_word' id='word_1_95' title='bbox 663 1043 726 1077; x_wconf 87' lang='lat' dir='ltr'>est</span> <span class='ocrx_word' id='word_1_96' title='bbox 748 1033 915 1095; x_wconf 78' lang='lat' dir='ltr'>aequius</span> <span class='ocrx_word' id='word_1_97' title='bbox 945 1043 983 1078; x_wconf 91' lang='lat' dir='ltr'>te</span> <span class='ocrx_word' id='word_1_98' title='bbox 1005 1033 1122 1079; x_wconf 87' lang='lat' dir='ltr'>bono</span> <span class='ocrx_word' id='word_1_99' title='bbox 1150 1034 1293 1079; x_wconf 89' lang='lat' dir='ltr'>animo</span> <span class='ocrx_word' id='word_1_100' title='bbox 1320 1035 1541 1098; x_wconf 79' lang='lat' dir='ltr'>accipere,</span> <span class='ocrx_word' id='word_1_101' title='bbox 1567 1034 1690 1098; x_wconf 89' lang='lat' dir='ltr'>quod</span> 
     </span>
     <span class='ocr_line' id='line_1_13' title="bbox 312 1102 1686 1167; baseline 0.001 -20"><span class='ocrx_word' id='word_1_102' title='bbox 312 1120 358 1147; x_wconf 81' lang='lat' dir='ltr'>ea</span> <span class='ocrx_word' id='word_1_103' title='bbox 374 1140 383 1156; x_wconf 85' lang='lat'><strong>‚</strong></span> <span class='ocrx_word' id='word_1_104' title='bbox 411 1119 510 1165; x_wconf 80' lang='lat' dir='ltr'>quae</span> <span class='ocrx_word' id='word_1_105' title='bbox 541 1102 661 1148; x_wconf 87' lang='lat' dir='ltr'>nullo</span> <span class='ocrx_word' id='word_1_106' title='bbox 688 1103 881 1148; x_wconf 89' lang='lat' dir='ltr'>humano</span> <span class='ocrx_word' id='word_1_107' title='bbox 910 1103 1083 1163; x_wconf 86' lang='lat' dir='ltr'>ingenio</span> <span class='ocrx_word' id='word_1_108' title='bbox 1108 1114 1148 1149; x_wconf 92' lang='lat' dir='ltr'>et</span> <span class='ocrx_word' id='word_1_109' title='bbox 1171 1104 1340 1149; x_wconf 84' lang='lat' dir='ltr'>viribus</span> <span class='ocrx_word' id='word_1_110' title='bbox 1363 1103 1457 1149; x_wconf 90' lang='lat' dir='ltr'>dari</span> <span class='ocrx_word' id='word_1_111' title='bbox 1478 1115 1686 1167; x_wconf 86' lang='lat' dir='ltr'>possunt,</span> 
     </span>
     <span class='ocr_line' id='line_1_14' title="bbox 313 1173 1692 1237; baseline 0.002 -20"><span class='ocrx_word' id='word_1_112' title='bbox 313 1190 335 1216; x_wconf 85' lang='lat' dir='ltr'>a</span> <span class='ocrx_word' id='word_1_113' title='bbox 361 1173 550 1218; x_wconf 89' lang='lat' dir='ltr'>Domino</span> <span class='ocrx_word' id='word_1_114' title='bbox 587 1175 675 1218; x_wconf 86' lang='lat' dir='ltr'>Deo</span> <span class='ocrx_word' id='word_1_115' title='bbox 711 1173 792 1218; x_wconf 87' lang='lat' dir='ltr'>tibi</span> <span class='ocrx_word' id='word_1_116' title='bbox 826 1184 874 1219; x_wconf 92' lang='lat' dir='ltr'>ut</span> <span class='ocrx_word' id='word_1_117' title='bbox 901 1174 1198 1219; x_wconf 85' lang='lat' dir='ltr'>concedantur</span> <span class='ocrx_word' id='word_1_118' title='bbox 1225 1175 1415 1237; x_wconf 74' lang='lat' dir='ltr'>optavi?</span> <span class='ocrx_word' id='word_1_119' title='bbox 1454 1174 1692 1237; x_wconf 84' lang='lat' dir='ltr'>Apostolus</span> 
     </span>
     <span class='ocr_line' id='line_1_15' title="bbox 313 1243 1687 1308; baseline 0.002 -21"><span class='ocrx_word' id='word_1_120' title='bbox 313 1243 424 1287; x_wconf 88' lang='lat' dir='ltr'>enim</span> <span class='ocrx_word' id='word_1_121' title='bbox 448 1243 612 1306; x_wconf 85' lang='lat' dir='ltr'>inquit,</span> <span class='ocrx_word' id='word_1_122' title='bbox 653 1265 673 1285; x_wconf 89' lang='lat'>«</span> <span class='ocrx_word' id='word_1_123' title='bbox 707 1244 805 1289; x_wconf 92' lang='lat' dir='ltr'>Non</span> <span class='ocrx_word' id='word_1_124' title='bbox 836 1243 1039 1306; x_wconf 89' lang='lat' dir='ltr'>spiritum</span> <span class='ocrx_word' id='word_1_125' title='bbox 1069 1244 1202 1303; x_wconf 73' lang='lat' dir='ltr'>liujus</span> <span class='ocrx_word' id='word_1_126' title='bbox 1235 1244 1390 1290; x_wconf 88' lang='lat' dir='ltr'>mundi</span> <span class='ocrx_word' id='word_1_127' title='bbox 1413 1246 1687 1308; x_wconf 89' lang='lat' dir='ltr'>accepimus,</span> 
     </span>
     <span class='ocr_line' id='line_1_16' title="bbox 315 1313 1691 1378; baseline 0.001 -20"><span class='ocrx_word' id='word_1_128' title='bbox 315 1335 335 1354; x_wconf 84' lang='lat'>»</span> <span class='ocrx_word' id='word_1_129' title='bbox 357 1313 430 1359; x_wconf 87' lang='lat' dir='ltr'>sed</span> <span class='ocrx_word' id='word_1_130' title='bbox 455 1314 672 1376; x_wconf 84' lang='lat' dir='ltr'>Spiritum</span> <span class='ocrx_word' id='word_1_131' title='bbox 696 1314 773 1377; x_wconf 88' lang='lat' dir='ltr'>qui</span> <span class='ocrx_word' id='word_1_132' title='bbox 797 1331 845 1359; x_wconf 84' lang='lat' dir='ltr'>ox</span> <span class='ocrx_word' id='word_1_133' title='bbox 884 1315 975 1359; x_wconf 92' lang='lat' dir='ltr'>Deo</span> <span class='ocrx_word' id='word_1_134' title='bbox 1013 1325 1074 1359; x_wconf 87' lang='lat' dir='ltr'>est</span> <span class='ocrx_word' id='word_1_135' title='bbox 1096 1351 1106 1369; x_wconf 81' lang='grc'><strong>,</strong></span> <span class='ocrx_word' id='word_1_136' title='bbox 1145 1325 1192 1359; x_wconf 88' lang='lat' dir='ltr'>ut</span> <span class='ocrx_word' id='word_1_137' title='bbox 1219 1314 1404 1360; x_wconf 91' lang='lat' dir='ltr'>sciamus</span> <span class='ocrx_word' id='word_1_138' title='bbox 1429 1332 1528 1378; x_wconf 86' lang='lat' dir='ltr'>quae</span> <span class='ocrx_word' id='word_1_139' title='bbox 1553 1333 1575 1360; x_wconf 90' lang='lat' dir='ltr'>a</span> <span class='ocrx_word' id='word_1_140' title='bbox 1602 1315 1691 1361; x_wconf 90' lang='lat' dir='ltr'>Deo</span> 
     </span>
     <span class='ocr_line' id='line_1_17' title="bbox 313 1384 1692 1448; baseline 0.002 -19"><span class='ocrx_word' id='word_1_141' title='bbox 313 1405 333 1425; x_wconf 80' lang='lat'>&gt;2</span> <span class='ocrx_word' id='word_1_142' title='bbox 357 1384 517 1430; x_wconf 85' lang='lat' dir='ltr'>donata</span> <span class='ocrx_word' id='word_1_143' title='bbox 538 1395 638 1429; x_wconf 87' lang='lat' dir='ltr'>sunt</span> <span class='ocrx_word' id='word_1_144' title='bbox 659 1385 786 1430; x_wconf 89' lang='lat' dir='ltr'>nobis</span> <span class='ocrx_word' id='word_1_145' title='bbox 804 1405 815 1438; x_wconf 74' lang='grc' dir='ltr'><strong>ς</strong></span> <span class='ocrx_word' id='word_1_146' title='bbox 834 1401 935 1448; x_wconf 87' lang='lat' dir='ltr'>quae</span> <span class='ocrx_word' id='word_1_147' title='bbox 955 1395 998 1430; x_wconf 91' lang='lat' dir='ltr'>et</span> <span class='ocrx_word' id='word_1_148' title='bbox 1018 1384 1240 1448; x_wconf 89' lang='lat' dir='ltr'>loquimur</span> <span class='ocrx_word' id='word_1_149' title='bbox 1266 1386 1412 1431; x_wconf 89' lang='lat' dir='ltr'>nonin</span> <span class='ocrx_word' id='word_1_150' title='bbox 1439 1386 1578 1433; x_wconf 87' lang='lat' dir='ltr'>doctis</span> <span class='ocrx_word' id='word_1_151' title='bbox 1601 1385 1692 1432; x_wconf 92' lang='lat' dir='ltr'>hu—</span> 
     </span>
     <span class='ocr_line' id='line_1_18' title="bbox 314 1455 1692 1521; baseline 0.003 -22"><span class='ocrx_word' id='word_1_152' title='bbox 314 1476 334 1497; x_wconf 84' lang='lat'>»</span> <span class='ocrx_word' id='word_1_153' title='bbox 358 1472 498 1500; x_wconf 87' lang='lat' dir='ltr'>manae</span> <span class='ocrx_word' id='word_1_154' title='bbox 524 1455 749 1519; x_wconf 84' lang='lat' dir='ltr'>sapientiae</span> <span class='ocrx_word' id='word_1_155' title='bbox 771 1456 914 1501; x_wconf 80' lang='lat' dir='ltr'>verbis</span> <span class='ocrx_word' id='word_1_156' title='bbox 930 1493 940 1512; x_wconf 74' lang='grc'><em>,</em></span> <span class='ocrx_word' id='word_1_157' title='bbox 962 1455 1035 1502; x_wconf 83' lang='lat' dir='ltr'>sed</span> <span class='ocrx_word' id='word_1_158' title='bbox 1056 1456 1173 1501; x_wconf 85' lang='lat' dir='ltr'>docti</span> <span class='ocrx_word' id='word_1_159' title='bbox 1197 1455 1365 1519; x_wconf 83' lang='lat' dir='ltr'>Spiritu</span> <span class='ocrx_word' id='word_1_160' title='bbox 1383 1495 1394 1513; x_wconf 87' lang='lat'><strong><em>,</em></strong></span> <span class='ocrx_word' id='word_1_161' title='bbox 1422 1457 1692 1521; x_wconf 84' lang='lat' dir='ltr'>spiritalibus</span> 
     </span>
     <span class='ocr_line' id='line_1_19' title="bbox 315 1526 1692 1590; baseline 0.002 -19"><span class='ocrx_word' id='word_1_162' title='bbox 315 1547 335 1566; x_wconf 90' lang='lat'>»</span> <span class='ocrx_word' id='word_1_163' title='bbox 360 1526 569 1589; x_wconf 86' lang='lat' dir='ltr'>spiritalia</span> <span class='ocrx_word' id='word_1_164' title='bbox 615 1538 931 1590; x_wconf 85' lang='lat' dir='ltr'>comparantes.</span> <span class='ocrx_word' id='word_1_165' title='bbox 981 1527 1191 1573; x_wconf 85' lang='lat' dir='ltr'>Animalis</span> <span class='ocrx_word' id='word_1_166' title='bbox 1241 1538 1383 1573; x_wconf 89' lang='lat' dir='ltr'>autem</span> <span class='ocrx_word' id='word_1_167' title='bbox 1423 1528 1558 1574; x_wconf 89' lang='lat' dir='ltr'>homo</span> <span class='ocrx_word' id='word_1_168' title='bbox 1603 1545 1692 1574; x_wconf 89' lang='lat' dir='ltr'>non</span> 
     </span>
     <span class='ocr_line' id='line_1_20' title="bbox 313 1597 1691 1661; baseline 0.003 -20"><span class='ocrx_word' id='word_1_169' title='bbox 313 1618 333 1637; x_wconf 69' lang='lat'>&gt;³</span> <span class='ocrx_word' id='word_1_170' title='bbox 357 1597 546 1660; x_wconf 86' lang='lat' dir='ltr'>percipit</span> <span class='ocrx_word' id='word_1_171' title='bbox 586 1614 685 1660; x_wconf 81' lang='lat' dir='ltr'>quae</span> <span class='ocrx_word' id='word_1_172' title='bbox 729 1608 830 1642; x_wconf 89' lang='lat' dir='ltr'>sunt</span> <span class='ocrx_word' id='word_1_173' title='bbox 870 1598 1060 1661; x_wconf 86' lang='lat' dir='ltr'>Spiritus</span> <span class='ocrx_word' id='word_1_174' title='bbox 1095 1598 1174 1643; x_wconf 89' lang='lat' dir='ltr'>Dei</span> <span class='ocrx_word' id='word_1_175' title='bbox 1212 1616 1223 1642; x_wconf 74' lang='grc' dir='ltr'><strong><em>ε</em></strong></span> <span class='ocrx_word' id='word_1_176' title='bbox 1268 1598 1451 1645; x_wconf 85' lang='lat' dir='ltr'>stultitia</span> <span class='ocrx_word' id='word_1_177' title='bbox 1484 1610 1546 1645; x_wconf 88' lang='lat' dir='ltr'>est</span> <span class='ocrx_word' id='word_1_178' title='bbox 1576 1599 1691 1645; x_wconf 90' lang='lat' dir='ltr'>enim</span> 
     </span>
     <span class='ocr_line' id='line_1_21' title="bbox 316 1667 529 1714; baseline 0.009 -2"><span class='ocrx_word' id='word_1_179' title='bbox 316 1688 337 1709; x_wconf 82' lang='lat'>»</span> <span class='ocrx_word' id='word_1_180' title='bbox 363 1667 426 1712; x_wconf 89' lang='lat' dir='ltr'>illi</span> <span class='ocrx_word' id='word_1_181' title='bbox 443 1667 476 1714; x_wconf 67' lang='lat'>4.</span> <span class='ocrx_word' id='word_1_182' title='bbox 510 1690 529 1709; x_wconf 90' lang='lat'>»</span> 
     </span>
    </p>

    <p class='ocr_par' dir='ltr' id='par_1_3' title="bbox 311 1738 1696 2509">
     <span class='ocr_line' id='line_1_22' title="bbox 381 1738 1687 1804; baseline 0.005 -23"><span class='ocrx_word' id='word_1_183' title='bbox 381 1739 439 1785; x_wconf 92' lang='grc' dir='ltr'>ΙΙ.</span> <span class='ocrx_word' id='word_1_184' title='bbox 469 1738 605 1798; x_wconf 87' lang='lat' dir='ltr'>Magis</span> <span class='ocrx_word' id='word_1_185' title='bbox 630 1755 730 1798; x_wconf 90' lang='lat' dir='ltr'>ergo</span> <span class='ocrx_word' id='word_1_186' title='bbox 752 1749 916 1789; x_wconf 80' lang='lat' dir='ltr'>tecum,</span> <span class='ocrx_word' id='word_1_187' title='bbox 933 1739 967 1784; x_wconf 85' lang='lat' dir='ltr'>si</span> <span class='ocrx_word' id='word_1_188' title='bbox 992 1739 1086 1785; x_wconf 91' lang='lat' dir='ltr'>fieri</span> <span class='ocrx_word' id='word_1_189' title='bbox 1105 1750 1264 1802; x_wconf 84' lang='lat' dir='ltr'>posset,</span> <span class='ocrx_word' id='word_1_190' title='bbox 1288 1739 1459 1786; x_wconf 88' lang='lat' dir='ltr'>mallem</span> <span class='ocrx_word' id='word_1_191' title='bbox 1477 1757 1687 1804; x_wconf 75' lang='lat' dir='ltr'>quaerere,</span> 
     </span>
     <span class='ocr_line' id='line_1_23' title="bbox 313 1808 1691 1872; baseline 0.004 -20"><span class='ocrx_word' id='word_1_192' title='bbox 313 1824 537 1870; x_wconf 85' lang='lat' dir='ltr'>quousque</span> <span class='ocrx_word' id='word_1_193' title='bbox 557 1808 843 1871; x_wconf 83' lang='lat' dir='ltr'>appellandus</span> <span class='ocrx_word' id='word_1_194' title='bbox 867 1810 921 1854; x_wconf 84' lang='lat' dir='ltr'>sit</span> <span class='ocrx_word' id='word_1_195' title='bbox 940 1809 1136 1855; x_wconf 89' lang='lat' dir='ltr'>animalis</span> <span class='ocrx_word' id='word_1_196' title='bbox 1166 1810 1298 1856; x_wconf 87' lang='lat' dir='ltr'>homo</span> <span class='ocrx_word' id='word_1_197' title='bbox 1313 1847 1324 1866; x_wconf 91' lang='lat'>‚</span> <span class='ocrx_word' id='word_1_198' title='bbox 1347 1821 1395 1856; x_wconf 92' lang='lat' dir='ltr'>ut</span> <span class='ocrx_word' id='word_1_199' title='bbox 1419 1811 1452 1857; x_wconf 88' lang='lat' dir='ltr'>si</span> <span class='ocrx_word' id='word_1_200' title='bbox 1475 1828 1574 1857; x_wconf 86' lang='lat' dir='ltr'>eum</span> <span class='ocrx_word' id='word_1_201' title='bbox 1598 1815 1691 1872; x_wconf 88' lang='lat' dir='ltr'>jam</span> 
     </span>
     <span class='ocr_line' id='line_1_24' title="bbox 314 1877 1692 1944; baseline 0.004 -22"><span class='ocrx_word' id='word_1_202' title='bbox 314 1877 656 1924; x_wconf 84' lang='lat' dir='ltr'>transcendimus</span> <span class='ocrx_word' id='word_1_203' title='bbox 671 1915 681 1933; x_wconf 94' lang='lat'>,</span> <span class='ocrx_word' id='word_1_204' title='bbox 709 1890 824 1930; x_wconf 81' lang='lat' dir='ltr'>recte</span> <span class='ocrx_word' id='word_1_205' title='bbox 846 1878 1022 1925; x_wconf 88' lang='lat' dir='ltr'>fortasse</span> <span class='ocrx_word' id='word_1_206' title='bbox 1047 1879 1121 1925; x_wconf 89' lang='lat' dir='ltr'>illa</span> <span class='ocrx_word' id='word_1_207' title='bbox 1139 1917 1149 1936; x_wconf 85' lang='lat'><strong><em>‚</em></strong></span> <span class='ocrx_word' id='word_1_208' title='bbox 1177 1897 1276 1943; x_wconf 87' lang='lat' dir='ltr'>quae</span> <span class='ocrx_word' id='word_1_209' title='bbox 1296 1897 1428 1944; x_wconf 89' lang='lat' dir='ltr'>supra</span> <span class='ocrx_word' id='word_1_210' title='bbox 1452 1882 1692 1928; x_wconf 85' lang='lat' dir='ltr'>humanam</span> 
     </span>
     <span class='ocr_line' id='line_1_25' title="bbox 311 1949 1690 2012; baseline 0.002 -18"><span class='ocrx_word' id='word_1_211' title='bbox 311 1959 500 1994; x_wconf 88' lang='lat' dir='ltr'>mentem</span> <span class='ocrx_word' id='word_1_212' title='bbox 528 1960 654 2012; x_wconf 84' lang='lat' dir='ltr'>atque</span> <span class='ocrx_word' id='word_1_213' title='bbox 676 1949 1004 2010; x_wconf 84' lang='lat' dir='ltr'>intelligentiam</span> <span class='ocrx_word' id='word_1_214' title='bbox 1032 1951 1452 1998; x_wconf 82' lang='lat' dir='ltr'>incommutabiliter</span> <span class='ocrx_word' id='word_1_215' title='bbox 1485 1962 1690 2008; x_wconf 82' lang='lat' dir='ltr'>manent,</span> 
     </span>
     <span class='ocr_line' id='line_1_26' title="bbox 313 2018 1694 2083; baseline 0.003 -19"><span class='ocrx_word' id='word_1_216' title='bbox 313 2018 458 2082; x_wconf 83' lang='lat' dir='ltr'>aliqua</span> <span class='ocrx_word' id='word_1_217' title='bbox 489 2036 536 2065; x_wconf 84' lang='lat' dir='ltr'>ex</span> <span class='ocrx_word' id='word_1_218' title='bbox 562 2030 684 2083; x_wconf 82' lang='lat' dir='ltr'>parte</span> <span class='ocrx_word' id='word_1_219' title='bbox 718 2037 795 2066; x_wconf 86' lang='lat' dir='ltr'>uos</span> <span class='ocrx_word' id='word_1_220' title='bbox 827 2021 1012 2081; x_wconf 77' lang='lat' dir='ltr'>attigisse</span> <span class='ocrx_word' id='word_1_221' title='bbox 1037 2021 1315 2081; x_wconf 86' lang='lat' dir='ltr'>gaudeamus.</span> <span class='ocrx_word' id='word_1_222' title='bbox 1351 2022 1606 2068; x_wconf 85' lang='lat' dir='ltr'>Cavendum</span> <span class='ocrx_word' id='word_1_223' title='bbox 1631 2032 1694 2068; x_wconf 88' lang='lat' dir='ltr'>est</span> 
     </span>
     <span class='ocr_line' id='line_1_27' title="bbox 314 2090 1696 2153; baseline 0.002 -18"><span class='ocrx_word' id='word_1_224' title='bbox 314 2090 428 2135; x_wconf 88' lang='lat' dir='ltr'>enim</span> <span class='ocrx_word' id='word_1_225' title='bbox 447 2127 458 2145; x_wconf 86' lang='lat'>‚</span> <span class='ocrx_word' id='word_1_226' title='bbox 484 2107 537 2137; x_wconf 87' lang='lat' dir='ltr'>ne</span> <span class='ocrx_word' id='word_1_227' title='bbox 558 2101 791 2153; x_wconf 85' lang='lat' dir='ltr'>propterea</span> <span class='ocrx_word' id='word_1_228' title='bbox 811 2092 1011 2138; x_wconf 86' lang='lat' dir='ltr'>videatur</span> <span class='ocrx_word' id='word_1_229' title='bbox 1031 2092 1210 2138; x_wconf 88' lang='lat' dir='ltr'>stultum</span> <span class='ocrx_word' id='word_1_230' title='bbox 1228 2130 1238 2143; x_wconf 86' lang='lat'><strong>.</strong></span> <span class='ocrx_word' id='word_1_231' title='bbox 1267 2110 1368 2138; x_wconf 91' lang='lat' dir='ltr'>cum</span> <span class='ocrx_word' id='word_1_232' title='bbox 1389 2093 1548 2139; x_wconf 89' lang='lat' dir='ltr'>Filium</span> <span class='ocrx_word' id='word_1_233' title='bbox 1573 2092 1696 2139; x_wconf 86' lang='lat' dir='ltr'>Patri</span> 
     </span>
     <span class='ocr_line' id='line_1_28' title="bbox 316 2160 1695 2226; baseline 0.003 -21"><span class='ocrx_word' id='word_1_234' title='bbox 316 2160 516 2207; x_wconf 87' lang='lat' dir='ltr'>audimus</span> <span class='ocrx_word' id='word_1_235' title='bbox 540 2161 775 2224; x_wconf 82' lang='lat' dir='ltr'>aequalem,</span> <span class='ocrx_word' id='word_1_236' title='bbox 805 2162 909 2226; x_wconf 86' lang='lat' dir='ltr'>quia</span> <span class='ocrx_word' id='word_1_237' title='bbox 931 2162 1153 2208; x_wconf 86' lang='lat' dir='ltr'>hominem</span> <span class='ocrx_word' id='word_1_238' title='bbox 1179 2163 1408 2208; x_wconf 82' lang='lat' dir='ltr'>animalem</span> <span class='ocrx_word' id='word_1_239' title='bbox 1428 2163 1576 2209; x_wconf 86' lang='lat' dir='ltr'>adhuc</span> <span class='ocrx_word' id='word_1_240' title='bbox 1600 2163 1695 2223; x_wconf 72' lang='lat' dir='ltr'>agi·-</span> 
     </span>
     <span class='ocr_line' id='line_1_29' title="bbox 316 2230 1695 2296; baseline 0.002 -20"><span class='ocrx_word' id='word_1_241' title='bbox 316 2248 411 2276; x_wconf 89' lang='lat' dir='ltr'>mus</span> <span class='ocrx_word' id='word_1_242' title='bbox 429 2267 440 2287; x_wconf 86' lang='lat'><strong>,</strong></span> <span class='ocrx_word' id='word_1_243' title='bbox 468 2230 522 2276; x_wconf 93' lang='lat' dir='ltr'>de</span> <span class='ocrx_word' id='word_1_244' title='bbox 547 2248 635 2294; x_wconf 93' lang='lat' dir='ltr'>quo</span> <span class='ocrx_word' id='word_1_245' title='bbox 665 2231 832 2277; x_wconf 89' lang='lat' dir='ltr'>dictum</span> <span class='ocrx_word' id='word_1_246' title='bbox 859 2245 919 2277; x_wconf 88' lang='lat' dir='ltr'>est</span> <span class='ocrx_word' id='word_1_247' title='bbox 936 2269 947 2283; x_wconf 85' lang='grc'>,</span> <span class='ocrx_word' id='word_1_248' title='bbox 983 2232 1103 2296; x_wconf 85' lang='lat' dir='ltr'>quod</span> <span class='ocrx_word' id='word_1_249' title='bbox 1133 2255 1153 2274; x_wconf 87' lang='lat'>«</span> <span class='ocrx_word' id='word_1_250' title='bbox 1179 2233 1370 2278; x_wconf 82' lang='lat' dir='ltr'>Stultitia</span> <span class='ocrx_word' id='word_1_251' title='bbox 1392 2244 1493 2278; x_wconf 87' lang='lat' dir='ltr'>sunt</span> <span class='ocrx_word' id='word_1_252' title='bbox 1509 2232 1572 2279; x_wconf 89' lang='lat' dir='ltr'>illi</span> <span class='ocrx_word' id='word_1_253' title='bbox 1594 2248 1695 2296; x_wconf 83' lang='lat' dir='ltr'>quae</span> 
     </span>
     <span class='ocr_line' id='line_1_30' title="bbox 317 2301 1695 2364; baseline 0.004 -21"><span class='ocrx_word' id='word_1_254' title='bbox 317 2322 337 2343; x_wconf 76' lang='lat'>&gt;2</span> <span class='ocrx_word' id='word_1_255' title='bbox 365 2311 466 2348; x_wconf 88' lang='lat' dir='ltr'>sunt</span> <span class='ocrx_word' id='word_1_256' title='bbox 491 2301 679 2364; x_wconf 87' lang='lat' dir='ltr'>Spiritus</span> <span class='ocrx_word' id='word_1_257' title='bbox 703 2303 828 2349; x_wconf 80' lang='lat' dir='ltr'>Dei2.</span> <span class='ocrx_word' id='word_1_258' title='bbox 853 2325 870 2344; x_wconf 86' lang='lat'>»</span> <span class='ocrx_word' id='word_1_259' title='bbox 895 2302 1158 2364; x_wconf 81' lang='lat' dir='ltr'>Quanquam</span> <span class='ocrx_word' id='word_1_260' title='bbox 1180 2321 1278 2349; x_wconf 89' lang='lat' dir='ltr'>sane</span> <span class='ocrx_word' id='word_1_261' title='bbox 1302 2311 1500 2362; x_wconf 77' lang='lat' dir='ltr'>majestas</span> <span class='ocrx_word' id='word_1_262' title='bbox 1518 2302 1592 2348; x_wconf 87' lang='lat' dir='ltr'>illa</span> <span class='ocrx_word' id='word_1_263' title='bbox 1617 2319 1695 2348; x_wconf 91' lang='lat' dir='ltr'>su-</span> 
     </span>
     <span class='ocr_line' id='line_1_31' title="bbox 315 2373 1694 2437; baseline 0.001 -20"><span class='ocrx_word' id='word_1_264' title='bbox 315 2389 394 2436; x_wconf 85' lang='lat' dir='ltr'>pra</span> <span class='ocrx_word' id='word_1_265' title='bbox 414 2383 572 2420; x_wconf 88' lang='lat' dir='ltr'>cuncta</span> <span class='ocrx_word' id='word_1_266' title='bbox 592 2373 792 2419; x_wconf 89' lang='lat' dir='ltr'>sublimis</span> <span class='ocrx_word' id='word_1_267' title='bbox 815 2391 837 2418; x_wconf 84' lang='lat' dir='ltr'>a</span> <span class='ocrx_word' id='word_1_268' title='bbox 862 2373 1131 2437; x_wconf 87' lang='lat' dir='ltr'>spiritalibus</span> <span class='ocrx_word' id='word_1_269' title='bbox 1149 2375 1329 2434; x_wconf 85' lang='lat' dir='ltr'>cogitari</span> <span class='ocrx_word' id='word_1_270' title='bbox 1350 2373 1512 2437; x_wconf 84' lang='lat' dir='ltr'>possit,</span> <span class='ocrx_word' id='word_1_271' title='bbox 1533 2391 1555 2419; x_wconf 87' lang='lat' dir='ltr'>a</span> <span class='ocrx_word' id='word_1_272' title='bbox 1572 2373 1694 2419; x_wconf 92' lang='lat' dir='ltr'>nullo</span> 
     </span>
     <span class='ocr_line' id='line_1_32' title="bbox 317 2444 1692 2509; baseline 0.001 -20"><span class='ocrx_word' id='word_1_273' title='bbox 317 2454 460 2489; x_wconf 88' lang='lat' dir='ltr'>autem</span> <span class='ocrx_word' id='word_1_274' title='bbox 492 2445 628 2507; x_wconf 89' lang='lat' dir='ltr'>possit</span> <span class='ocrx_word' id='word_1_275' title='bbox 661 2444 781 2490; x_wconf 80' lang='lat' dir='ltr'>effari</span> <span class='ocrx_word' id='word_1_276' title='bbox 812 2462 824 2490; x_wconf 75' lang='grc' dir='ltr'>ι</span> <span class='ocrx_word' id='word_1_277' title='bbox 863 2445 1008 2491; x_wconf 82' lang='lat' dir='ltr'>videre</span> <span class='ocrx_word' id='word_1_278' title='bbox 1042 2455 1214 2501; x_wconf 83' lang='lat' dir='ltr'>tamen,</span> <span class='ocrx_word' id='word_1_279' title='bbox 1246 2456 1459 2509; x_wconf 85' lang='lat' dir='ltr'>quantum</span> <span class='ocrx_word' id='word_1_280' title='bbox 1485 2445 1692 2501; x_wconf 86' lang='lat' dir='ltr'>arbitror,</span> 
     </span>
    </p>
   </div>
   <div class='ocr_carea' id='block_1_3' title="bbox 312 2513 1693 2636">
    <p class='ocr_par' dir='ltr' id='par_1_4' title="bbox 312 2513 1693 2636">
     <span class='ocr_line' id='line_1_33' title="bbox 312 2513 1693 2580; baseline 0.002 -21"><span class='ocrx_word' id='word_1_281' title='bbox 312 2513 438 2560; x_wconf 87' lang='lat' dir='ltr'>facile</span> <span class='ocrx_word' id='word_1_282' title='bbox 460 2526 550 2572; x_wconf 85' lang='lat' dir='ltr'>est,</span> <span class='ocrx_word' id='word_1_283' title='bbox 576 2532 664 2562; x_wconf 89' lang='lat' dir='ltr'>non</span> <span class='ocrx_word' id='word_1_284' title='bbox 691 2534 777 2562; x_wconf 89' lang='lat' dir='ltr'>esse</span> <span class='ocrx_word' id='word_1_285' title='bbox 801 2516 965 2563; x_wconf 88' lang='lat' dir='ltr'>factum</span> <span class='ocrx_word' id='word_1_286' title='bbox 985 2534 1064 2580; x_wconf 88' lang='lat' dir='ltr'>per</span> <span class='ocrx_word' id='word_1_287' title='bbox 1088 2534 1217 2580; x_wconf 89' lang='lat' dir='ltr'>quem</span> <span class='ocrx_word' id='word_1_288' title='bbox 1244 2517 1358 2564; x_wconf 86' lang='lat' dir='ltr'>facta</span> <span class='ocrx_word' id='word_1_289' title='bbox 1387 2527 1489 2563; x_wconf 89' lang='lat' dir='ltr'>sunt</span> <span class='ocrx_word' id='word_1_290' title='bbox 1518 2516 1693 2574; x_wconf 88' lang='lat' dir='ltr'>omnia,</span> 
     </span>
     <span class='ocr_line' id='line_1_34' title="bbox 363 2597 832 2636; baseline 0.002 -8"><span class='ocrx_word' id='word_1_291' title='bbox 363 2598 374 2620; x_wconf 78' lang='lat'>¹</span> <span class='ocrx_word' id='word_1_292' title='bbox 397 2608 409 2628; x_wconf 79' lang='grc' dir='ltr'><em>ι</em></span> <span class='ocrx_word' id='word_1_293' title='bbox 431 2598 508 2631; x_wconf 89' lang='lat' dir='ltr'>Cor.</span> <span class='ocrx_word' id='word_1_294' title='bbox 531 2609 572 2636; x_wconf 75' lang='grc' dir='ltr'>ιι,</span> <span class='ocrx_word' id='word_1_295' title='bbox 594 2609 646 2630; x_wconf 78' lang='lat'>12.</span> <span class='ocrx_word' id='word_1_296' title='bbox 661 2616 705 2622; x_wconf 88' lang='lat'>-</span> <span class='ocrx_word' id='word_1_297' title='bbox 720 2597 735 2620; x_wconf 80' lang='lat'><strong>²</strong></span> <span class='ocrx_word' id='word_1_298' title='bbox 750 2598 832 2631; x_wconf 83' lang='lat' dir='ltr'>lbid.</span> 
     </span>
    </p>
   </div>
   <div class='ocr_carea' id='block_1_4' title="bbox 1756 2659 1769 3235">
    <p class='ocr_par' dir='ltr' id='par_1_5' title="bbox 1756 2659 1769 3235">
     <span class='ocr_line' id='line_1_35' title="bbox 1756 2659 1769 3235; textangle 90"><span class='ocrx_word' id='word_1_299' title='bbox 1757 2960 1766 3235; x_wconf 44' lang='grc' dir='ltr'>*ηπ-...-</span> <span class='ocrx_word' id='word_1_300' title='bbox 1756 2741 1769 2942; x_wconf 57' lang='lat' dir='ltr'>»w</span> <span class='ocrx_word' id='word_1_301' title='bbox 1767 2681 1769 2687; x_wconf 35' lang='grc' dir='ltr'><strong>Α</strong></span> <span class='ocrx_word' id='word_1_302' title='bbox 1764 2659 1769 2666; x_wconf 38' lang='lat' dir='ltr'>A</span> 
     </span>
    </p>
   </div>
  </div>
 </body>
</html>
