1769 3235
339 256 430 313 [464
746 269 779 297 s.
823 266 1068 297 aueusnm
1103 267 1305 297 Episcom

337 336 383 381 in
425 350 634 397 compage
675 349 749 378 sua
787 342 963 377 manent
987 332 1135 378 eadem
1163 350 1377 396 corpora,
1418 332 1463 378 in
1497 344 1710 397 quantum

340 415 517 451 manent
537 422 547 449 τ
578 404 623 450 id
644 414 786 449 autem
813 421 834 448 a
858 420 1025 449 summo
1049 405 1136 449 Deo
1159 404 1204 450 in
1230 422 1277 450 ca
1308 421 1387 470 per
1406 404 1591 450 animam
1617 416 1710 451 tra-

331 477 498 537 jicitur.
524 475 679 522 Anima
704 475 868 538 quippe
886 475 1023 537 ipsam
1045 492 1299 538 compagem
1323 486 1460 532 tenet,
1481 492 1533 520 ne
1551 475 1709 521 dissol-

336 557 487 603 vatur,
531 556 572 591 et
595 545 790 598 diflluat3
817 545 936 607 quod
961 545 1155 591 videmus
1180 546 1225 590 in
1256 546 1516 608 corporibus
1540 546 1709 592 anima-

335 617 443 662 lium
495 617 636 661 anima
685 615 932 661 discedente
968 616 1231 674 contingere.
1281 615 1326 660 Si
1372 627 1512 661 autem
1559 617 1709 662 infima

336 686 627 750 pulchritudo
664 687 708 731 in
733 687 936 732 omnibus
971 686 1232 747 corporibus
1268 685 1560 746 intelligatur,
1593 688 1709 747 cogit

333 759 414 804 ista
440 757 647 803 sententia
667 758 796 802 etiam
824 758 967 819 ipsum
994 755 1208 800 mundum
1233 755 1392 801 animal
1427 756 1599 803 credere
1619 794 1630 813 ,
1660 768 1708 803 ut

334 829 460 874 etiam
500 828 542 873 in
567 829 710 891 ipsum
731 864 740 881 ‚
777 826 898 889 quod
931 825 976 870 in
1007 825 1082 870 illo
1107 825 1302 871 imitatur
1335 828 1622 873 constantiam
1642 865 1653 884 ,
1683 846 1707 873 a

332 916 502 945 summo
542 899 632 943 Deo
671 915 749 960 per
784 897 972 941 animam
1017 896 1272 955 trajiciatur.
1315 897 1400 943 Sed
1434 898 1595 943 animal
1621 915 1707 944 esse

329 969 460 1015 istum
479 968 691 1014 mundum
712 1004 722 1021 ‚
750 967 862 1012 sicut
884 965 1009 1012 Plato
1031 966 1159 1011 sensit
1181 965 1198 994 1
1217 1004 1226 1021 ‚
1255 967 1411 1031 aliique
1449 967 1706 1031 philosophi

329 1037 676 1102 quamplurimi,
720 1054 800 1082 nec
844 1037 1009 1082 ratione
1049 1047 1166 1082 certa
1203 1037 1408 1097 indagare
1431 1040 1585 1100 potui,
1628 1055 1706 1084 nec

330 1110 578 1155 divinarum
623 1108 951 1171 Scripturarum
995 1107 1253 1153 auctoritate
1290 1108 1540 1171 persuaderi
1582 1126 1706 1172 posse

330 1180 529 1239 cognovi.
561 1177 686 1224 Unde
716 1178 797 1223 tale
835 1177 1003 1241 aliquid
1031 1196 1054 1223 a
1086 1195 1153 1223 me
1178 1177 1345 1223 dictum
1370 1195 1457 1241 quo
1481 1178 1526 1223 id
1564 1178 1704 1242 accipi

327 1251 486 1314 possit,
514 1250 643 1296 etiam
664 1249 709 1294 in
726 1248 842 1294 libro
868 1249 925 1293 cle
957 1249 1318 1294 sturnos-{alitam
1346 1252 1523 1295 animae
1549 1259 1705 1294 temere

328 1321 497 1367 dictum
517 1320 695 1373 notavi;
723 1336 810 1364 non
845 1319 946 1382 quia
970 1319 1056 1364 hoc
1081 1318 1236 1363 falsum
1264 1336 1349 1364 esse
1369 1320 1606 1375 confirmo,
1631 1318 1703 1364 sed

328 1391 430 1454 quia
469 1408 548 1437 nec
584 1406 736 1436 verum
775 1406 862 1434 esse
903 1388 1258 1452 comprehendo,
1301 1388 1420 1451 quod
1459 1388 1513 1434 sit
1546 1388 1704 1434 animal

326 1461 532 1507 mundus.
567 1461 663 1506 Hoc
687 1476 785 1505 sane
808 1460 1063 1504 inconcusse
1088 1457 1361 1504 retinendum
1391 1475 1476 1503 esse
1501 1475 1588 1503 non
1613 1457 1702 1503 du-

324 1532 437 1588 bito,
458 1533 593 1576 Deum
613 1530 740 1575 nobis
763 1546 850 1574 non
861 1546 946 1574 esse
963 1528 1093 1574 istum
1110 1527 1439 1584 mundum,sive
1453 1527 1595 1573 anima
1613 1531 1702 1587 eJus

328 1602 416 1648 ulla
435 1640 445 1658 ,
471 1602 557 1647 sive
575 1601 694 1646 nulla
727 1600 794 1646 sit.
828 1599 943 1655 Quia
967 1599 1000 1644 si
1021 1599 1107 1644 ulla
1133 1609 1194 1644 est
1218 1636 1229 1655 ,
1255 1598 1327 1644 1116
1351 1599 1426 1662 qui
1447 1615 1541 1643 eam
1566 1597 1668 1643 fecit
1685 1635 1697 1654 ‚

324 1683 384 1717 est
410 1674 523 1718 Deus
543 1681 713 1716 noster:
740 1670 775 1714 si
797 1679 938 1714 autem
971 1668 1091 1714 nulla
1112 1679 1174 1714 est
1195 1707 1205 1724 ‚
1232 1668 1456 1714 nullorum
1475 1669 1591 1713 Deus
1614 1684 1701 1730 po-

324 1752 405 1789 test
430 1759 515 1788 esse
539 1743 645 1795 iste;
671 1750 836 1805 quanto
867 1739 1009 1785 miuus
1035 1742 1207 1785 noster?
1231 1740 1332 1785 Esse
1355 1750 1499 1784 tamen
1522 1738 1699 1801 spirita-

318 1812 403 1859 lem
439 1813 703 1875 vitalemque
720 1811 925 1857 virtutem
945 1847 955 1865 ‚
992 1810 1119 1855 etiam
1147 1810 1180 1855 si
1202 1826 1289 1855 non
1306 1809 1360 1855 sit
1385 1807 1546 1854 animal
1570 1824 1698 1853 mun-

322 1884 404 1930 dus
418 1922 428 1941 ‚
452 1900 553 1947 quae
574 1882 710 1928 virtus
731 1881 776 1926 in
795 1880 968 1940 Angelis
994 1880 1152 1926 sanctis
1175 1879 1230 1925 ad
1255 1877 1553 1926 decorandum
1570 1889 1699 1942 atque

322 1953 720 2001 administrandum
745 1951 960 1998 mundum
986 1952 1076 1997 Deo
1110 1951 1266 2004 servit,
1304 1961 1346 1996 et
1370 1968 1393 1995 a
1423 1949 1698 2014 quibus.non

318 2024 576 2085 intelligitur
593 2061 604 2079 ‚
629 2022 863 2068 rectissime
888 2021 1094 2068 creditur.
1127 2020 1391 2082 Angelorum
1411 2030 1553 2065 autem
1574 2035 1696 2064 53116-

320 2108 464 2142 torum
491 2094 687 2149 nomine,
717 2109 889 2138 omnem
918 2102 1110 2137 sanctam
1145 2102 1390 2137 creaturam
1423 2090 1661 2153 spiritalem
1680 2126 1691 2146 ‚

318 2167 366 2214 in
389 2167 468 2212 Dei
487 2175 648 2212 secreto
673 2174 803 2227 atque
826 2162 1003 2217 occulto,
1023 2163 1260 2208 ministerio
1277 2161 1557 2208 constitutam
1576 2177 1695 2207 nunc

320 2236 669 2302 appellaverim:
705 2233 778 2280 sed
817 2233 993 2296 spiritus
1032 2233 1248 2293 angelicos
1283 2243 1431 2279 sancta
1467 2231 1695 2294 Scriptura

319 2308 494 2354 nomine
521 2306 761 2352 animarum
792 2305 1035 2364 significare
1071 2320 1159 2349 non
1185 2304 1304 2350 solet.
1344 2301 1537 2348 Proinde
1565 2302 1612 2348 in
1644 2318 1693 2348 eo

319 2378 439 2442 quod
457 2377 573 2423 circa
592 2377 724 2422 finem
757 2374 860 2420 libri
895 2374 1026 2434 hujus
1048 2373 1157 2430 dixi,
1183 2373 1458 2419 Batiotzales
1489 2383 1537 2418 et
1558 2373 1693 2418 intel·

317 2449 539 2494 lectuales
565 2450 752 2492 numeri
769 2445 1010 2490 beatarum
1032 2447 1306 2490 animarum
1326 2456 1470 2507 atque
1494 2454 1689 2488 sancta-

313 2536 420 2564 rum
445 2518 595 2581 legem
620 2519 773 2580 ipsam
799 2520 904 2571 Dei,
927 2520 1029 2560 sine
1053 2516 1329 2579 quasblium
1347 2516 1407 2560 de
1418 2513 1584 2559 arbore
1596 2531 1688 2560 non

360 2599 370 2621 ¹
387 2598 468 2631 Vide
485 2600 542 2632 lib.
559 2611 591 2640 7.
610 2598 650 2631 de
667 2598 762 2635 Civit,
782 2597 842 2629 Dei
857 2607 927 2641 cap.
952 2598 1006 2629 23.
