1769 3235
351 278 443 341 378
769 297 803 325 s.
849 296 1094 329 AUGUSTINI
1129 297 1333 328 Eviscom

343 453 403 464 Μ
407 454 464 465 tn
475 454 535 465 νυν
541 455 600 465 mvn
604 455 661 466 sss
666 456 786 467 vnvm
790 457 847 467 ..Ἃ
851 457 1093 469 Μννιωιικ
1097 458 1115 468 ι
1119 458 1401 469 Ἇιιὶνιιωιὶᾱ
1405 458 1524 469 mm
1535 458 1592 470 ww
1597 459 1654 470 ἋΊ
1658 458 1716 471 Μ

794 565 1060 609 EPISTULA
1095 567 1217 609 CCLl
1235 566 1265 609 ¹.

414 684 584 722 Domino
604 683 853 722 dilectissimo
872 686 1094 736 meritoque
1113 683 1336 722 honorabili
1355 683 1436 722 filio
1455 683 1652 724 PANCAmo

684 746 929 786 Aucusm-us
950 748 991 784 in
1010 745 1183 785 Domino
1202 745 1384 786 salutem.

345 861 623 920 Augustinus
647 861 868 902 Pancario
885 860 936 902 de
950 860 1202 903 Secundino
1216 861 1464 920 presbytero
1479 861 1723 903 criminum
1757 882 1761 918 ς

401 929 693 985 quorumdam
724 928 974 970 insimulato
1012 945 1026 970 .·
1071 938 1223 971 contr-a
1258 945 1385 985 quem
1422 931 1721 971 accusationes
1758 931 1769 997 l·

402 996 700 1038 leccrctc'corum
723 996 955 1038 admiucre
977 1011 1068 1038 non
1094 998 1191 1039 vult
1222 997 1536 1039 catholicorum
1564 996 1722 1039 audire
1766 1012 1769 1048 1

402 1074 599 1120 paratus.
1760 1060 1769 1135 ’,Ι

1767 1217 1769 1243 i

1768 1247 1769 1265 l

1768 1274 1769 1306 l

413 1191 517 1237 Cim
547 1202 781 1256 antequam
808 1191 972 1238 veniret
994 1191 1143 1251 religio
1168 1201 1267 1247 tua,
1293 1191 1527 1255 presbyter
1553 1191 1720 1239 Secun-

345 1260 472 1308 dinus
505 1262 990 1308 Germanicianensibus
1030 1279 1119 1308 non
1143 1261 1415 1325 displiceret,
1448 1261 1564 1308 unde
1579 1262 1718 1309 ‘modo
1761 1263 1764 1317 ξ

342 1332 511 1380 factum
552 1345 614 1380 est
656 1344 708 1379 ut
742 1350 840 1380 eum
867 1371 877 1389 ‚
923 1333 1036 1378 sicut
1073 1333 1282 1396 scripsisti
1313 1370 1323 1389 ‚
1365 1334 1494 1379 etiam
1529 1333 1583 1379 de
1621 1351 1719 1381 nes-

344 1404 413 1451 cio
448 1405 611 1469 quibus
657 1404 914 1450 criminibus
960 1420 1162 1449 accusare
1194 1404 1338 1467 parati
1380 1404 1498 1461 sint,
1536 1405 1680 1450 nescio
1703 1441 1713 1461 ,

343 1476 518 1522 domine
545 1475 820 1522 dilectissime
846 1475 1086 1538 meritoque
1117 1474 1390 1521 honorabilis
1417 1475 1510 1522 filii.
1540 1475 1721 1522 Verum-

344 1558 486 1593 tamen
504 1546 624 1592 nullo
650 1545 780 1592 modo
802 1563 880 1592 nos
901 1562 1131 1609 possumus
1161 1557 1434 1592 contemnere
1455 1545 1574 1610 quod
1595 1564 1721 1610 pres-

339 1618 496 1681 bytero
521 1616 724 1663 videntur
748 1617 965 1677 objicere,
1000 1627 1172 1663 tantum
1205 1617 1240 1663 si
1276 1617 1486 1663 catholici
1522 1628 1623 1663 sunt
1645 1617 1722 1681 qui

340 1687 571 1748 objiciunt.
610 1689 722 1733 Nam
747 1688 1058 1733 haereticorum
1079 1688 1372 1734 accusationes
1391 1698 1543 1734 contra
1561 1688 1720 1734 catho-

338 1757 476 1804 licum
501 1757 808 1821 presbyterum
845 1757 1074 1804 admittere
1091 1794 1102 1814 ,
1142 1775 1221 1804 nec
1258 1775 1487 1821 possumus
1504 1796 1514 1816 ‚
1545 1775 1625 1804 nec
1642 1757 1722 1804 de-

339 1828 508 1874 bemus.
535 1827 728 1874 Proinde
750 1828 838 1873 hoc
859 1828 1004 1891 primo
1032 1839 1129 1888 agat
1156 1828 1389 1892 prudentia
1416 1839 1520 1887 tua,
1555 1839 1605 1875 ut
1624 1829 1722 1875 hae-

339 1899 467 1945 retici
488 1916 576 1944 non
607 1899 722 1955 sint,
757 1900 835 1945 ubi
868 1910 966 1945 ante
987 1899 1223 1946 adventum
1253 1911 1376 1946 tuum
1401 1917 1488 1946 non
1508 1900 1684 1946 fuerunt
1708 1917 1719 1945 ε

340 1980 382 2016 et
407 1969 632 2015 audiemus
656 1986 831 2015 causam
856 1971 1103 2034 presbyteri
1125 2008 1136 2027 ‚
1170 1971 1282 2016 sicut
1319 1988 1411 2016 eam
1446 1981 1618 2034 oportet
1644 1987 1724 2017 au-

339 2040 439 2087 diri.
468 2040 587 2086 Illud
610 2057 710 2086 sane
729 2058 884 2086 moneo
902 2078 912 2097 ,
935 2041 1038 2105 quia
1061 2042 1253 2102 dignaris
1272 2080 1283 2099 ‚
1316 2043 1523 2106 quoniam
1547 2053 1589 2088 et
1613 2041 1725 2088 salus
1768 2065 1769 2106 3

338 2123 382 2158 et
399 2111 658 2158 existimatio
679 2123 753 2158 tua
775 2113 1028 2158 charissima
1050 2114 1176 2159 nobis
1197 2125 1259 2160 est
1278 2151 1288 2170 ‚
1313 2124 1354 2159 et
1379 2114 1463 2177 ipsi
1490 2113 1724 2160 Germ-ani-
1768 2119 1769 2123 ’

338 2183 556 2228 cianenses
581 2183 801 2246 pertinent
835 2182 889 2228 ad
914 2200 1063 2229 curam
1098 2184 1358 2230 humilitatis
1382 2195 1540 2230 nostrae
1562 2221 1574 2240 ‚
1606 2195 1654 2230 ut
1679 2201 1726 2229 ea
1768 2196 1769 2200 ’

337 2270 437 2317 quae
458 2270 480 2298 a
498 2252 814 2313 gloriosissimis
833 2255 1180 2318 Imperatoribus
1207 2255 1447 2318 impetrasti
1470 2292 1480 2311 ,
1499 2266 1541 2300 et
1561 2272 1609 2300 ea
1627 2271 1726 2318 quae

343 2324 464 2387 apud
486 2335 781 2387 competentes
793 2324 963 2384 judices
987 2325 1134 2385 egisti,
1167 2325 1349 2371 fidenter
1373 2325 1552 2386 allegare
1571 2325 1727 2385 digne-

338 2396 424 2451 ris;
449 2405 498 2440 ut
529 2406 739 2458 appareat
758 2395 980 2453 omnibus,
1009 2396 1122 2442 nihil
1146 2407 1185 2441 te
1210 2395 1456 2442 inordinate
1485 2413 1605 2456 agere
1631 2433 1641 2451 ‚
1674 2411 1726 2440 ne

334 2465 496 2512 iterum
519 2466 565 2512 in
598 2482 727 2512 causa
749 2477 889 2513 vestra
907 2505 918 2524 ‚
944 2468 1021 2531 qui
1044 2467 1097 2512 de
1130 2468 1395 2531 possessione
1419 2466 1683 2513 contenditis
1708 2503 1718 2521 ‚

334 2537 420 2600 ipsi
440 2537 583 2583 miseri
601 2537 854 2598 fatigentur,
876 2549 918 2584 et
935 2538 1109 2599 gravius
1133 2538 1279 2584 afflicti
1300 2537 1560 2602 dispereant.
1587 2535 1727 2583 Simul

386 2638 396 2660 ¹
415 2636 504 2670 Alias
518 2649 707 2681 ccx11.quae
729 2644 840 2670 autem
860 2640 923 2671 251
950 2645 1030 2678 erat,
1050 2649 1135 2671 nune
1152 2640 1231 2680 269.
