1769 3235
599 269 810 301 EPisronA
845 269 938 301 cet.
1369 251 1464 318 375

20 333 24 403 J
88 341 192 395 fiat,
223 336 436 384 Dominus
467 334 701 392 revelavit,
731 352 1009 399 nequaquam
1030 336 1269 395 J'uvenilem
1291 346 1464 383 aetatem

88 421 208 456 tuam
224 445 235 464 ‚
261 418 303 454 et
326 406 504 453 honoris
522 405 801 451 ecclesiastici
821 405 1068 452 rudimenta
1095 417 1328 452 contemno
1350 424 1361 452 ε
1397 406 1465 452 En

18 475 21 531 ἶ
89 495 226 526 assum
242 515 252 534 ‚
277 494 399 524 senex
419 494 442 522 a
461 479 619 538 juvene
635 486 676 521 et
693 475 925 539 episcopus
946 485 1238 522 totannorum'
1261 495 1282 522 a
1301 477 1465 537 collega

17 576 20 610 ss
86 548 274 596 necdum
295 546 500 594 anniculo
523 556 703 609 paratus
723 562 818 591 sum
842 546 1022 602 discere,
1042 547 1265 610 quomodo
1284 547 1352 594 vel
1372 549 1464 594 Deo

16 671 17 680 γ
85 620 153 667 vel
183 618 440 665 hominibus
474 621 636 678 Justam
671 633 901 680 possumus
936 616 1114 663 reddere
1149 619 1360 664 rationem
1381 655 1392 675 ,
1430 618 1465 664 si

14 746 16 750 Α
85 690 250 735 animas
264 689 517 735 innocentes
535 704 615 751 pro
639 687 794 733 scelere
816 686 955 732 alieno
971 724 983 744 ‚
1000 704 1047 733 ex
1070 705 1157 751 quo
1175 705 1261 734 non
1280 688 1466 734 trahunt

13 764 17 821 ζ
84 759 194 806 sicut
218 776 266 805 ex
300 758 467 815 Adam,
506 758 552 804 in
585 774 675 822 quo
709 775 857 804 omnes
896 769 1220 821 peccaverunt,
1257 759 1466 819 originale

83 839 312 894 peccatum
327 865 337 884 ‚
365 828 549 892 spiritali
573 828 794 892 supplicio
816 827 1092 892 puniamusffl.
1114 829 1286 874 Etenim
1306 830 1462 875 Classi-

12 892 14 912 ³
82 900 196 946 ciani
220 899 335 945 filius
356 936 366 956 ,
396 899 474 945 etsi
508 899 639 945 traxit
671 917 718 945 ex
750 911 877 963 patre
909 899 1040 963 primi
1065 899 1258 946 hominis
1286 899 1464 963 culpam

83 987 204 1017 sacro
239 971 358 1016 fonte
400 970 677 1034 baptismatis
719 970 975 1034 expiandam
997 988 1009 1028 3
1054 981 1198 1016 tamen
1244 970 1465 1034 quidquid

81 1052 365 1106 posteaquam
391 1042 541 1102 genuit
576 1059 675 1088 eum
704 1042 876 1106 peccati
898 1052 1032 1106 pater
1050 1046 1142 1102 eJ'us
1162 1041 1362 1097 admisit,
1387 1042 1466 1088 ubi

82 1114 302 1177 particeps
318 1114 408 1176 ipse
423 1112 620 1168 nonfuit,
635 1112 690 1159 ad
700 1128 798 1159 eum
808 1131 895 1159 non
910 1114 1125 1176 pertinere
1138 1113 1235 1177 quis
1247 1112 1430 1172 ambigit
1445 1115 1463 1158 ,ὓ

82 1184 202 1241 Quid
226 1183 371 1229 dicam
401 1183 454 1230 de
477 1187 698 1244 conjuge?
724 1184 831 1248 quid
857 1184 911 1230 de
932 1194 996 1230 tot
1029 1184 1258 1230 animabus
1289 1183 1334 1229 in
1364 1183 1461 1229 uni-

80 1271 200 1301 versa
221 1254 419 1301 familia?
448 1255 562 1301 unde
581 1255 615 1301 si
650 1271 737 1301 una
761 1256 903 1300 anima
922 1272 1000 1318 per
1018 1255 1142 1301 istam
1169 1254 1456 1310 severitatem,

72 1342 156 1389 qua
183 1336 273 1371 tota
298 1325 456 1371 domus
478 1326 559 1371 ista
585 1326 862 1371 anathemata
889 1336 974 1383 est,
1003 1327 1092 1371 sine
1115 1324 1380 1388 baptismate
1405 1324 1459 1370 de

72 1413 252 1458 corpore
273 1396 466 1442 exeundo
498 1397 704 1460 perierit,
737 1396 1126 1442 innumerabilium
1153 1412 1268 1441 mors
1290 1411 1456 1458 corpo-

72 1483 167 1513 rum
191 1504 201 1522 ,
230 1467 261 1512 si
287 1467 340 1513 de
367 1466 544 1512 ecclesia
560 1466 759 1512 homines
782 1467 1034 1512 innocentes
1053 1465 1264 1512 violenter
1289 1465 1454 1511 abstra-

72 1537 237 1584 bantur
260 1549 300 1584 et.
320 1538 660 1593 interficiantur,
688 1538 794 1584 huic
819 1538 981 1584 damno
1005 1555 1091 1584 non
1116 1547 1259 1601 potest
1278 1554 1456 1601 compa-

0 1649 2 1664 ἰ
73 1609 174 1655 rari.
204 1609 250 1655 Si
273 1626 372 1669 ergo
398 1609 451 1655 de
472 1608 557 1654 hac
583 1625 628 1655 re
651 1619 775 1672 potes
804 1609 984 1655 reddere
1015 1609 1225 1655 rationem
1247 1646 1257 1664 ‚
1288 1609 1456 1655 utinam

0 1665 2 1759 ἓ
74 1690 115 1726 et
138 1680 263 1725 nobis
284 1679 561 1726 rescribendo
583 1691 762 1743 praestes
784 1692 832 1726 ut
855 1681 1071 1745 possimus
1097 1690 1140 1726 et
1163 1697 1242 1726 nos
1266 1698 1276 1725 ε
1310 1680 1344 1725 si
1373 1696 1456 1726 au-

76 1762 160 1797 tem
192 1769 279 1797 non
311 1762 461 1815 potes,
500 1751 609 1815 quid
644 1752 729 1798 tibi
766 1764 827 1798 est
858 1752 1128 1808 inconsulta,
1166 1751 1459 1798 commotione

77 1822 209 1868 animi
229 1822 386 1876 facere5
411 1823 525 1868 unde
549 1823 582 1868 si
597 1822 728 1868 fueris
750 1824 1059 1885 interrogatus,
1086 1833 1247 1869 rectam
1273 1840 1457 1887 respon-

75 1894 235 1939 sionem
257 1911 345 1939 non
370 1893 482 1939 vales
507 1894 699 1939 invenire
718 1897 735 1939 ..2

142 1965 225 2011 lll.
258 1966 364 2010 H-aec
392 1975 533 2010 autem
558 1964 646 2010 dixi
669 2002 679 2020 ,
712 1966 841 2012 etiam
864 1966 898 2011 si
918 1966 1032 2012 filius
1055 1976 1201 2011 noster
1225 1965 1459 2011 Classicia-

77 2052 158 2081 nus
193 2035 359 2099 aliquid
387 2035 589 2090 admisit,
625 2036 743 2099 quod
769 2037 848 2082 tibi
878 2037 1152 2083 anathemate
1177 2035 1460 2100 plectendum

72 2107 304 2167 justissime
338 2107 571 2153 videretur.
621 2107 841 2155 Caeterum
875 2108 910 2154 si
950 2126 1069 2155 veras
1111 2107 1164 2154 ad
1195 2125 1263 2153 me
1295 2106 1461 2154 litteras

79 2177 222 2231 misit,
250 2194 329 2223 nec
346 2177 460 2223 solus
482 2177 527 2223 in
546 2176 679 2223 domo
706 2195 783 2224 sua
811 2178 964 2224 debuit
991 2178 1070 2224 ista
1095 2177 1303 2224 sententia
1332 2184 1463 2224 coer-

80 2248 179 2295 ceri.
206 2248 291 2293 Sed
316 2248 420 2294 hinc
443 2265 543 2294 cum
564 2259 638 2294 tua
659 2250 888 2296 sanctitate
908 2249 1019 2295 nihil
1044 2267 1122 2309 ago
1142 2286 1153 2306 ‚
1186 2248 1267 2295 nisi
1288 2259 1464 2295 tantum

80 2329 180 2382 peto
203 2319 398 2379 ignoscas
434 2320 599 2382 petenti
634 2321 836 2377 veniam,
877 2321 910 2366 si
937 2320 1159 2381 agnoverit
1194 2320 1400 2383 culpam:
1428 2320 1464 2366 si

83 2400 224 2435 autem
250 2389 361 2435 nihil
389 2407 487 2435 eum
513 2407 711 2453 peccasse
734 2391 975 2455 prudenter
1005 2391 1225 2452 agnoscis,
1255 2392 1462 2454 quoniam

81 2460 172 2524 ipse
193 2460 239 2505 in
265 2459 396 2505 domo
419 2459 519 2506 fidei
538 2461 699 2520 justius
716 2462 945 2523 flagitabat
965 2461 1097 2508 fidem
1113 2461 1270 2507 debere
1283 2462 1462 2517 servari,

84 2547 135 2576 ne
153 2530 216 2576 ibi
237 2529 510 2591 frangeretur
530 2532 607 2578 ubi
631 2532 814 2579 docetur
837 2551 847 2579 ε
871 2532 939 2580 fac
958 2532 1080 2597 quod
1103 2543 1302 2580 sanctum
1322 2533 1466 2580 virum

131 2614 142 2636 ¹
165 2617 394 2653 Rom.v,12.
