1769 3235
338 257 430 301 552
748 274 782 304 s.
827 274 1070 307 Aueusrmi
1104 278 1307 310 EP1scoP1

337 439 457 451 mxv!
467 440 1706 463 uvssvszssmusmmmnumzmmmxssmwmmmmm

864 563 1040 608 CAPUT
1069 566 1197 609 XLII.

616 693 680 735 De
705 693 878 736 Natura
899 705 939 736 et
966 695 1147 745 Gratia,
1177 695 1285 738 liber
1307 713 1434 741 unus.

400 825 542 872 vam
568 827 693 872 etiam
728 839 833 872 tunc
859 828 904 872 in
929 844 1080 873 manus
1112 845 1226 873 meas
1251 829 1431 891 quidam
1467 829 1630 890 Pelagii
1661 831 1712 877 li-

331 896 437 952 ber,
469 897 547 942 ubi
579 897 769 942 hominis
794 909 997 942 naturam
1018 909 1169 944 contra
1197 900 1276 944 Dei
1304 900 1481 959 gratiam
1506 917 1591 962 qua
1615 904 1711 960 jus-

333 967 528 1012 tificatur
547 968 732 1030 impius,
760 979 801 1013 et
820 985 904 1030 qua
930 968 1168 1015 Christiani
1190 986 1357 1026 sumus,
1383 981 1544 1034 quanta
1568 973 1713 1033 potuit

333 1039 701 1096 argumentatione
719 1038 926 1085 defendit.
948 1040 1132 1085 Librum
1149 1058 1248 1101 ergo
1263 1058 1349 1104 quo
1368 1041 1474 1086 huic
1492 1041 1713 1104 respondi,

334 1106 568 1155 defendens
587 1110 793 1169 gratiam,
827 1127 913 1155 non
936 1121 1088 1156 contra
1120 1123 1320 1158 naturam
1342 1147 1353 1168 ‚
1388 1111 1460 1157 sed
1485 1129 1562 1175 per
1579 1129 1712 1175 quam

336 1189 492 1224 natura
521 1179 733 1225 liberatur
756 1190 797 1224 et
817 1182 1008 1240 regitur
1037 1182 1094 1226 cle
1125 1186 1313 1228 Acetum
1335 1193 1382 1227 et
1411 1186 1574 1227 Gmcta
1602 1199 1711 1227 nun-

1752 79 1758 242 l

1755 275 1762 439 ὲ

340 1250 515 1312 cupavi.
563 1252 614 1295 ln
655 1267 742 1313 quo
779 1251 911 1296 verba
937 1251 1141 1314 quaedam
1181 1270 1282 1316 quae
1315 1252 1433 1298 velut
1466 1253 1593 1299 Xvsti
1617 1254 1710 1297 Ro-
1767 1263 1769 1311 ζ

338 1319 456 1364 mani
481 1320 674 1384 episcopi
699 1332 741 1366 et
775 1322 978 1384 martyris
1001 1322 1200 1382 Pelagius
1231 1323 1409 1386 posuit,
1449 1323 1507 1368 ita
1540 1322 1713 1368 defendi
1768 1347 1769 1352 =

338 1401 541 1453 tanquam
564 1409 708 1437 revera
729 1392 919 1451 ejusdem
947 1394 1072 1455 xysti
1106 1404 1272 1447 essent,
1307 1392 1353 1438 id
1386 1393 1499 1438 enim
1525 1403 1712 1456 putave-

336 1477 461 1505 ram:
487 1461 559 1506 sed
594 1472 745 1524 postea
777 1461 860 1521 legi
901 1462 1013 1509 Sexti
1040 1463 1298 1526 philosophi
1336 1480 1422 1508 esse
1458 1463 1557 1525 (31)
1582 1499 1593 1518 ‚
1625 1479 1711 1507 non

335 1533 461 1593 Xysti
499 1533 752 1580 Christiani.
788 1534 872 1579 Hic
901 1533 1014 1580 liber
1041 1535 1101 1580 sic
1126 1535 1313 1601 incipit:
1346 1534 1537 1580 Librum
1574 1551 1711 1597 quem

337 1614 539 1648 mmstls.

337 1774 514 1791 ΙΛΙΛΛΙιἉᾺΝ
533 1775 747 1791 Λνννυνινννννῦ
765 1775 1632 1795 ΜΙνᾺΜΣᾺΜΜΜΝἏᾺΑΜΜΜΜΧΜΜΜΜἾΝΗΜ
1646 1779 1715 1795 ΛΜ

847 1889 1023 1933 CAPUT
1056 1891 1209 1934 XLIII.

602 2010 663 2052 De
685 2009 880 2052 Civitace
902 2010 1006 2061 Dei,
1031 2010 1138 2051 libri
1154 2010 1324 2068 viginti
1344 2010 1442 2053 duo.

399 2160 598 2205 INTEREA
612 2160 754 2205 Roma
780 2159 1049 2205 Gotthorum
1077 2157 1319 2222 irruptione
1343 2194 1354 2212 ‚
1381 2158 1598 2217 agentium
1631 2159 1712 2205 sub

332 2247 430 2290 rege
468 2230 640 2276 Alarico
662 2268 672 2286 ‚
717 2241 846 2294 atque
880 2232 1048 2294 impetu
1080 2247 1249 2290 magnae
1283 2228 1418 2274 cladis
1453 2246 1597 2275 eversa
1617 2242 1677 2276 est
1698 2267 1708 2286 ‚

330 2305 455 2361 cujus
475 2301 737 2346 eversionem
761 2301 941 2347 deorum
975 2301 1183 2347 falsorum
1219 2300 1545 2363 multorumque
1567 2301 1712 2346 culto-

327 2389 414 2426 res,
438 2388 548 2434 quos
582 2373 738 2417 usitato
771 2373 946 2418 nomine
986 2374 1183 2432 Paganos
1212 2387 1448 2425 vocamus,
1487 2371 1532 2415 in
1563 2371 1712 2417 Chris-

328 2442 487 2487 tianam
523 2442 772 2502 religionem
816 2443 969 2489 neferre
1005 2452 1244 2496 conantes,
1291 2441 1416 2486 solito
1443 2441 1639 2486 acerbius
1671 2452 1712 2487 et

329 2515 518 2560 amarius
547 2516 682 2561 Deum
711 2533 862 2561 ulum
890 2516 1193 2579 blasphemare
1220 2524 1464 2577 coeperunt.
1490 2514 1616 2560 Unde
1633 2531 1711 2574 ego

322 2584 598 2631 exardescens
629 2603 649 2630 ἰ
669 2585 721 2631 :lo
755 2586 902 2633 Aemus
938 2586 1017 2633 'Dei
1036 2623 1046 2641 ,
1087 2585 1292 2631 adversus
1322 2601 1473 2630 eorum
1496 2583 1710 2647 blasphe-
