1769 3235
507 309 718 339 Erisrom
757 311 965 346 ccxxx1x.
1333 301 1425 358 345

49 379 246 427 voluisses
269 393 369 436 ergo
396 386 514 420 tuam
536 373 680 420 dicere
703 412 713 431 ‚
740 393 825 423 non
851 379 977 426 istam
996 381 1176 437 diceres,
1193 398 1295 446 quae
1313 400 1430 428 com-

49 449 188 498 munis
216 458 279 494 est
312 446 435 492 nobis
456 483 465 501 ‚
505 444 574 490 sed
611 444 682 490 illa
696 464 737 491 m
762 450 908 511 potius
928 451 971 496 in
995 469 1081 515 qua
1107 453 1379 499 dissentimus
1410 471 1432 498 a

47 519 180 568 vobis.

109 590 166 634 ll.
199 588 305 633 Iiaee
331 598 368 632 et
398 603 586 649 prfesens
610 585 805 633 dicerem
833 626 843 643 ‚
876 590 909 635 si
937 591 1307 654 quemadmodum
1332 592 1430 655 pla-

45 669 207 714 cuerat,
231 658 362 703 verba
390 667 531 702 nostra
553 659 868 720 exciperentur.
898 660 980 705 Sed
1001 661 1206 724 quiahoc
1230 663 1423 718 noluisti,

44 734 189 781 dicens
221 740 257 774 te
291 747 311 773 a
348 728 472 773 nobis
512 728 657 773 timere
695 730 991 787 calumniam,
1027 743 1069 777 et
1100 751 1122 777 a
1155 733 1317 796 placito
1353 734 1424 779 cui

43 819 164 850 mane
187 816 480 853 consenseras
512 809 608 861 post
634 801 870 862 prandium
893 803 1117 858 recessisti,
1146 813 1192 848 ut
1221 803 1328 866 quid
1351 804 1423 849 di—

45 890 177 921 cerem
198 908 206 926 ,
236 872 353 934 qum!
377 870 746 933 quemadmodum
774 872 905 919 velles
934 891 1005 918 me
1027 873 1177 919 dixisse
1201 892 1394 919 narrares
1417 912 1427 929 ‚

47 957 87 992 et
104 961 181 1004 ego
207 960 293 988 non
318 942 523 987 haberem
550 941 663 987 unde
694 944 962 990 ostenderem
993 945 1099 1008 quid
1125 945 1190 990 vel
1213 945 1426 1009 quemad-

44 1014 219 1062 modum
241 1012 435 1058 dixerim.
461 1011 557 1057 Noli
579 1030 679 1073 ergo
700 1013 1057 1076 ulterius-jactare
1083 1015 1201 1079 quod
1226 1027 1269 1060 tu
1294 1015 1423 1060 fidem

44 1097 161 1132 tuam
182 1084 364 1138 dixeris,
398 1093 438 1127 et
468 1101 544 1143 ego
566 1101 703 1129 meam
737 1103 823 1131 non
847 1086 1024 1133 dixerim
1048 1105 1058 1144 3
1094 1087 1193 1150 quia
1215 1096 1314 1132 sunt
1340 1087 1425 1132 ho-

42 1157 199 1212 mines,
228 1156 302 1218 qui
321 1153 591 1199 considerent
614 1172 680 1200 me
700 1157 848 1219 potius
872 1157 1077 1204 habuisse
1094 1157 1299 1203 fiduciam
1325 1156 1425 1202 fidei

42 1244 166 1283 meae,
192 1226 268 1289 qui
296 1242 388 1270 eam
412 1225 543 1269 scribi
572 1225 779 1271 voluerim
806 1248 816 1280 ;
844 1238 884 1272 te
911 1238 1050 1273 autem
1082 1245 1167 1273 non
1187 1227 1391 1272 habuisse
1411 1264 1421 1279 ,

7 1315 11 1318 ⁴
42 1297 145 1344 dum
165 1297 289 1361 quasi
315 1295 575 1341 calumniam
602 1296 883 1360 pertimescis.
912 1300 1095 1343 Paratus
1118 1315 1218 1357 ergo
1236 1315 1327 1342 eras
1346 1315 1424 1342 ne-

42 1385 139 1430 gare
161 1406 171 1423 ‚
195 1368 227 1413 si
249 1367 327 1412 tihi
345 1367 746 1431 oi‘ijicereturquod
769 1380 919 1414 contra
942 1369 1072 1414 fidem
1101 1386 1236 1414 meam
1259 1368 1422 1432 aliquid

43 1439 209 1486 dixeris.
235 1438 340 1483 x{ide
357 1456 459 1500 ergo
486 1438 591 1501 quid
621 1439 672 1483 de
701 1450 738 1484 te
754 1441 845 1503 ipse
868 1440 1014 1486 sentiri
1039 1439 1202 1485 feceris.
1234 1438 1366 1495 Quod
1391 1440 1425 1484 si

41 1511 261 1571 objectum
286 1527 371 1554 non
399 1526 489 1554 eras
508 1521 755 1570 negaturus„
781 1528 859 1557 cur
884 1511 1052 1557 dictum
1070 1510 1202 1556 scribi
1222 1510 1418 1565 noluisti,

42 1579 279 1646 praesertim
303 1598 401 1626 cum
434 1599 693 1645 magnopere
718 1581 923 1628 voluisses
946 1582 1076 1628 etiam
1098 1581 1338 1626 honoratos
1356 1581 1426 1627 vi·-

42 1670 108 1698 ros
126 1663 270 1697 nostro
290 1652 489 1697 interesse
509 1653 722 1698 sermoni)
739 1656 848 1698 Cum
872 1670 972 1714 ergo
994 1651 1140 1698 volens
1158 1651 1423 1697 calumniam

42 1724 229 1770 devitare
247 1724 514 1768 notariorum
531 1723 693 1787 stylum
715 1724 914 1779 timebas,
937 1734 978 1768 et
1002 1722 1339 1768 clarissimorum
1363 1723 1425 1768 vi-

43 1811 189 1840 rorum
220 1795 511 1840 testiinonium
538 1811 622 1839 non
648 1795 863 1839 timebas?

108 1866 189 1909 lll.
218 1866 260 1909 Si
289 1876 429 1909 autem
456 1866 515 1910 sic
541 1865 602 1910 vis
630 1876 673 1910 ut
699 1867 825 1909 etiam
848 1881 925 1924 ego
946 1864 1086 1910 dicam
1115 1863 1242 1908 fidem
1263 1880 1422 1916 meam,

43 1936 264 2000 quomodo
293 1946 330 1980 te
356 1936 465 1981 dieis
491 1935 642 1981 dixisse
680 1947 795 1981 tuam
815 1974 824 1992 ‚
854 1953 931 1996 ego
958 1935 1086 1981 etiam
1115 1934 1289 1980 brevius
1319 1952 1426 1998 pos-

43 2024 137 2053 sum
167 2007 334 2053 dicere.
365 2007 550 2052 Credere
568 2025 634 2052 me
658 2008 702 2052 in
721 2009 894 2053 Patrem
913 2018 954 2052 et
974 2006 1131 2051 Filium
1153 2016 1194 2050 et
1211 2006 1426 2068 Spiritum

44 2089 254 2124 sanctum.
286 2079 327 2122 Si
349 2089 491 2123 autem
519 2078 748 2141 proprium
777 2077 941 2142 aliquid
968 2076 1083 2122 unde
1103 2076 1300 2122 dissentis
1321 2094 1427 2122 ame

44 2148 106 2194 vis
126 2148 301 2203 audire,
324 2149 466 2193 (Ji-edo
484 2149 525 2193 in
551 2151 720 2194 Patrem
748 2161 786 2194 et
818 2149 971 2194 Filium
992 2159 1032 2193 et
1062 2147 1273 2210 Spiritum
1294 2165 1426 2193 sanc-

46 2229 155 2273 tum,
185 2236 263 2264 nec
284 2219 442 2264 Filium
461 2219 607 2264 dicens
634 2222 825 2275 Patrem,
849 2237 927 2265 nec
947 2220 1122 2263 Patrem
1148 2218 1326 2274 Filium,
1348 2236 1427 2264 nec

46 2291 269 2355 utriusque
301 2291 513 2354 Spiritum
543 2301 738 2337 sanctum
768 2291 833 2337 vel
858 2292 1032 2335 Patrem
1068 2288 1134 2334 vel
1166 2289 1354 2344 Filium,
1386 2300 1429 2335 et

45 2372 188 2407 tamen
223 2363 395 2407 Patrem
437 2366 575 2407 Deum
602 2403 608 2417 ,
639 2373 677 2407 et
722 2363 877 2407 Filium
917 2362 1057 2405 Deum
1077 2397 1087 2415 ‚
1127 2370 1168 2404 et
1207 2359 1425 2423 Spiritum

45 2443 239 2478 sanctum
263 2434 401 2478 Deum
422 2470 432 2488 ‚
463 2432 600 2478 solum
629 2444 840 2478 aeternum
866 2443 907 2477 et
928 2430 1216 2477 immortalem
1249 2431 1429 2494 propria

47 2520 122 2549 sua
143 2504 381 2549 substantia
401 2541 410 2558 ‚
434 2504 545 2548 sieut
569 2505 684 2550 Deus
707 2505 822 2549 selus
841 2514 882 2550 et
904 2512 1091 2549 aeternus
1108 2511 1149 2546 et
1171 2500 1431 2547 immortalis

47 2586 137 2631 est,
166 2593 214 2621 ea
238 2575 464 2620 divinitate
495 2593 594 2639 quae
615 2587 676 2621 est
707 2587 802 2622 ante
835 2573 1007 2621 saecula.
1049 2572 1146 2618 Hoc
1169 2571 1203 2617 si
1230 2572 1313 2618 tibi
1339 2571 1432 2618 dis-

47 2647 210 2712 plicet,
238 2657 278 2692 et
302 2646 442 2711 placet
472 2664 495 2692 a
521 2664 586 2693 me
619 2647 767 2694 audire
790 2642 1164 2713 quemadmodum
1195 2642 1249 2708 de
1282 2643 1431 2708 Scrip-
