1769 3235
357 291 449 354 390
765 306 800 335 s.
842 304 1087 336 Aucusnm
1122 306 1323 337 EPISCOPI

357 373 461 418 dum
486 371 575 419 vita
600 370 777 416 ducitur
797 372 916 434 prius
929 372 1119 418 finienda
1137 389 1268 436 quam
1287 373 1568 433 corrigenda?
1588 373 1661 418 Vis
1676 382 1725 418 ut
1761 389 1769 410 r

354 443 574 502 ignoscam
593 441 799 486 exitiabili
814 443 1033 487 securitati
1056 446 1167 489 tuae?
1184 454 1348 506 quanto
1368 444 1497 489 satius
1510 455 1558 489 tu
1577 445 1725 503 ignos-

357 514 418 559 cis
443 513 477 558 si
511 530 599 558 non
628 512 830 568 amabili,
870 524 983 559 certe
1017 514 1250 559 miserabili
1280 514 1562 560 sollicitudini
1590 517 1724 560 meae?
1765 511 1769 555 l

354 583 538 629 Inimico
557 582 735 646 quidem
753 583 896 629 animo
918 583 1089 629 Tullius
1111 583 1418 640 invehebatur,
1444 595 1485 631 et
1508 585 1636 644 longe
1648 584 1733 630 alia
1766 597 1769 624 ἲ

354 664 446 699 erat
496 664 708 701 terrenam
753 654 1073 716 rempublicam
1111 653 1392 712 gubernantis
1430 654 1612 700 intentio
1637 691 1647 709 ,
1693 663 1734 699 et

354 735 500 770 tamen
522 724 578 769 ait
603 741 613 768 :
636 745 654 765 c<
680 724 823 787 Cupio
840 761 849 779 ‚
873 725 1021 770 Patres
1051 725 1313 787 conscripti,
1342 742 1409 770 me
1433 742 1518 770 esse
1538 724 1730 769 clemen-

353 805 438 840 tem
453 831 464 849 ,
489 795 621 857 cupio
646 794 690 839 in
713 794 846 839 tantis
860 793 1117 856 reipublicae
1138 795 1344 856 periculis
1361 811 1447 840 non
1472 793 1729 839 dissolutum

355 862 537 912 videri1.
566 886 585 906 >2
626 864 805 920 Quanto
839 865 999 923 justius
1035 881 1111 924 ego
1148 864 1272 921 dico,
1310 882 1411 910 cum
1447 865 1538 927 ipse
1563 864 1732 911 noveris

358 950 489 998 quarn
512 934 593 979 tibi
617 933 806 978 amicum
840 934 1035 979 animum
1069 951 1214 994 geram
1233 971 1243 990 ‚
1277 935 1322 980 in
1347 945 1519 980 aeternae
1546 933 1734 979 civitatis

361 1004 534 1050 servitio
549 1004 809 1049 constitutus
834 1004 1029 1050 minister
1051 1005 1173 1050 verbi
1197 1006 1540 1068 sacramentique
1563 1004 1699 1050 divini
1719 1021 1730 1049 ε

355 1074 499 1138 Cupio
517 1111 527 1129 ‚
547 1074 682 1119 frater
705 1074 902 1129 Corneli,
926 1093 993 1120 me
1012 1092 1098 1120 esse
1118 1075 1395 1132 elementem,
1422 1075 1555 1138 cupio
1573 1075 1617 1120 in
1640 1085 1734 1120 tan-

354 1146 409 1191 tis
430 1146 515 1191 tuis
535 1145 725 1208 meisque
750 1145 954 1207 periculis
986 1163 1074 1191 non
1097 1146 1352 1192 dissolutum
1373 1145 1537 1192 videri?

424 1216 506 1262 ΙΙΙ.
538 1214 666 1260 Plebs
688 1215 917 1262 mulierum
934 1218 1120 1263 excubat
1142 1217 1353 1263 lateribus
1376 1217 1462 1262 tuis
1477 1254 1488 1273 ,
1512 1215 1665 1263 crescit
1689 1215 1735 1261 in

355 1287 445 1333 dies
469 1285 679 1349 pellicum
718 1303 923 1332 numerus
943 1325 952 1343 ‚
987 1288 1180 1347 ejusdem
1220 1304 1364 1334 autem
1396 1287 1566 1333 numeri
1590 1285 1737 1332 domi-

354 1375 460 1404 num
476 1394 486 1412 ‚
506 1357 595 1402 imo
619 1373 719 1402 vero
743 1373 914 1402 servum
938 1357 1175 1404 insatiabili
1195 1376 1273 1422 per
1300 1367 1365 1407 tot
1385 1368 1525 1405 scorta
1552 1355 1736 1402 libidine

356 1427 627 1474 diffluentem
646 1463 656 1481 ,
684 1437 725 1471 et
756 1426 904 1473 laudes
939 1428 1159 1474 defunctae
1185 1439 1316 1476 eastae
1347 1427 1543 1487 conjugis
1564 1445 1585 1477 a
1611 1426 1738 1471 nobis

360 1498 479 1545 velut
504 1497 557 1542 ad
582 1497 866 1557 mitigandam
890 1499 1138 1545 moestitiam
1168 1516 1289 1545 suam
1310 1503 1408 1558 jure
1433 1497 1634 1544 amicitiae
1654 1496 1738 1542 ssa-

361 1569 565 1629 gitantem
585 1568 779 1631 episcopi
795 1569 1008 1631 patienter
1027 1569 1258 1615 audimus?
1281 1569 1369 1625 Qui
1386 1585 1486 1614 cum
1502 1584 1609 1613 esses
1623 1604 1634 1623 ,
1650 1583 1737 1612 non

362 1639 506 1685 dicam
527 1638 894 1694 catechumenus,
921 1640 994 1685 sed
1029 1640 1072 1685 in
1103 1657 1246 1686 errore
1266 1640 1496 1685 nobiscum
1526 1637 1742 1701 pernicio-2

362 1710 527 1755 sissimo
553 1708 1024 1769 constitutusjuvenis,
1049 1711 1300 1770 junioribus
1326 1710 1479 1765 nobis,
1508 1709 1564 1754 ab
1588 1708 1673 1757 hoc
1699 1718 1740 1758 te

363 1779 468 1825 vitio
494 1779 880 1842 temperantissima
900 1781 1125 1826 voluntate
1147 1797 1412 1834 correxera83
1439 1796 1528 1842 quo
1542 1795 1627 1824 non
1641 1788 1742 1841 post

364 1851 545 1910 longum
571 1860 743 1913 tempus
768 1850 984 1897 sordidius
1015 1851 1261 1906 revolutus,
1297 1850 1452 1899 deinde
1482 1851 1526 1902 in
1555 1860 1741 1900 extremo

364 1921 466 1968 vitae-
490 1921 687 1984 periculo
709 1921 979 1984 baptizatus,
1004 1941 1092 1975 non
1127 1923 1271 1969 dicam
1304 1933 1343 1968 te
1368 1938 1464 1967 sene
1482 1957 1493 1976 ,
1521 1920 1593 1971 sed
1613 1920 1742 1970 etiam

367 1992 494 2037 nobis
528 2002 641 2044 certe
673 1995 763 2052 jam
798 1993 973 2039 senibus
1007 2005 1049 2040 et
1080 1994 1261 2058 insuper
1293 1992 1508 2057 episcopis
1546 1990 1742 2043 nondum

366 2061 622 2109 emendaris
656 2063 730 2108 vis
755 2062 809 2108 de
822 2064 953 2110 bonae
972 2066 1115 2112 uxoris
1138 2075 1276 2111 morte
1295 2081 1374 2128 per
1397 2080 1474 2112 nos
1499 2061 1712 2113 consolari
1727 2097 1740 2118 ‚
1761 2057 1766 2067 ⁴

368 2149 445 2178 nos
469 2132 522 2178 de
545 2133 631 2179 hac
659 2144 732 2178 tua
755 2134 919 2180 veriore
952 2147 1090 2182 morte
1115 2136 1211 2199 quis
1232 2134 1512 2182 consolatur?
1544 2133 1611 2183 An
1640 2131 1744 2194 quia
1768 2130 1769 2137 ’

366 2220 455 2249 non
477 2220 706 2266 possumus
732 2204 932 2251 oblivisci
960 2217 1078 2252 tanta
1108 2223 1207 2266 erga
1231 2223 1308 2251 nos
1329 2204 1482 2250 merita
1507 2213 1580 2255 tua
1602 2239 1612 2253 ,
1645 2201 1769 2279 ideo,

369 2273 597 2319 cruciandi
625 2273 775 2320 adhuc
795 2291 942 2321 sumus
965 2277 1162 2322 moribus
1184 2276 1291 2331 tuis,
1326 2274 1422 2320 ideo
1442 2270 1741 2327 cotemnendi,
1764 2284 1769 2343 j

370 2356 412 2390 et
430 2361 509 2408 pro
529 2345 668 2391 nihilo
686 2345 904 2403 habendi,
927 2348 1106 2411 quando
1132 2348 1341 2408 gemimus
1362 2345 1416 2391 ad
1439 2355 1478 2393 te
1500 2343 1553 2390 de
1566 2346 1630 2395 te?
1660 2341 1744 2394 Sed
1764 2349 1769 2432 ἒ

371 2415 558 2461 fatemur
574 2433 650 2461 nos
673 2433 760 2461 non
775 2434 860 2462 esse
885 2417 1048 2481 aliquid
1073 2418 1127 2465 ad
1155 2429 1195 2464 te
1209 2415 1513 2476 corrigendum
1531 2431 1579 2462 ac
1594 2430 1746 2463 sanan-
1765 2433 1769 2528 1

375 2485 512 2539 dum;
543 2486 660 2531 Deus
694 2487 969 2545 attendatur,
1008 2489 1208 2534 Christus
1242 2487 1472 2547 cogitetur,
1514 2482 1769 2562 Apostolus1

373 2556 576 2602 audiatur
600 2557 747 2603 dicens
774 2575 783 2602 :
809 2580 828 2600 «
851 2559 1024 2606 Tollens
1042 2577 1142 2620 ergo
1160 2559 1356 2606 membra
1370 2555 1563 2614 Christi,
1589 2554 1745 2601 faciam
1766 2569 1769 2613 ᾗ

420 2640 430 2662 ¹
451 2640 563 2672 Cicero
578 2651 636 2684 pro
650 2644 679 2672 S.
695 2644 792 2675 Rosc.
1767 2645 1769 2693 i
