<?xml version="1.0" encoding="UTF-8"?>
<!DOCTYPE html PUBLIC "-//W3C//DTD XHTML 1.0 Transitional//EN"
    "http://www.w3.org/TR/xhtml1/DTD/xhtml1-transitional.dtd">
<html xmlns="http://www.w3.org/1999/xhtml" xml:lang="en" lang="en">
 <head>
  <title>
</title>
<meta http-equiv="Content-Type" content="text/html;charset=utf-8" />
  <meta name='ocr-system' content='tesseract 3.04.00' />
  <meta name='ocr-capabilities' content='ocr_page ocr_carea ocr_par ocr_line ocrx_word'/>
</head>
<body>
  <div class='ocr_page' id='page_1' title='image "./operaomniaaccura41auguuoft/operaomniaaccura41auguuoft_0303.png"; bbox 0 0 1769 3235; ppageno 0'>
   <div class='ocr_carea' id='block_1_1' title="bbox 494 270 1409 316">
    <p class='ocr_par' dir='ltr' id='par_1_1' title="bbox 494 270 1409 316">
     <span class='ocr_line' id='line_1_1' title="bbox 494 270 1409 316; baseline 0.009 -8"><span class='ocrx_word' id='word_1_1' title='bbox 494 278 708 309; x_wconf 79' lang='lat' dir='ltr'><strong>EPISTOLA</strong></span> <span class='ocrx_word' id='word_1_2' title='bbox 744 279 957 311; x_wconf 75' lang='lat' dir='ltr'>ccxxviii.</span> <span class='ocrx_word' id='word_1_3' title='bbox 1318 270 1409 316; x_wconf 82' lang='lat'>285</span> 
     </span>
    </p>
   </div>
   <div class='ocr_carea' id='block_1_2' title="bbox 6 342 1415 1252">
    <p class='ocr_par' dir='ltr' id='par_1_2' title="bbox 6 342 1414 1252">
     <span class='ocr_line' id='line_1_2' title="bbox 23 342 1409 428; baseline 0.003 -35"><span class='ocrx_word' id='word_1_4' title='bbox 23 345 168 393; x_wconf 75' lang='lat' dir='ltr'>ilentia</span> <span class='ocrx_word' id='word_1_5' title='bbox 203 360 292 390; x_wconf 90' lang='lat' dir='ltr'>non</span> <span class='ocrx_word' id='word_1_6' title='bbox 325 342 512 390; x_wconf 86' lang='lat' dir='ltr'>violatur</span> <span class='ocrx_word' id='word_1_7' title='bbox 543 345 786 408; x_wconf 84' lang='lat' dir='ltr'>pudicitia,</span> <span class='ocrx_word' id='word_1_8' title='bbox 812 345 845 390; x_wconf 87' lang='lat' dir='ltr'>si</span> <span class='ocrx_word' id='word_1_9' title='bbox 869 355 1010 390; x_wconf 89' lang='lat' dir='ltr'>mente</span> <span class='ocrx_word' id='word_1_10' title='bbox 1040 359 1265 395; x_wconf 89' lang='lat' dir='ltr'>servatur:</span> <span class='ocrx_word' id='word_1_11' title='bbox 1294 367 1409 428; x_wconf 80' lang='lat' dir='ltr'>quo-</span> 
     </span>
     <span class='ocr_line' id='line_1_3' title="bbox 6 414 1408 488; baseline 0.006 -29"><span class='ocrx_word' id='word_1_12' title='bbox 6 456 7 459; x_wconf 73' lang='grc'>,</span> <span class='ocrx_word' id='word_1_13' title='bbox 21 416 153 488; x_wconf 88' lang='lat' dir='ltr'>niam</span> <span class='ocrx_word' id='word_1_14' title='bbox 179 431 258 460; x_wconf 91' lang='lat' dir='ltr'>nec</span> <span class='ocrx_word' id='word_1_15' title='bbox 292 414 338 460; x_wconf 85' lang='lat' dir='ltr'>in</span> <span class='ocrx_word' id='word_1_16' title='bbox 373 431 500 460; x_wconf 87' lang='lat' dir='ltr'>carne</span> <span class='ocrx_word' id='word_1_17' title='bbox 536 415 742 469; x_wconf 87' lang='lat' dir='ltr'>violatur,</span> <span class='ocrx_word' id='word_1_18' title='bbox 774 415 950 478; x_wconf 86' lang='lat' dir='ltr'>quando</span> <span class='ocrx_word' id='word_1_19' title='bbox 976 416 1179 464; x_wconf 83' lang='lat' dir='ltr'>voluntas</span> <span class='ocrx_word' id='word_1_20' title='bbox 1205 421 1408 483; x_wconf 88' lang='lat' dir='ltr'>patientis</span> 
     </span>
     <span class='ocr_line' id='line_1_4' title="bbox 20 461 1410 548; baseline 0.003 -15.059"><span class='ocrx_word' id='word_1_21' title='bbox 20 461 112 533; x_wconf 62' lang='lat' dir='ltr'>lsua</span> <span class='ocrx_word' id='word_1_22' title='bbox 136 486 322 548; x_wconf 84' lang='lat' dir='ltr'>turpiter</span> <span class='ocrx_word' id='word_1_23' title='bbox 346 502 473 531; x_wconf 88' lang='lat' dir='ltr'>carne</span> <span class='ocrx_word' id='word_1_24' title='bbox 495 503 583 531; x_wconf 90' lang='lat' dir='ltr'>non</span> <span class='ocrx_word' id='word_1_25' title='bbox 610 486 764 541; x_wconf 84' lang='lat' dir='ltr'>utitur,</span> <span class='ocrx_word' id='word_1_26' title='bbox 795 484 867 530; x_wconf 87' lang='lat' dir='ltr'>sed</span> <span class='ocrx_word' id='word_1_27' title='bbox 890 486 978 531; x_wconf 86' lang='lat' dir='ltr'>sine</span> <span class='ocrx_word' id='word_1_28' title='bbox 1006 492 1284 536; x_wconf 82' lang='lat' dir='ltr'>consensione</span> <span class='ocrx_word' id='word_1_29' title='bbox 1308 491 1410 536; x_wconf 84' lang='lat' dir='ltr'>tolc-</span> 
     </span>
     <span class='ocr_line' id='line_1_5' title="bbox 19 523 1414 623; baseline 0.004 -21"><span class='ocrx_word' id='word_1_30' title='bbox 19 547 105 603; x_wconf 68' lang='lat' dir='ltr'>lrat</span> <span class='ocrx_word' id='word_1_31' title='bbox 123 556 242 618; x_wconf 92' lang='lat' dir='ltr'>quod</span> <span class='ocrx_word' id='word_1_32' title='bbox 267 554 374 601; x_wconf 86' lang='lat' dir='ltr'>alius</span> <span class='ocrx_word' id='word_1_33' title='bbox 398 567 618 619; x_wconf 90' lang='lat' dir='ltr'>operatur.</span> <span class='ocrx_word' id='word_1_34' title='bbox 646 523 784 615; x_wconf 86' lang='lat' dir='ltr'>Magis</span> <span class='ocrx_word' id='word_1_35' title='bbox 812 556 1039 603; x_wconf 88' lang='lat' dir='ltr'>timeamus</span> <span class='ocrx_word' id='word_1_36' title='bbox 1064 576 1116 604; x_wconf 90' lang='lat' dir='ltr'>ne</span> <span class='ocrx_word' id='word_1_37' title='bbox 1137 559 1304 623; x_wconf 76' lang='lat' dir='ltr'>lapides</span> <span class='ocrx_word' id='word_1_38' title='bbox 1324 562 1414 607; x_wconf 68' lang='lat' dir='ltr'>xlvi</span> 
     </span>
     <span class='ocr_line' id='line_1_6' title="bbox 18 626 1410 691; baseline 0.003 -18.058"><span class='ocrx_word' id='word_1_39' title='bbox 18 627 338 686; x_wconf 82' lang='lat' dir='ltr'>extinguantur</span> <span class='ocrx_word' id='word_1_40' title='bbox 352 626 648 672; x_wconf 81' lang='lat' dir='ltr'>deserentibus</span> <span class='ocrx_word' id='word_1_41' title='bbox 662 626 805 681; x_wconf 81' lang='lat' dir='ltr'>nobis,</span> <span class='ocrx_word' id='word_1_42' title='bbox 827 643 957 689; x_wconf 86' lang='lat' dir='ltr'>quam</span> <span class='ocrx_word' id='word_1_43' title='bbox 983 645 1037 673; x_wconf 86' lang='lat' dir='ltr'>ne</span> <span class='ocrx_word' id='word_1_44' title='bbox 1054 628 1083 673; x_wconf 94' lang='lat' dir='ltr'>l</span> <span class='ocrx_word' id='word_1_45' title='bbox 1075 629 1220 691; x_wconf 71' lang='lat' dir='ltr'>ipides</span> <span class='ocrx_word' id='word_1_46' title='bbox 1234 642 1275 676; x_wconf 90' lang='lat' dir='ltr'>et</span> <span class='ocrx_word' id='word_1_47' title='bbox 1295 631 1410 691; x_wconf 86' lang='lat' dir='ltr'>ligna</span> 
     </span>
     <span class='ocr_line' id='line_1_7' title="bbox 17 695 1406 759; baseline 0.003 -17.065"><span class='ocrx_word' id='word_1_48' title='bbox 17 701 304 742; x_wconf 87' lang='lat' dir='ltr'>terrenorum</span> <span class='ocrx_word' id='word_1_49' title='bbox 331 696 543 742; x_wconf 76' lang='lat' dir='ltr'>aedlfimm</span> <span class='ocrx_word' id='word_1_50' title='bbox 547 714 619 742; x_wconf 87' lang='lat' dir='ltr'>um</span> <span class='ocrx_word' id='word_1_51' title='bbox 645 695 936 743; x_wconf 80' lang='lat' dir='ltr'>incendantur</span> <span class='ocrx_word' id='word_1_52' title='bbox 953 699 1244 759; x_wconf 77' lang='lat' dir='ltr'>praesentibus</span> <span class='ocrx_word' id='word_1_53' title='bbox 1265 701 1406 747; x_wconf 81' lang='lat' dir='ltr'>nobis.</span> 
     </span>
     <span class='ocr_line' id='line_1_8' title="bbox 15 746 1414 830; baseline 0.002 -17"><span class='ocrx_word' id='word_1_54' title='bbox 15 746 178 826; x_wconf 67' lang='lat' dir='ltr'>eMagis</span> <span class='ocrx_word' id='word_1_55' title='bbox 216 767 445 813; x_wconf 90' lang='lat' dir='ltr'>timeamus</span> <span class='ocrx_word' id='word_1_56' title='bbox 477 784 530 812; x_wconf 89' lang='lat' dir='ltr'>ne</span> <span class='ocrx_word' id='word_1_57' title='bbox 567 767 762 812; x_wconf 88' lang='lat' dir='ltr'>membra</span> <span class='ocrx_word' id='word_1_58' title='bbox 791 767 986 830; x_wconf 88' lang='lat' dir='ltr'>corporis</span> <span class='ocrx_word' id='word_1_59' title='bbox 1013 767 1179 813; x_wconf 83' lang='lat' dir='ltr'>Christi</span> <span class='ocrx_word' id='word_1_60' title='bbox 1210 769 1414 816; x_wconf 87' lang='lat' dir='ltr'>destituta</span> 
     </span>
     <span class='ocr_line' id='line_1_9' title="bbox 14 836 1415 901; baseline 0 -16"><span class='ocrx_word' id='word_1_61' title='bbox 14 868 17 896; x_wconf 37' lang='grc' dir='ltr'>ὲ</span> <span class='ocrx_word' id='word_1_62' title='bbox 38 836 222 900; x_wconf 86' lang='lat' dir='ltr'>spiritali</span> <span class='ocrx_word' id='word_1_63' title='bbox 247 838 366 884; x_wconf 82' lang='lat' dir='ltr'>victu</span> <span class='ocrx_word' id='word_1_64' title='bbox 389 847 616 892; x_wconf 82' lang='lat' dir='ltr'>necentur,</span> <span class='ocrx_word' id='word_1_65' title='bbox 643 853 776 900; x_wconf 87' lang='lat' dir='ltr'>quam</span> <span class='ocrx_word' id='word_1_66' title='bbox 802 853 855 881; x_wconf 82' lang='lat' dir='ltr'>ne</span> <span class='ocrx_word' id='word_1_67' title='bbox 880 836 1076 883; x_wconf 89' lang='lat' dir='ltr'>membra</span> <span class='ocrx_word' id='word_1_68' title='bbox 1101 839 1299 901; x_wconf 75' lang='lat' dir='ltr'>cotporis</span> <span class='ocrx_word' id='word_1_69' title='bbox 1319 856 1415 885; x_wconf 89' lang='lat' dir='ltr'>nos-</span> 
     </span>
     <span class='ocr_line' id='line_1_10' title="bbox 14 906 1414 972; baseline 0.002 -20.057"><span class='ocrx_word' id='word_1_70' title='bbox 14 906 94 953; x_wconf 91' lang='lat' dir='ltr'>tri</span> <span class='ocrx_word' id='word_1_71' title='bbox 116 923 322 970; x_wconf 87' lang='lat' dir='ltr'>oppressa</span> <span class='ocrx_word' id='word_1_72' title='bbox 354 907 503 953; x_wconf 87' lang='lat' dir='ltr'>hostili</span> <span class='ocrx_word' id='word_1_73' title='bbox 532 908 700 970; x_wconf 88' lang='lat' dir='ltr'>impetu</span> <span class='ocrx_word' id='word_1_74' title='bbox 732 917 1032 970; x_wconf 87' lang='lat' dir='ltr'>torqueantur.</span> <span class='ocrx_word' id='word_1_75' title='bbox 1073 908 1172 953; x_wconf 92' lang='lat' dir='ltr'>Non</span> <span class='ocrx_word' id='word_1_76' title='bbox 1197 908 1300 972; x_wconf 89' lang='lat' dir='ltr'>quia</span> <span class='ocrx_word' id='word_1_77' title='bbox 1333 909 1414 955; x_wconf 87' lang='lat' dir='ltr'>ista</span> 
     </span>
     <span class='ocr_line' id='line_1_11' title="bbox 11 976 1413 1043; baseline 0.001 -20"><span class='ocrx_word' id='word_1_78' title='bbox 11 978 15 1043; x_wconf 64' lang='lat' dir='ltr'><strong>j</strong></span> <span class='ocrx_word' id='word_1_79' title='bbox 39 993 125 1023; x_wconf 90' lang='lat' dir='ltr'>non</span> <span class='ocrx_word' id='word_1_80' title='bbox 150 988 253 1022; x_wconf 88' lang='lat' dir='ltr'>sunt</span> <span class='ocrx_word' id='word_1_81' title='bbox 277 977 456 1023; x_wconf 85' lang='lat' dir='ltr'>vitanda</span> <span class='ocrx_word' id='word_1_82' title='bbox 476 993 575 1022; x_wconf 89' lang='lat' dir='ltr'>cum</span> <span class='ocrx_word' id='word_1_83' title='bbox 605 987 814 1040; x_wconf 81' lang='lat' dir='ltr'>possunt,</span> <span class='ocrx_word' id='word_1_84' title='bbox 842 976 916 1023; x_wconf 89' lang='lat' dir='ltr'>sed</span> <span class='ocrx_word' id='word_1_85' title='bbox 945 977 1048 1041; x_wconf 90' lang='lat' dir='ltr'>quia</span> <span class='ocrx_word' id='word_1_86' title='bbox 1073 979 1217 1041; x_wconf 90' lang='lat' dir='ltr'>potius</span> <span class='ocrx_word' id='word_1_87' title='bbox 1238 978 1413 1025; x_wconf 89' lang='lat' dir='ltr'>ferenda</span> 
     </span>
     <span class='ocr_line' id='line_1_12' title="bbox 10 1047 1414 1126; baseline 0.001 -34"><span class='ocrx_word' id='word_1_88' title='bbox 10 1057 161 1114; x_wconf 60' lang='lat' dir='ltr'>jsunt,</span> <span class='ocrx_word' id='word_1_89' title='bbox 197 1047 376 1125; x_wconf 81' lang='lat' dir='ltr'>quando</span> <span class='ocrx_word' id='word_1_90' title='bbox 410 1048 538 1093; x_wconf 84' lang='lat' dir='ltr'>vitari</span> <span class='ocrx_word' id='word_1_91' title='bbox 577 1049 666 1092; x_wconf 89' lang='lat' dir='ltr'>sine</span> <span class='ocrx_word' id='word_1_92' title='bbox 705 1047 927 1110; x_wconf 78' lang='lat' dir='ltr'>impietate</span> <span class='ocrx_word' id='word_1_93' title='bbox 962 1064 1051 1092; x_wconf 88' lang='lat' dir='ltr'>non</span> <span class='ocrx_word' id='word_1_94' title='bbox 1090 1060 1305 1126; x_wconf 83' lang='lat' dir='ltr'>possunt:</span> <span class='ocrx_word' id='word_1_95' title='bbox 1333 1049 1414 1096; x_wconf 85' lang='lat' dir='ltr'>nisi</span> 
     </span>
     <span class='ocr_line' id='line_1_13' title="bbox 8 1117 1411 1225; baseline 0.001 -61.001"><span class='ocrx_word' id='word_1_96' title='bbox 8 1158 12 1225; x_wconf 53' lang='lat' dir='ltr'>l</span> <span class='ocrx_word' id='word_1_97' title='bbox 9 1117 146 1164; x_wconf 88' lang='lat' dir='ltr'>forte</span> <span class='ocrx_word' id='word_1_98' title='bbox 169 1118 399 1181; x_wconf 87' lang='lat' dir='ltr'>quisquam</span> <span class='ocrx_word' id='word_1_99' title='bbox 422 1117 695 1163; x_wconf 75' lang='lat' dir='ltr'>contenderit</span> <span class='ocrx_word' id='word_1_100' title='bbox 717 1134 805 1162; x_wconf 82' lang='lat' dir='ltr'>non</span> <span class='ocrx_word' id='word_1_101' title='bbox 829 1134 915 1163; x_wconf 87' lang='lat' dir='ltr'>esse</span> <span class='ocrx_word' id='word_1_102' title='bbox 939 1117 1187 1165; x_wconf 85' lang='lat' dir='ltr'>ministrum</span> <span class='ocrx_word' id='word_1_103' title='bbox 1205 1120 1411 1182; x_wconf 90' lang='lat' dir='ltr'>impium,</span> 
     </span>
     <span class='ocr_line' id='line_1_14' title="bbox 8 1187 1410 1252; baseline 0.001 -18.022"><span class='ocrx_word' id='word_1_104' title='bbox 8 1188 114 1252; x_wconf 90' lang='lat' dir='ltr'>qui</span> <span class='ocrx_word' id='word_1_105' title='bbox 164 1199 268 1234; x_wconf 85' lang='lat' dir='ltr'>tunc</span> <span class='ocrx_word' id='word_1_106' title='bbox 315 1188 538 1233; x_wconf 85' lang='lat' dir='ltr'>subtrahit</span> <span class='ocrx_word' id='word_1_107' title='bbox 576 1187 862 1232; x_wconf 89' lang='lat' dir='ltr'>ministerium</span> <span class='ocrx_word' id='word_1_108' title='bbox 905 1188 1057 1251; x_wconf 86' lang='lat' dir='ltr'>pietati</span> <span class='ocrx_word' id='word_1_109' title='bbox 1094 1190 1410 1246; x_wconf 86' lang='lat' dir='ltr'>necessarium,</span> 
     </span>
    </p>
   </div>
   <div class='ocr_carea' id='block_1_3' title="bbox 6 1258 782 1328">
    <p class='ocr_par' dir='ltr' id='par_1_3' title="bbox 6 1258 782 1328">
     <span class='ocr_line' id='line_1_15' title="bbox 6 1258 782 1328; baseline -0.003 -23"><span class='ocrx_word' id='word_1_110' title='bbox 6 1265 11 1328; x_wconf 62' lang='grc' dir='ltr'>Ι</span> <span class='ocrx_word' id='word_1_111' title='bbox 38 1258 215 1323; x_wconf 89' lang='lat' dir='ltr'>quando</span> <span class='ocrx_word' id='word_1_112' title='bbox 238 1258 373 1319; x_wconf 85' lang='lat' dir='ltr'>magis</span> <span class='ocrx_word' id='word_1_113' title='bbox 398 1269 460 1305; x_wconf 88' lang='lat' dir='ltr'>est</span> <span class='ocrx_word' id='word_1_114' title='bbox 481 1258 782 1305; x_wconf 87' lang='lat' dir='ltr'>necessarium.</span> 
     </span>
    </p>
   </div>
   <div class='ocr_carea' id='block_1_4' title="bbox 3 1470 7 1502">
    <p class='ocr_par' dir='ltr' id='par_1_4' title="bbox 3 1470 7 1502">
     <span class='ocr_line' id='line_1_16' title="bbox 3 1470 7 1502; baseline 0 0"><span class='ocrx_word' id='word_1_115' title='bbox 3 1470 7 1502; x_wconf 76' lang='grc' dir='ltr'>Ι</span> 
     </span>
    </p>
   </div>
   <div class='ocr_carea' id='block_1_5' title="bbox 1 1596 5 1640">
    <p class='ocr_par' dir='ltr' id='par_1_5' title="bbox 1 1596 5 1640">
     <span class='ocr_line' id='line_1_17' title="bbox 1 1596 5 1640; baseline 0 0"><span class='ocrx_word' id='word_1_116' title='bbox 1 1596 5 1640; x_wconf 73' lang='grc' dir='ltr'>ἰ</span> 
     </span>
    </p>
   </div>
   <div class='ocr_carea' id='block_1_6' title="bbox 0 1376 10 1937">
    <p class='ocr_par' dir='ltr' id='par_1_6' title="bbox 0 1376 10 1937">
     <span class='ocr_line' id='line_1_18' title="bbox 0 1376 10 1937; baseline 0 0"><span class='ocrx_word' id='word_1_117' title='bbox 0 1376 10 1937; x_wconf 95' lang='lat' dir='ltr'> </span> 
     </span>
    </p>
   </div>
   <div class='ocr_carea' id='block_1_7' title="bbox 39 1328 1417 1535">
    <p class='ocr_par' dir='ltr' id='par_1_7' title="bbox 39 1328 1417 1535">
     <span class='ocr_line' id='line_1_19' title="bbox 103 1328 1415 1393; baseline 0.001 -17"><span class='ocrx_word' id='word_1_118' title='bbox 103 1330 226 1376; x_wconf 90' lang='lat' dir='ltr'>Vlll</span> <span class='ocrx_word' id='word_1_119' title='bbox 255 1331 323 1376; x_wconf 92' lang='lat' dir='ltr'>An</span> <span class='ocrx_word' id='word_1_120' title='bbox 346 1346 435 1375; x_wconf 87' lang='lat' dir='ltr'>non</span> <span class='ocrx_word' id='word_1_121' title='bbox 468 1330 735 1389; x_wconf 84' lang='lat' dir='ltr'>cogitamus,</span> <span class='ocrx_word' id='word_1_122' title='bbox 768 1345 870 1374; x_wconf 90' lang='lat' dir='ltr'>cum</span> <span class='ocrx_word' id='word_1_123' title='bbox 897 1328 948 1374; x_wconf 88' lang='lat' dir='ltr'>ad</span> <span class='ocrx_word' id='word_1_124' title='bbox 976 1329 1160 1375; x_wconf 89' lang='lat' dir='ltr'>istorum</span> <span class='ocrx_word' id='word_1_125' title='bbox 1190 1331 1415 1393; x_wconf 89' lang='lat' dir='ltr'>periculo-</span> 
     </span>
     <span class='ocr_line' id='line_1_20' title="bbox 40 1399 1412 1462; baseline 0 -16"><span class='ocrx_word' id='word_1_126' title='bbox 40 1417 137 1446; x_wconf 89' lang='lat' dir='ltr'>rum</span> <span class='ocrx_word' id='word_1_127' title='bbox 168 1401 421 1462; x_wconf 84' lang='lat' dir='ltr'>pervenitur</span> <span class='ocrx_word' id='word_1_128' title='bbox 451 1410 660 1456; x_wconf 82' lang='lat' dir='ltr'>extrema,</span> <span class='ocrx_word' id='word_1_129' title='bbox 688 1415 767 1445; x_wconf 91' lang='lat' dir='ltr'>nec</span> <span class='ocrx_word' id='word_1_130' title='bbox 790 1409 852 1444; x_wconf 90' lang='lat' dir='ltr'>est</span> <span class='ocrx_word' id='word_1_131' title='bbox 869 1409 1058 1462; x_wconf 87' lang='lat' dir='ltr'>potestas</span> <span class='ocrx_word' id='word_1_132' title='bbox 1083 1399 1169 1445; x_wconf 85' lang='lat' dir='ltr'>ulla</span> <span class='ocrx_word' id='word_1_133' title='bbox 1192 1399 1412 1461; x_wconf 85' lang='lat' dir='ltr'>fugiendi,</span> 
     </span>
     <span class='ocr_line' id='line_1_21' title="bbox 39 1469 1417 1535; baseline 0.001 -19"><span class='ocrx_word' id='word_1_134' title='bbox 39 1480 228 1534; x_wconf 87' lang='lat' dir='ltr'>quantus</span> <span class='ocrx_word' id='word_1_135' title='bbox 248 1470 293 1516; x_wconf 92' lang='lat' dir='ltr'>in</span> <span class='ocrx_word' id='word_1_136' title='bbox 318 1469 509 1516; x_wconf 85' lang='lat' dir='ltr'>Ecclesia</span> <span class='ocrx_word' id='word_1_137' title='bbox 528 1470 621 1515; x_wconf 82' lang='lat' dir='ltr'>fieri</span> <span class='ocrx_word' id='word_1_138' title='bbox 645 1469 777 1515; x_wconf 83' lang='lat' dir='ltr'>soleat</span> <span class='ocrx_word' id='word_1_139' title='bbox 796 1469 850 1515; x_wconf 85' lang='lat' dir='ltr'>ab</span> <span class='ocrx_word' id='word_1_140' title='bbox 869 1479 1054 1532; x_wconf 88' lang='lat' dir='ltr'>utroque</span> <span class='ocrx_word' id='word_1_141' title='bbox 1073 1487 1188 1526; x_wconf 84' lang='lat' dir='ltr'>sexu,</span> <span class='ocrx_word' id='word_1_142' title='bbox 1212 1483 1339 1535; x_wconf 88' lang='lat' dir='ltr'>atque</span> <span class='ocrx_word' id='word_1_143' title='bbox 1361 1471 1417 1517; x_wconf 89' lang='lat' dir='ltr'>ab</span> 
     </span>
    </p>
   </div>
   <div class='ocr_carea' id='block_1_8' title="bbox 2 1541 1412 1604">
    <p class='ocr_par' dir='ltr' id='par_1_8' title="bbox 2 1541 1412 1604">
     <span class='ocr_line' id='line_1_22' title="bbox 2 1541 1412 1604; baseline 0.001 -18"><span class='ocrx_word' id='word_1_144' title='bbox 2 1553 6 1585; x_wconf 64' lang='lat' dir='ltr'>t</span> <span class='ocrx_word' id='word_1_145' title='bbox 40 1543 159 1589; x_wconf 90' lang='lat' dir='ltr'>omni</span> <span class='ocrx_word' id='word_1_146' title='bbox 195 1552 321 1587; x_wconf 82' lang='lat' dir='ltr'>aetate</span> <span class='ocrx_word' id='word_1_147' title='bbox 357 1557 624 1594; x_wconf 85' lang='lat' dir='ltr'>concursus,</span> <span class='ocrx_word' id='word_1_148' title='bbox 664 1541 756 1586; x_wconf 87' lang='lat' dir='ltr'>aliis</span> <span class='ocrx_word' id='word_1_149' title='bbox 788 1541 1059 1604; x_wconf 88' lang='lat' dir='ltr'>baptismum</span> <span class='ocrx_word' id='word_1_150' title='bbox 1086 1542 1412 1602; x_wconf 81' lang='lat' dir='ltr'>flagitantibuS,</span> 
     </span>
    </p>
   </div>
   <div class='ocr_carea' id='block_1_9' title="bbox 38 1612 1425 2659">
    <p class='ocr_par' dir='ltr' id='par_1_9' title="bbox 38 1612 1425 2659">
     <span class='ocr_line' id='line_1_23' title="bbox 41 1612 1417 1676; baseline 0 -17"><span class='ocrx_word' id='word_1_151' title='bbox 41 1613 131 1659; x_wconf 86' lang='lat' dir='ltr'>aliis</span> <span class='ocrx_word' id='word_1_152' title='bbox 152 1613 546 1659; x_wconf 85' lang='lat' dir='ltr'>reconciliationem</span> <span class='ocrx_word' id='word_1_153' title='bbox 566 1649 577 1668; x_wconf 94' lang='lat'>,</span> <span class='ocrx_word' id='word_1_154' title='bbox 607 1612 699 1658; x_wconf 88' lang='lat' dir='ltr'>aliis</span> <span class='ocrx_word' id='word_1_155' title='bbox 723 1612 852 1657; x_wconf 89' lang='lat' dir='ltr'>etiam</span> <span class='ocrx_word' id='word_1_156' title='bbox 880 1612 1155 1675; x_wconf 84' lang='lat' dir='ltr'>poenitentiae</span> <span class='ocrx_word' id='word_1_157' title='bbox 1179 1614 1315 1676; x_wconf 85' lang='lat' dir='ltr'>ipsius</span> <span class='ocrx_word' id='word_1_158' title='bbox 1341 1632 1417 1659; x_wconf 88' lang='lat' dir='ltr'>ac-</span> 
     </span>
     <span class='ocr_line' id='line_1_24' title="bbox 41 1682 1419 1740; baseline -0.001 -10"><span class='ocrx_word' id='word_1_159' title='bbox 41 1684 200 1730; x_wconf 90' lang='lat' dir='ltr'>tionem</span> <span class='ocrx_word' id='word_1_160' title='bbox 218 1721 229 1740; x_wconf 87' lang='lat'>,</span> <span class='ocrx_word' id='word_1_161' title='bbox 257 1683 461 1729; x_wconf 87' lang='lat' dir='ltr'>omnibus</span> <span class='ocrx_word' id='word_1_162' title='bbox 487 1682 827 1728; x_wconf 83' lang='lat' dir='ltr'>consolationem</span> <span class='ocrx_word' id='word_1_163' title='bbox 851 1692 892 1727; x_wconf 90' lang='lat' dir='ltr'>et</span> <span class='ocrx_word' id='word_1_164' title='bbox 917 1693 1288 1728; x_wconf 88' lang='lat' dir='ltr'>sacramentorum</span> <span class='ocrx_word' id='word_1_165' title='bbox 1310 1701 1419 1729; x_wconf 89' lang='lat' dir='ltr'>con-</span> 
     </span>
     <span class='ocr_line' id='line_1_25' title="bbox 38 1753 1415 1818; baseline -0.001 -17"><span class='ocrx_word' id='word_1_166' title='bbox 38 1754 268 1801; x_wconf 89' lang='lat' dir='ltr'>fectionem</span> <span class='ocrx_word' id='word_1_167' title='bbox 292 1765 334 1801; x_wconf 92' lang='lat' dir='ltr'>et</span> <span class='ocrx_word' id='word_1_168' title='bbox 358 1754 649 1814; x_wconf 81' lang='lat' dir='ltr'>erogationem</span> <span class='ocrx_word' id='word_1_169' title='bbox 670 1757 688 1799; x_wconf 75' lang='grc' dir='ltr'>ἶ)</span> <span class='ocrx_word' id='word_1_170' title='bbox 712 1753 796 1798; x_wconf 91' lang='lat' dir='ltr'>Ubi</span> <span class='ocrx_word' id='word_1_171' title='bbox 820 1753 854 1798; x_wconf 87' lang='lat' dir='ltr'>si</span> <span class='ocrx_word' id='word_1_172' title='bbox 879 1753 1064 1798; x_wconf 88' lang='lat' dir='ltr'>ministri</span> <span class='ocrx_word' id='word_1_173' title='bbox 1083 1753 1249 1810; x_wconf 87' lang='lat' dir='ltr'>desint,</span> <span class='ocrx_word' id='word_1_174' title='bbox 1274 1772 1415 1818; x_wconf 86' lang='lat' dir='ltr'>quan·</span> 
     </span>
     <span class='ocr_line' id='line_1_26' title="bbox 40 1823 1418 1887; baseline -0.001 -17"><span class='ocrx_word' id='word_1_175' title='bbox 40 1835 134 1870; x_wconf 89' lang='lat' dir='ltr'>tum</span> <span class='ocrx_word' id='word_1_176' title='bbox 167 1824 344 1871; x_wconf 88' lang='lat' dir='ltr'>exitium</span> <span class='ocrx_word' id='word_1_177' title='bbox 382 1824 577 1887; x_wconf 85' lang='lat' dir='ltr'>sequitur</span> <span class='ocrx_word' id='word_1_178' title='bbox 612 1840 683 1868; x_wconf 88' lang='lat' dir='ltr'>eos</span> <span class='ocrx_word' id='word_1_179' title='bbox 724 1823 801 1886; x_wconf 91' lang='lat' dir='ltr'>qui</span> <span class='ocrx_word' id='word_1_180' title='bbox 838 1823 892 1868; x_wconf 93' lang='lat' dir='ltr'>de</span> <span class='ocrx_word' id='word_1_181' title='bbox 933 1823 1014 1870; x_wconf 87' lang='lat' dir='ltr'>isto</span> <span class='ocrx_word' id='word_1_182' title='bbox 1041 1824 1202 1869; x_wconf 84' lang='lat' dir='ltr'>saeculo</span> <span class='ocrx_word' id='word_1_183' title='bbox 1236 1825 1300 1871; x_wconf 84' lang='lat' dir='ltr'>ve]</span> <span class='ocrx_word' id='word_1_184' title='bbox 1331 1842 1418 1870; x_wconf 87' lang='lat' dir='ltr'>non</span> 
     </span>
     <span class='ocr_line' id='line_1_27' title="bbox 41 1894 1418 1956; baseline -0.001 -14"><span class='ocrx_word' id='word_1_185' title='bbox 41 1896 275 1956; x_wconf 89' lang='lat' dir='ltr'>regenerati</span> <span class='ocrx_word' id='word_1_186' title='bbox 310 1905 492 1950; x_wconf 76' lang='lat' dir='ltr'>exeunt,</span> <span class='ocrx_word' id='word_1_187' title='bbox 518 1894 586 1940; x_wconf 82' lang='lat' dir='ltr'>vel</span> <span class='ocrx_word' id='word_1_188' title='bbox 617 1894 772 1954; x_wconf 71' lang='lat' dir='ltr'>ligati?</span> <span class='ocrx_word' id='word_1_189' title='bbox 803 1894 1005 1951; x_wconf 85' lang='lat' dir='ltr'>Quantus</span> <span class='ocrx_word' id='word_1_190' title='bbox 1038 1905 1098 1939; x_wconf 89' lang='lat' dir='ltr'>est</span> <span class='ocrx_word' id='word_1_191' title='bbox 1120 1895 1246 1940; x_wconf 87' lang='lat' dir='ltr'>etiam</span> <span class='ocrx_word' id='word_1_192' title='bbox 1273 1895 1418 1941; x_wconf 88' lang='lat' dir='ltr'>luctus</span> 
     </span>
     <span class='ocr_line' id='line_1_28' title="bbox 41 1964 1421 2028; baseline -0.001 -16"><span class='ocrx_word' id='word_1_193' title='bbox 41 1965 236 2012; x_wconf 90' lang='lat' dir='ltr'>fidelium</span> <span class='ocrx_word' id='word_1_194' title='bbox 260 1982 465 2020; x_wconf 89' lang='lat' dir='ltr'>suorum,</span> <span class='ocrx_word' id='word_1_195' title='bbox 491 1964 566 2027; x_wconf 90' lang='lat' dir='ltr'>qui</span> <span class='ocrx_word' id='word_1_196' title='bbox 592 1981 662 2009; x_wconf 89' lang='lat' dir='ltr'>eos</span> <span class='ocrx_word' id='word_1_197' title='bbox 695 1981 841 2009; x_wconf 86' lang='lat' dir='ltr'>secum</span> <span class='ocrx_word' id='word_1_198' title='bbox 875 1964 920 2009; x_wconf 88' lang='lat' dir='ltr'>in</span> <span class='ocrx_word' id='word_1_199' title='bbox 948 1965 1051 2010; x_wconf 74' lang='lat' dir='ltr'>vitae</span> <span class='ocrx_word' id='word_1_200' title='bbox 1076 1975 1250 2010; x_wconf 66' lang='lat' dir='ltr'>aeternae</span> <span class='ocrx_word' id='word_1_201' title='bbox 1274 1966 1421 2028; x_wconf 89' lang='lat' dir='ltr'>requie</span> 
     </span>
     <span class='ocr_line' id='line_1_29' title="bbox 41 2033 1419 2097; baseline 0 -16"><span class='ocrx_word' id='word_1_202' title='bbox 41 2052 129 2081; x_wconf 91' lang='lat' dir='ltr'>non</span> <span class='ocrx_word' id='word_1_203' title='bbox 165 2035 428 2081; x_wconf 70' lang='lat' dir='ltr'>habebunt?</span> <span class='ocrx_word' id='word_1_204' title='bbox 465 2034 668 2090; x_wconf 86' lang='lat' dir='ltr'>Quantus</span> <span class='ocrx_word' id='word_1_205' title='bbox 707 2033 895 2097; x_wconf 89' lang='lat' dir='ltr'>denique</span> <span class='ocrx_word' id='word_1_206' title='bbox 933 2035 1116 2094; x_wconf 87' lang='lat' dir='ltr'>gemitus</span> <span class='ocrx_word' id='word_1_207' title='bbox 1151 2036 1345 2081; x_wconf 89' lang='lat' dir='ltr'>omnium</span> <span class='ocrx_word' id='word_1_208' title='bbox 1378 2047 1419 2081; x_wconf 92' lang='lat' dir='ltr'>et</span> 
     </span>
     <span class='ocr_line' id='line_1_30' title="bbox 43 2103 1419 2170; baseline 0 -18"><span class='ocrx_word' id='word_1_209' title='bbox 43 2105 333 2170; x_wconf 88' lang='lat' dir='ltr'>quorumdam</span> <span class='ocrx_word' id='word_1_210' title='bbox 364 2115 527 2168; x_wconf 88' lang='lat' dir='ltr'>quanta</span> <span class='ocrx_word' id='word_1_211' title='bbox 567 2104 841 2166; x_wconf 85' lang='lat' dir='ltr'>blasphemia</span> <span class='ocrx_word' id='word_1_212' title='bbox 889 2103 942 2149; x_wconf 89' lang='lat' dir='ltr'>de</span> <span class='ocrx_word' id='word_1_213' title='bbox 984 2105 1178 2150; x_wconf 86' lang='lat' dir='ltr'>absentia</span> <span class='ocrx_word' id='word_1_214' title='bbox 1221 2107 1419 2152; x_wconf 88' lang='lat' dir='ltr'>ministe-</span> 
     </span>
     <span class='ocr_line' id='line_1_31' title="bbox 42 2173 1418 2237; baseline 0 -15"><span class='ocrx_word' id='word_1_215' title='bbox 42 2176 206 2222; x_wconf 87' lang='lat' dir='ltr'>riorum</span> <span class='ocrx_word' id='word_1_216' title='bbox 256 2186 298 2221; x_wconf 88' lang='lat' dir='ltr'>et</span> <span class='ocrx_word' id='word_1_217' title='bbox 334 2175 629 2220; x_wconf 85' lang='lat' dir='ltr'>ministrorum</span> <span class='ocrx_word' id='word_1_218' title='bbox 664 2178 682 2219; x_wconf 64' lang='grc' dir='ltr'>ἵ.)</span> <span class='ocrx_word' id='word_1_219' title='bbox 730 2174 838 2219; x_wconf 87' lang='lat' dir='ltr'>Vide</span> <span class='ocrx_word' id='word_1_220' title='bbox 875 2173 983 2237; x_wconf 87' lang='lat' dir='ltr'>quid</span> <span class='ocrx_word' id='word_1_221' title='bbox 1031 2173 1159 2219; x_wconf 85' lang='lat' dir='ltr'>faciat</span> <span class='ocrx_word' id='word_1_222' title='bbox 1206 2176 1418 2222; x_wconf 88' lang='lat' dir='ltr'>malorum</span> 
     </span>
     <span class='ocr_line' id='line_1_32' title="bbox 46 2244 1418 2310; baseline 0 -18"><span class='ocrx_word' id='word_1_223' title='bbox 46 2246 349 2310; x_wconf 86' lang='lat' dir='ltr'>temporalium</span> <span class='ocrx_word' id='word_1_224' title='bbox 381 2246 527 2300; x_wconf 85' lang='lat' dir='ltr'>timor,</span> <span class='ocrx_word' id='word_1_225' title='bbox 562 2255 604 2290; x_wconf 82' lang='lat' dir='ltr'>ct</span> <span class='ocrx_word' id='word_1_226' title='bbox 627 2255 791 2308; x_wconf 87' lang='lat' dir='ltr'>quanta</span> <span class='ocrx_word' id='word_1_227' title='bbox 817 2245 862 2289; x_wconf 88' lang='lat' dir='ltr'>in</span> <span class='ocrx_word' id='word_1_228' title='bbox 881 2261 930 2290; x_wconf 91' lang='lat' dir='ltr'>eo</span> <span class='ocrx_word' id='word_1_229' title='bbox 959 2244 1013 2290; x_wconf 90' lang='lat' dir='ltr'>sit</span> <span class='ocrx_word' id='word_1_230' title='bbox 1037 2245 1267 2306; x_wconf 84' lang='lat' dir='ltr'>acquisitio</span> <span class='ocrx_word' id='word_1_231' title='bbox 1290 2257 1418 2292; x_wconf 82' lang='lat' dir='ltr'>aeter-</span> 
     </span>
     <span class='ocr_line' id='line_1_33' title="bbox 44 2315 1424 2379; baseline 0 -16"><span class='ocrx_word' id='word_1_232' title='bbox 44 2334 213 2364; x_wconf 90' lang='lat' dir='ltr'>norum.</span> <span class='ocrx_word' id='word_1_233' title='bbox 243 2317 289 2362; x_wconf 87' lang='lat' dir='ltr'>Si</span> <span class='ocrx_word' id='word_1_234' title='bbox 313 2327 455 2362; x_wconf 91' lang='lat' dir='ltr'>autem</span> <span class='ocrx_word' id='word_1_235' title='bbox 488 2316 672 2360; x_wconf 87' lang='lat' dir='ltr'>ministri</span> <span class='ocrx_word' id='word_1_236' title='bbox 704 2315 869 2369; x_wconf 87' lang='lat' dir='ltr'>adsint,</span> <span class='ocrx_word' id='word_1_237' title='bbox 894 2332 977 2378; x_wconf 91' lang='lat' dir='ltr'>pro</span> <span class='ocrx_word' id='word_1_238' title='bbox 1013 2315 1203 2370; x_wconf 88' lang='lat' dir='ltr'>viribus,</span> <span class='ocrx_word' id='word_1_239' title='bbox 1235 2333 1342 2379; x_wconf 89' lang='lat' dir='ltr'>quas</span> <span class='ocrx_word' id='word_1_240' title='bbox 1365 2318 1424 2363; x_wconf 86' lang='lat' dir='ltr'>eis</span> 
     </span>
     <span class='ocr_line' id='line_1_34' title="bbox 48 2384 1421 2451; baseline 0.002 -20"><span class='ocrx_word' id='word_1_241' title='bbox 48 2387 256 2433; x_wconf 90' lang='lat' dir='ltr'>Dominus</span> <span class='ocrx_word' id='word_1_242' title='bbox 280 2387 599 2442; x_wconf 85' lang='lat' dir='ltr'>subministrat,</span> <span class='ocrx_word' id='word_1_243' title='bbox 630 2386 838 2430; x_wconf 83' lang='lat' dir='ltr'>omnibus</span> <span class='ocrx_word' id='word_1_244' title='bbox 856 2385 1141 2438; x_wconf 81' lang='lat' dir='ltr'>subvenitur3</span> <span class='ocrx_word' id='word_1_245' title='bbox 1169 2384 1240 2431; x_wconf 87' lang='lat' dir='ltr'>alii</span> <span class='ocrx_word' id='word_1_246' title='bbox 1268 2387 1421 2451; x_wconf 89' lang='lat' dir='ltr'>bapti-</span> 
     </span>
     <span class='ocr_line' id='line_1_35' title="bbox 44 2455 1425 2519; baseline 0.001 -15"><span class='ocrx_word' id='word_1_247' title='bbox 44 2469 215 2513; x_wconf 89' lang='lat' dir='ltr'>zantur,</span> <span class='ocrx_word' id='word_1_248' title='bbox 240 2457 311 2504; x_wconf 90' lang='lat' dir='ltr'>alii</span> <span class='ocrx_word' id='word_1_249' title='bbox 336 2457 689 2512; x_wconf 87' lang='lat' dir='ltr'>reconciliantur,</span> <span class='ocrx_word' id='word_1_250' title='bbox 713 2456 823 2501; x_wconf 90' lang='lat' dir='ltr'>nulli</span> <span class='ocrx_word' id='word_1_251' title='bbox 848 2455 1068 2500; x_wconf 89' lang='lat' dir='ltr'>Dominici</span> <span class='ocrx_word' id='word_1_252' title='bbox 1094 2457 1287 2519; x_wconf 91' lang='lat' dir='ltr'>corporis</span> <span class='ocrx_word' id='word_1_253' title='bbox 1308 2475 1425 2505; x_wconf 88' lang='lat' dir='ltr'>com-</span> 
     </span>
     <span class='ocr_line' id='line_1_36' title="bbox 47 2525 1421 2586; baseline 0.001 -13"><span class='ocrx_word' id='word_1_254' title='bbox 47 2529 251 2575; x_wconf 89' lang='lat' dir='ltr'>munione</span> <span class='ocrx_word' id='word_1_255' title='bbox 290 2527 571 2577; x_wconf 76' lang='lat' dir='ltr'>fraudantur,</span> <span class='ocrx_word' id='word_1_256' title='bbox 612 2544 759 2572; x_wconf 86' lang='lat' dir='ltr'>omnes</span> <span class='ocrx_word' id='word_1_257' title='bbox 790 2526 1090 2582; x_wconf 85' lang='lat' dir='ltr'>consolantur,</span> <span class='ocrx_word' id='word_1_258' title='bbox 1126 2525 1421 2586; x_wconf 83' lang='lat' dir='ltr'>aedificantur,</span> 
     </span>
     <span class='ocr_line' id='line_1_37' title="bbox 47 2596 1419 2659; baseline 0.003 -16"><span class='ocrx_word' id='word_1_259' title='bbox 47 2598 347 2656; x_wconf 82' lang='lat' dir='ltr'>exhortantur,</span> <span class='ocrx_word' id='word_1_260' title='bbox 374 2609 421 2644; x_wconf 90' lang='lat' dir='ltr'>ut</span> <span class='ocrx_word' id='word_1_261' title='bbox 458 2599 597 2643; x_wconf 88' lang='lat' dir='ltr'>Deum</span> <span class='ocrx_word' id='word_1_262' title='bbox 628 2607 810 2656; x_wconf 84' lang='lat' dir='ltr'>rogent,</span> <span class='ocrx_word' id='word_1_263' title='bbox 850 2596 924 2659; x_wconf 91' lang='lat' dir='ltr'>qui</span> <span class='ocrx_word' id='word_1_264' title='bbox 961 2607 1115 2659; x_wconf 88' lang='lat' dir='ltr'>potens</span> <span class='ocrx_word' id='word_1_265' title='bbox 1153 2607 1213 2643; x_wconf 83' lang='lat' dir='ltr'>est</span> <span class='ocrx_word' id='word_1_266' title='bbox 1247 2599 1419 2657; x_wconf 87' lang='lat' dir='ltr'>omnia,</span> 
     </span>
    </p>
   </div>
  </div>
 </body>
</html>
