1769 3235
551 308 763 338 EPlSToLA
800 311 892 341 σοι.
1319 295 1412 362 373

43 373 225 436 grinatio
249 383 433 418 transeat
455 391 466 426 ;
502 382 632 435 atque
658 373 701 418 in
732 374 889 420 virtute
915 375 1150 422 Jerusalem
1173 377 1322 424 matris
1347 394 1412 423 ae-
1477 389 1479 391 ’

44 457 177 492 ternae
194 444 460 490 securissima
485 460 592 506 pace
618 443 892 505 perfruamur
911 483 921 501 ,
951 457 992 491 et
1025 447 1067 491 in
1096 448 1292 493 turribus
1325 452 1417 508 ejus

46 513 316 562 abundantia
340 530 537 558 verorum
557 512 758 567 fratrum,
779 532 966 577 quorum
989 534 1106 563 nunc
1126 517 1237 563 inter
1261 518 1420 563 multos

46 585 171 632 falsos
189 585 397 644 gemimus
420 584 701 647 paucitatem.
735 585 848 640 Quae
876 597 938 631 est
972 598 1113 632 autem
1142 588 1280 633 virtus
1306 588 1422 634 illius

49 655 255 711 civitatis,
284 655 364 700 nisi
391 655 504 699 Deus
529 658 619 714 ejus
646 656 760 699 Deus
785 657 1094 702 nostcrpvides
1119 657 1250 717 igitur
1269 659 1312 703 in
1332 675 1421 714 quo

50 727 139 772 solo
166 727 236 771 fiet
259 743 337 788 pax
355 762 365 781 ‚
390 736 431 771 et
451 725 628 785 singulis
649 725 905 771 hominibus
925 763 935 781 ‚
969 728 1044 790 qui
1069 745 1213 773 secum
1240 717 1429 774 sine'illo

50 797 213 843 bellum
243 807 425 857 gerunt,
453 797 580 842 etiam
604 796 725 842 nulio
749 797 1008 843 extrinsecus
1031 798 1188 844 oborto
1202 799 1428 852 scandalo3

54 878 95 914 et
117 867 321 913 omnibns
344 867 499 921 simul,
521 867 597 930 qui
618 884 867 931 quanquam
887 868 929 913 in
950 868 1032 914 hac
1056 885 1099 914 se
1115 869 1203 914 vita
1224 868 1428 929 diligant,

55 950 96 986 et
117 939 318 985 amicitiae
340 939 440 984 fidae
461 939 641 983 nexibus
666 950 911 995 teneantur,
939 950 1080 985 tamen
1105 957 1184 985 nec
1205 940 1437 1003 praesentia

58 1011 254 1074 corporis
277 1029 354 1057 nec
380 1012 660 1056 consensione
679 1011 810 1056 animi
845 1028 1012 1073 summe
1048 1011 1322 1077 perfecteque
1357 1028 1437 1057 co-

58 1082 283 1146 pulantur„
327 1081 605 1128 Confortetur
643 1098 720 1127 cor
763 1092 886 1127 tuum
927 1082 972 1128 in
1006 1081 1229 1135 Domino,
1274 1098 1441 1127 memor

60 1163 209 1199 nostrl.

65 1325 180 1336 mm
189 1324 246 1334 §vt
256 1324 1000 1335 ωςιςςςνᾳςιιἋςΜῃαςΜἋινν-ωκεε
1008 1325 1123 1335 *ww
1132 1324 1270 1335 ,αα-ω·
1284 1321 1291 1326 ”
1305 1323 1377 1334 tun
1385 1324 1442 1333 §su

532 1437 795 1480 EPISTOLA
832 1438 977 1481 CCL&

70 1571 239 1610 Domino
250 1570 504 1610 dilectissimo
519 1580 559 1609 et
575 1571 789 1610 venerabili
803 1572 917 1610 fratri
931 1581 970 1610 et
989 1571 1255 1610 consacerdoti
1272 1572 1452 1617 Auxlmo,

405 1634 649 1672 Auousrlxus
672 1634 711 1671 in
737 1634 908 1671 Domino
931 1632 1114 1672 salutem.

77 1773 352 1830 Augustinus
376 1788 506 1814 senem
534 1773 720 1814 Auxilio
747 1774 941 1828 episeopo
956 1772 1142 1828 juveni,
1166 1782 1213 1812 αι
1237 1781 1315 1812 aul
1344 1787 1461 1812 ana-

136 1841 338 1882 thematis
359 1842 622 1882 sementiam
649 1842 869 1882 rescindat
885 1874 894 1888 ,
927 1850 1004 1880 au!-
1027 1841 1176 1880 doceat
1200 1839 1358 1893 quibus
1376 1841 1458 1881 ad-

138 1911 290 1950 ductus
312 1910 455 1950 causis
473 1919 591 1964 putet
609 1908 660 1950 ob
681 1910 812 1950 unius
827 1918 1054 1964 peccatum
1076 1917 1212 1949 totam
1234 1908 1461 1964 familiam

139 1977 523 2019 excommunicari
542 1992 675 2033 posse.

150 2122 184 2167 l.
229 2119 312 2165 Vm
329 2119 578 2183 spectabilis
606 2119 722 2166 filius
749 2131 892 2166 noster
927 2120 1218 2167 Classicianus
1242 2157 1254 2177 ‚
1285 2121 1473 2181 graviter

87 2190 206 2256 apud
231 2207 298 2236 me
317 2189 471 2236 litteris
493 2201 669 2254 questus
692 2201 754 2236 est
773 2229 783 2247 ‚
811 2190 931 2254 quod
948 2192 1002 2237 sit
1023 2190 1314 2237 anathematis
1341 2191 1465 2253 inJ'u-

84 2265 195 2311 riam
219 2280 243 2308 a
276 2272 352 2308 tua
385 2262 611 2308 sanctitate
637 2279 900 2327 perpessus:
938 2279 1119 2308 narrans
1152 2261 1273 2326 quod
1303 2263 1471 2309 venerit

94 2334 149 2381 ad
178 2332 404 2379 ecclesiam
428 2333 703 2397 apparitione
732 2350 979 2398 paucorum
1015 2349 1106 2379 suae
1139 2333 1344 2396 potestati
1366 2350 1478 2380 con-

96 2422 201 2467 grua
226 2403 456 2450 comitatus
470 2441 482 2461 ,
502 2415 545 2450 et
567 2405 702 2465 egerit
721 2415 885 2461 tecum,
909 2422 963 2450 ne
982 2414 1136 2450 contra
1159 2403 1340 2450 salutem
1357 2421 1479 2451 suam

96 2477 259 2524 faveres
280 2475 355 2531 eis,
384 2475 460 2539 qui
478 2492 556 2538 per
589 2476 874 2537 Evangelium
906 2475 1144 2540 peJ'erando
1162 2511 1174 2532 ‚
1212 2473 1482 2536 adjutorium

98 2545 315 2595 violandae
338 2546 440 2592 fidei
464 2546 508 2592 in
529 2547 623 2612 ipsa
652 2547 755 2595 fidei
779 2547 911 2594 domo
938 2547 1234 2612 requirebant.
1264 2547 1385 2605 Quos
1415 2557 1484 2594 ta-

152 2647 161 2671 ¹
182 2647 269 2684 Alias
285 2658 382 2682 mxv.
402 2659 473 2692 quae
495 2654 600 2681 autem
618 2650 684 2681 250
703 2654 793 2688 erat,
810 2658 897 2681 nunc
911 2649 968 2690 95.
