1769 3235
494 271 706 301 EPISTOLA
741 274 947 305 cnxxxni.
1363 263 1419 308 15

43 336 421 402 pulchritudinem
439 373 451 393 ,
491 336 654 382 excedit
705 353 876 384 omnem
928 337 1128 386 decorem
1175 340 1419 388 animarum

43 407 367 472 quantumlibet
385 411 603 468 justarum
624 418 753 471 atque
770 419 1037 464 sanctarum,
1064 411 1228 457 excedit
1245 429 1418 459 omnem

44 479 229 542 speciem
241 495 529 542 supernorum
553 479 814 539 Angelorum
833 489 963 543 atque
994 479 1228 538 Virtutum,
1256 483 1424 529 excedit

43 548 260 612 quidquid
275 548 332 595 de
341 549 415 596 illo
430 567 518 595 non
533 549 671 595 solum
690 549 867 608 dicitur,
883 551 1166 598 verumetiam
1187 552 1418 613 cogitatur.

45 620 195 683 Neque
226 620 342 666 hanc
394 631 482 666 tam
516 637 717 681 magnam
756 620 1115 684 promissionem,
1150 623 1253 686 quia
1291 623 1418 670 valde

43 707 202 750 magna
220 700 298 746 est,
321 691 418 738 ideo
438 691 740 755 desperemus;
766 693 838 738 sed
849 693 1012 758 potius,
1033 693 1137 757 quia
1160 693 1287 740 valde
1305 711 1423 754 mag-

44 777 125 807 nus
145 778 238 807 eam
260 762 478 824 promisit,
503 774 760 826 accepturos
783 779 862 809 nos
881 780 970 808 esse
1009 763 1250 811 credamus.
1297 764 1422 811 Sicut

45 831 162 878 enim
179 831 287 878 dicit
310 833 466 878 beatus
491 833 680 879 Joannes
701 833 932 897 Apostolus
951 851 960 878 :
983 854 1003 875 α
1024 834 1120 879 Filii
1145 835 1224 880 Dei
1249 851 1415 891 snmuS,

45 922 68 945 ›>
85 912 128 948 et
160 902 356 949 nondum
383 904 591 967 apparuit
613 903 720 966 quid
745 903 904 950 erimus
932 921 942 949 ε
968 925 988 946 «
1015 903 1174 950 scimus
1197 905 1300 968 quia
1319 921 1420 951 cum

45 992 68 1015 »
85 973 355 1036 apparuerit,
378 973 536 1020 similes
559 974 597 1020 ei
616 974 792 1031 erimus,
816 974 1024 1037 quoniam
1049 973 1298 1021 videbimus
1315 991 1413 1021 eum

45 1063 69 1086 ))
111 1042 240 1089 Sicuti
260 1054 322 1089 est
337 1043 370 1091 1.
393 1066 414 1087 >>

110 1112 185 1160 IV.
218 1113 319 1158 Noli
346 1114 585 1159 existimare
614 1115 830 1161 neminem
861 1115 956 1161 Deo
979 1115 1154 1179 placere
1172 1131 1323 1178 posse,
1346 1114 1426 1178 qui

43 1183 92 1229 in
115 1182 244 1228 armis
269 1182 439 1229 bellicis
463 1183 636 1229 militat.
662 1185 714 1228 In
734 1184 802 1229 his
830 1195 919 1230 erat
948 1195 1121 1231 sauctus
1146 1184 1288 1230 David
1306 1221 1316 1239 ‚
1350 1184 1426 1230 cui

45 1253 262 1300 Dominus
300 1264 389 1299 tam
421 1270 628 1314 magnum
666 1253 896 1317 perhibuit
928 1254 1237 1300 testimonium.
1272 1255 1325 1298 Iu
1356 1253 1427 1299 his

46 1323 178 1369 etiam
213 1323 396 1386 plurimi
430 1323 548 1370 illius
570 1324 777 1387 temporis
805 1324 928 1384 justi.
969 1326 1020 1370 In
1055 1325 1125 1370 his
1158 1334 1250 1370 erat
1277 1333 1319 1369 et
1354 1323 1427 1369 ille

48 1393 261 1440 Centurio
284 1395 361 1457 qui
383 1395 573 1441 Domino
599 1394 707 1441 dixit
730 1413 742 1440 ι
766 1417 785 1437 «
801 1396 898 1441 'Non
924 1412 1018 1442 sum
1043 1395 1200 1455 dignus
1226 1404 1274 1440 ut
1290 1394 1425 1440 intres

45 1463 174 1510 »sub
199 1475 363 1510 tectum
380 1482 524 1511 meum
544 1502 556 1521 ,
584 1465 658 1511 sed
685 1476 855 1512 tantum
881 1465 954 1511 dic
973 1466 1111 1511 verbo
1134 1476 1176 1510 et
1201 1464 1427 1511 sanabitur

48 1556 70 1579 >2
94 1552 205 1599 puer
224 1552 357 1582 meus.
391 1537 504 1581 Nam
523 1547 565 1582 et
586 1553 663 1596 ego
684 1537 821 1582 homo
853 1553 947 1582 sum
968 1537 1054 1582 sub
1084 1546 1294 1600 potestate
1317 1552 1426 1581 con-

49 1628 69 1648 »
94 1606 267 1652 stitutus
286 1644 297 1663 ,
333 1607 500 1652 habens
520 1608 602 1653 sub
628 1625 696 1653 me
716 1608 873 1654 milites
888 1645 899 1664 ‚
920 1618 960 1653 et
984 1607 1087 1654 dico
1104 1607 1211 1653 huic
1235 1625 1245 1653 :
1275 1606 1396 1652 Vade
1412 1644 1423 1663 ‚

49 1698 70 1719 »
93 1687 135 1723 et
158 1676 306 1731 vadit·,
332 1688 374 1723 et
410 1677 483 1723 alii
512 1696 523 1723 :
562 1678 697 1734 Veni,
722 1690 764 1725 et
786 1678 934 1733 venit3
962 1689 1003 1725 et
1027 1695 1149 1725 servo
1180 1695 1275 1724 meo
1301 1695 1312 1723 ε
1342 1678 1427 1723 Fac

50 1768 73 1791 »
93 1747 182 1794 hoc
198 1784 212 1802 ,
245 1757 286 1793 et
315 1747 420 1794 facit
439 1749 457 1777 2
480 1766 491 1793 :
517 1770 538 1791 »
559 1748 614 1794 de
637 1766 726 1813 quo
761 1760 802 1796 et
840 1750 1054 1795 Dominus
1082 1767 1093 1794 :
1121 1770 1141 1790 «
1166 1752 1303 1794 Amen
1325 1748 1427 1793 dico

49 1839 71 1860 »
95 1817 220 1864 vohis
236 1854 246 1872 ‚
272 1834 361 1863 non
374 1818 519 1865 inveni
546 1830 710 1865 tantam
732 1819 862 1864 fidem
884 1820 929 1865 in
952 1819 1101 1865 Isra‘e‘l.
1128 1840 1148 1861 »
1176 1819 1228 1863 In
1252 1818 1322 1863 his
1337 1828 1428 1863 erat

50 1898 92 1934 et
110 1886 180 1933 ille
205 1887 433 1934 Cornelius
448 1924 460 1945 ‚
491 1889 548 1935 ad
564 1906 695 1952 quem
721 1888 874 1935 missus
896 1889 1085 1948 Angelus
1099 1888 1205 1934 dixit
1228 1905 1240 1933 ε
1267 1909 1286 1930 »
1311 1887 1429 1933 Cor-

51 1979 74 2001 »
96 1958 208 2013 neli,
236 1969 426 2021 acceptae
442 1971 542 2005 sunt
561 1960 848 2022 eleemosynae
868 1970 983 2015 tuae,
1015 1970 1056 2005 et
1081 1959 1297 2005 exauditae
1326 1969 1429 2004 sunt

50 2051 72 2072 ›>
96 2028 308 2075 orationes
339 2030 460 2076 tuae³
484 2048 497 2075 τ
521 2052 541 2072 »
566 2031 643 2076 ubi
674 2047 772 2076 eum
796 2030 1049 2087 admonuit,
1091 2041 1139 2076 ut
1169 2029 1223 2075 ad
1248 2030 1429 2075 beatum

50 2103 228 2146 Petrum
247 2101 494 2163 apostolum
522 2101 710 2147 mitteret
725 2138 736 2157 ‚
759 2112 800 2147 et
819 2101 874 2147 ab
892 2100 967 2146 illo
985 2100 1153 2146 audiret
1174 2117 1274 2164 quae
1290 2099 1430 2145 facere

52 2170 255 2226 deheret3
283 2170 337 2217 ad
358 2188 489 2234 quem
516 2172 775 2235 Apostolum
791 2209 802 2223 ,
830 2182 878 2217 ut
899 2171 953 2217 ad
969 2188 1065 2217 eum
1092 2172 1280 2226 veniret,
1300 2171 1431 2216 etiam

51 2240 300 2301 religiosum
318 2241 498 2288 militem
522 2243 653 2289 misit.
682 2244 733 2287 ln
754 2242 822 2287 his
841 2252 964 2287 erant
988 2253 1029 2287 et
1050 2241 1137 2297 illi,
1167 2242 1244 2305 qui
1274 2241 1430 2304 bapti-

54 2311 182 2361 zaudi
205 2328 307 2357 cum
329 2313 544 2358 venissent
569 2312 624 2358 ad
645 2317 855 2358 Joannem
877 2322 1075 2358 sanctum
1108 2311 1286 2357 Domini
1308 2328 1429 2374 prae-

55 2398 272 2428 cursorem
297 2392 338 2427 et
366 2383 557 2428 amicum
581 2383 752 2446 sponsi,
792 2382 845 2428 de
869 2398 958 2446 quo
983 2383 1196 2428 Dominus
1222 2382 1313 2446 ipse
1334 2383 1393 2428 ait
1415 2400 1426 2426 :

57 2474 77 2495 «
91 2454 145 2500 ln
156 2454 268 2500 natis
282 2453 514 2501 mulierum
528 2471 616 2501 non
627 2455 806 2501 surrexit
818 2457 956 2515 major
972 2458 1134 2500 Joanne
1149 2454 1344 2518 Baptista
1354 2454 1391 2509 l⁸3
1407 2477 1427 2498 υ

103 2553 115 2576 ¹
139 2564 153 2585 1
182 2555 276 2586 Joan.
306 2565 359 2596 ιη,
387 2565 418 2587 2.
442 2572 485 2581 -
513 2553 528 2577 2
557 2554 676 2590 Matth.
704 2566 788 2596 vui,
809 2556 840 2590 8.
860 2573 907 2582 —
933 2553 948 2580 3
971 2552 1045 2592 Act.
1073 2567 1118 2599 x,
1148 2561 1182 2593 4.
1210 2573 1251 2582 -
1279 2553 1431 2590 ίΜᾱῐὼ.

57 2619 117 2651 xx,
146 2619 199 2640 11.
