1769 3235
324 247 380 301 ¹4
720 256 755 286 s.
799 253 1044 285 Aueus‘rlm
1080 254 1284 287 EPISCOPI

319 323 488 369 derium
510 319 743 376 retardare,
769 319 953 366 Domine
967 319 1136 377 eximie,
1160 330 1203 366 et
1227 319 1382 367 merito
1404 319 1582 381 insignis
1621 332 1692 367 at-

317 409 403 456 que
416 390 685 438 honorabilis
700 389 778 436 fili.

382 463 441 509 11.
470 460 602 519 Quod
621 477 722 521 ergo
739 459 931 506 breviter
947 475 1127 523 possum
1153 459 1314 515 dicere,
1335 481 1356 502 α
1374 460 1515 521 Dilige
1534 460 1692 506 Domi-

318 554 339 574 »
356 549 464 580 num
485 533 625 578 Deum
660 542 785 577 tuum
808 531 853 576 in
877 541 969 577 toto
1010 530 1142 577 corde
1171 541 1248 577 tuo
1264 567 1276 588 ‚
1304 541 1346 577 et
1369 531 1414 577 in
1439 541 1530 578 tota
1550 531 1693 577 anima

316 624 338 646 »
354 613 446 660 tua,
469 613 510 649 et
526 603 571 649 in
596 612 684 649 tota
721 602 880 649 virtute
912 613 1013 657 tua;
1048 612 1092 648 et
1128 601 1259 662 dilige
1280 602 1526 665 proximum
1565 612 1692 648 tuum

316 695 339 717 ³>
356 684 565 742 tanquam
585 685 624 719 te
643 673 788 737 ipsum
807 671 841 720 ².
868 694 889 715 »
911 673 1007 719 Hoc
1024 683 1084 719 est
1107 673 1223 718 enim
1247 673 1431 719 verbum
1453 671 1575 736 quod
1587 673 1692 718 bre-

314 744 451 791 viavit
478 744 690 789 Dominus
708 753 1030 807 superterram,
1064 742 1212 789 dicens
1230 742 1276 788 in
1301 742 1533 803 Evangelio
1560 759 1571 787 ε
1597 764 1618 784 «
1637 742 1690 787 In

316 836 337 857 »
361 814 430 861 his
446 814 620 861 duobus
645 814 879 878 praeceptis
899 823 990 859 tota
1016 814 1100 858 Lex
1119 812 1280 876 pendet
1301 822 1344 858 et
1361 813 1599 876 Prophetae
1617 813 1651 858 ².
1670 831 1692 854 ⁷>

316 887 368 931 In
399 885 485 931 hac
509 902 609 945 ergo
648 885 881 931 dilectione
916 884 1112 948 quotidie
1149 885 1332 947 profice,
1376 894 1418 930 et
1441 884 1625 940 orando,
1651 893 1693 929 et

313 956 425 1001 bene
440 955 625 1017 agendo,
648 966 698 1002 ut
716 956 811 1020 ipso
826 955 1078 1016 adjuvante,
1100 955 1178 1016 qui
1192 955 1276 1000 tibi
1290 971 1382 1000 eam
1397 955 1610 1018 praecepit
1630 964 1692 1000 at-

314 1042 398 1089 que
419 1026 616 1082 donavit,
641 1026 879 1082 nutriatur,
902 1036 944 1070 et
958 1034 1139 1080 crescat,
1164 1023 1302 1070 donec
1327 1024 1426 1070 haec
1445 1035 1486 1070 te
1504 1025 1692 1088 perfecta

309 1096 522 1159 perficiat.
544 1097 644 1158 Ipsa
665 1106 726 1141 est
744 1095 860 1141 enim
887 1116 908 1137 «
924 1094 1142 1149 Charitas,
1172 1109 1273 1157 quae
1297 1094 1439 1157 (sicut
1459 1094 1691 1158 Apostolus

310 1165 440 1226 dicit)
464 1165 619 1211 diffusa
638 1166 683 1211 in
716 1165 925 1212 cordibus
943 1165 1100 1210 nostris
1120 1181 1198 1228 per
1224 1164 1439 1227 Spiritum
1470 1176 1686 1222 sanctum,

313 1257 335 1279 »
355 1236 430 1300 qui
446 1235 574 1282 datus
590 1246 651 1282 est
664 1236 791 1282 nobis
805 1237 838 1282 3.
860 1257 880 1277 »
900 1236 1000 1300 Ipsa
1016 1246 1077 1281 est
1097 1235 1150 1281 de
1170 1251 1256 1298 qua
1275 1235 1377 1281 item
1396 1235 1504 1281 dicit
1525 1253 1536 1280 ι
1557 1257 1576 1277 «
1594 1235 1690 1282 Ple-

315 1329 335 1349 »
360 1306 516 1352 nitudo
541 1307 665 1366 Legis
684 1306 874 1352 charitas
892 1305 926 1352 4.
947 1327 967 1348 »
995 1307 1095 1369 Ipsa
1122 1316 1184 1351 est
1210 1323 1290 1368 per
1305 1322 1436 1369 quam
1459 1305 1565 1352 fides
1579 1323 1690 1369 ope-

310 1387 456 1433 ratur3
476 1376 591 1423 unde
610 1377 767 1423 iterum
781 1376 889 1423 dicit
912 1394 922 1422 :
945 1397 966 1418 c<
985 1376 1135 1440 Neque
1148 1376 1423 1422 circumcisio
1446 1376 1689 1440 quidquam

308 1470 330 1492 ›>
350 1448 482 1504 valet,
507 1464 647 1510 neque
661 1447 935 1511 praeputium
957 1446 1058 1500 ;sed
1077 1446 1182 1493 fides
1197 1463 1296 1511 quae
1314 1464 1392 1511 per
1412 1446 1687 1495 dilectionem

310 1540 332 1560 ))
356 1527 561 1581 operatur
576 1517 610 1564 5.

372 1589 454 1633 Ill.
480 1589 530 1633 In
554 1589 639 1635 hac
660 1605 760 1650 ergo
779 1605 926 1634 omnes
952 1587 1086 1633 sancti
1116 1588 1264 1633 Patres
1288 1586 1422 1633 nostri
1439 1597 1481 1633 et
1498 1587 1687 1633 Patriar·

305 1658 405 1704 chae
427 1668 468 1704 et
491 1659 730 1722 Prophetae
744 1669 786 1704 et
806 1658 1003 1722 Apostoli
1016 1658 1280 1721 placuerunt
1301 1658 1403 1704 Deo.
1431 1659 1483 1703 In
1497 1657 1581 1704 hac
1595 1675 1686 1704 om-

301 1746 375 1775 nes
390 1729 479 1776 veri
503 1730 714 1793 Martyres
744 1746 877 1793 usque
905 1728 959 1774 ad
991 1729 1244 1788 sanguinem
1271 1739 1425 1773 contra
1449 1727 1682 1777 diabolum
1755 1783 1757 1790 A

302 1810 575 1847 certaverunt
592 1821 604 1856 ;
624 1811 665 1846 et
686 1800 790 1864 quia
806 1800 851 1845 in
868 1799 925 1845 eis
950 1816 1039 1845 non
1063 1799 1260 1860 refriguit
1285 1816 1362 1845 nee
1383 1797 1560 1856 defecit,
1585 1798 1685 1850 ideo
1753 1799 1769 1866 J*

300 1870 514 1917 vicerunt.
549 1872 600 1915 ln
618 1871 705 1916 hac
725 1886 874 1916 omnes
893 1868 1041 1915 fideles
1068 1870 1175 1915 boni
1199 1868 1395 1932 quotidie
1419 1869 1680 1933 proficiunt,
1753 1873 1755 1880 ’

300 1941 525 2005 pervenire
553 1941 775 2005 cupientes
803 1958 892 1986 non
918 1939 973 1985 ad
995 1956 1176 2000 regnum
1216 1939 1481 1999 mortalium,
1525 1939 1599 1986 sed
1630 1940 1684 1987 ad
1752 1970 1753 2005 3

298 2006 479 2071 regnum
514 2011 756 2067 coelorum3
792 2027 879 2056 non
912 2010 965 2055 ad
1007 2009 1308 2072 temporalem,
1337 2010 1410 2056 sed
1439 2009 1492 2056 ad
1518 2011 1683 2080 sempi-
1750 2006 1753 2056 ,ἶ

306 2093 468 2128 ternam
493 2081 821 2136 haereditatem3
850 2098 938 2127 non
954 2080 1006 2126 ad
1025 2097 1177 2127 aurum
1199 2092 1241 2126 et
1259 2092 1503 2141 argentum,
1527 2082 1601 2128 sed
1627 2083 1684 2129 ad
1750 2089 1751 2094 ’

300 2152 473 2200 divitias
497 2152 852 2216 incorruptibiles
883 2151 1170 2211 Ang·elorum;
1202 2169 1290 2197 non
1325 2151 1380 2198 ad
1400 2152 1545 2217 aliqua
1562 2153 1682 2200 bona

300 2223 436 2284 hujus
459 2223 625 2280 saeculi,
650 2223 694 2268 in
709 2223 870 2286 quibus
890 2239 991 2268 cum
1009 2222 1162 2269 timore
1185 2223 1364 2281 vivitur,
1383 2241 1461 2269 nec
1484 2241 1532 2270 ea
1556 2225 1680 2289 quis-
1747 2238 1748 2245 ¹

294 2310 428 2358 quam
447 2310 593 2340 secum
617 2304 758 2358 potest
786 2292 951 2339 auferre
971 2292 1077 2338 dum
1102 2294 1285 2339 moritur
1302 2331 1312 2350 ,
1350 2293 1423 2340 sed
1450 2293 1503 2339 ad
1527 2294 1680 2342 viden-

299 2363 406 2410 dum
427 2365 569 2409 Deum
590 2381 600 2408 ε
624 2367 749 2424 euJus
782 2363 970 2409 suavitas
993 2374 1034 2408 et
1058 2362 1288 2410 delectatio
1319 2364 1485 2414 excedit
1507 2381 1679 2412 omnem

299 2453 387 2483 non
405 2435 544 2481 solum
569 2434 850 2491 terrestrium,
872 2434 1154 2480 verumetiam
1176 2434 1419 2481 coelestium
1440 2452 1679 2500 corporum

345 2535 494 2569 ¹Manh.
522 2547 604 2575 xxxi,
623 2537 677 2576 37.
696 2553 738 2560 —
759 2532 774 2557 ²
794 2533 878 2566 lbid.
898 2540 953 2572 40.
982 2550 1021 2558 ——-
1042 2531 1056 2557 3
1076 2536 1170 2567 Rom.
1197 2546 1225 2574 v,
1247 2535 1277 2566 5.
1303 2553 1347 2560 —-
1365 2533 1378 2557 ⁴
1393 2535 1443 2570 1d.
1462 2546 1537 2579 xut,
1557 2547 1608 2572 ιο,
1633 2553 1678 2560 -
1740 2581 1741 2586 1

297 2590 310 2615 ⁵
331 2591 441 2625 Galat.
462 2601 494 2632 v,
511 2592 545 2624 6.
