1769 3235
328 255 419 302 560
751 272 786 303 s.
831 271 1074 303 Auoosrlm
1113 273 1314 306 Emscorl

329 427 819 440 mmm-”mmmmm
826 427 1188 439 mmnmaemusm
1198 428 1249 440 Μ
1258 429 1331 440 :ms
1338 428 1433 440 »παὶ-ἱ
1439 429 1492 440 νῆ’·
1499 428 1680 440 usszzsn

860 535 1035 579 CAPUT
1068 536 1172 580 LIV.

697 664 1010 713 Locutioncem,
1046 663 1152 705 libri
1169 673 1340 719 septem.

404 789 578 835 SEPTEM
601 787 736 834 libros
765 789 819 834 de
841 800 1004 851 septem
1033 786 1156 832 libris
1180 786 1426 832 divinarum
1452 788 1705 852 Scriptura-

335 876 452 914 rum,
469 859 616 911 idest,
637 860 775 921 Moysi
794 859 1003 922 quinque,
1039 867 1081 902 et
1103 874 1188 902 uno
1222 861 1319 903 Jesu
1344 859 1460 903 Nave
1480 896 1489 914 ‚
1513 870 1553 904 et
1573 859 1706 905 altero

335 930 545 975 Judicum
586 929 668 974 feci
690 966 700 984 ‚
754 928 912 973 notatis
956 928 1253 973 locutionibus
1305 928 1573 988 singulorum
1609 946 1707 992 quae

335 1000 479 1046 minus
513 1000 681 1044 usitatae
715 1010 816 1043 sunt
842 999 1002 1058 linguae
1027 1009 1212 1051 nostrae3
1247 1016 1354 1061 quas
1376 1017 1530 1062 parum
1555 999 1706 1044 adver-

336 1070 467 1115 tendo
485 1106 496 1125 ,
519 1087 686 1115 sensum
708 1080 913 1132 quaerunt
936 1069 1012 1131 qui
1039 1069 1214 1128 legunt,
1246 1069 1495 1114 divinorum
1518 1070 1709 1133 eloquio-

337 1159 460 1197 rum,
491 1158 590 1185 cum
616 1141 669 1186 sit
693 1140 926 1185 locutionis
950 1157 1082 1199 genus
1101 1177 1110 1195 ‚
1139 1151 1180 1185 et
1214 1157 1526 1204 nonnunquam
1557 1141 1710 1186 excul-

338 1223 447 1276 punt
476 1212 644 1274 aliquid
678 1212 800 1274 quod
839 1230 860 1257 a
899 1212 1078 1257 veritate
1109 1211 1284 1274 quidem
1321 1229 1408 1257 non
1445 1212 1708 1266 abliorrcat3

338 1301 426 1328 non
458 1294 601 1328 tamen
636 1282 681 1328 id
714 1283 888 1328 sensisse
926 1293 1079 1327 auctor
1105 1299 1128 1326 a
1153 1299 1241 1345 quo
1278 1282 1364 1328 hoc
1399 1283 1612 1346 scriptum
1649 1293 1711 1328 est

337 1353 583 1407 invenitur,
624 1353 697 1398 sed
731 1370 882 1412 genere
905 1351 1141 1397 locutionis
1164 1352 1251 1397 hoc
1281 1352 1432 1398 dixisse
1456 1353 1711 1398 credibilius

337 1433 534 1487 apparet.
578 1422 719 1467 Multa
757 1434 899 1468 autem
939 1423 984 1467 in
1013 1423 1254 1485 Scripturis
1292 1424 1450 1468 sanctis
1488 1424 1706 1479 obscura,

338 1494 513 1554 cognito
563 1493 800 1538 locutionis
845 1510 995 1552 genere
1027 1492 1316 1541 dilucescunt.
1360 1496 1546 1557 Propter
1590 1494 1710 1557 quod

335 1563 636 1625 cognoscenda
658 1575 757 1609 sunt
779 1563 927 1609 eadem
958 1581 1110 1623 genera
1133 1563 1405 1610 locutionum
1435 1565 1511 1611 ubi
1536 1576 1710 1611 senten—

339 1637 411 1682 tiae
435 1646 614 1698 patent,
643 1646 691 1680 ut
720 1636 848 1679 etiam
874 1635 953 1680 ubi
975 1635 1112 1679 latent
1135 1635 1326 1694 cognitio
1345 1636 1437 1699 ipsa
1455 1648 1707 1691 succurrat,

337 1707 726 1772 easqueintentioni
741 1707 916 1767 legentis
938 1708 1271 1771 aperiat.Hujus
1293 1710 1448 1773 Operis
1461 1709 1610 1755 titulus
1622 1720 1706 1755 est:

337 1783 618 1824 Locutc'ones
643 1777 701 1823 cle
719 1780 905 1833 Genesi,
928 1789 1053 1842 atque
1073 1778 1132 1823 ita
1147 1778 1200 1824 de
1219 1779 1397 1839 singulis
1415 1779 1553 1826 libris.
1579 1779 1710 1836 Quod

337 1859 479 1894 autem
505 1849 550 1894 in
574 1848 716 1912 primo
745 1847 859 1893 libro
895 1849 1021 1912 posui
1052 1849 1264 1912 scriptum
1302 1867 1388 1896 esse
1426 1868 1436 1895 ε
1477 1871 1497 1892 α
1520 1851 1575 1895 Et
1609 1850 1711 1896 fecit

335 1940 355 1961 >2
385 1921 479 1966 No&
503 1921 648 1965 omnia
670 1918 802 1965 verba
827 1936 1118 1982 quaecumque
1141 1921 1355 1984 praecepit
1381 1921 1445 1967 illi
1466 1922 1678 1966 Dominus
1695 1958 1706 1977 ‚

335 2011 355 2032 »
379 1991 439 2036 sic
466 1989 665 2044 feeit1;»
690 2007 871 2053 eamque
905 1990 1170 2036 locutionem
1198 1990 1284 2036 dixi
1310 2009 1396 2037 esse
1430 1992 1610 2037 similem
1637 1992 1675 2037 ci
1695 2029 1706 2048 ‚

332 2061 451 2124 quod
477 2062 523 2106 in
547 2060 798 2106 conditione
830 2072 1040 2107 creaturae
1073 2072 1359 2124 posteaquam
1395 2062 1558 2108 dicitur
1576 2100 1586 2119 ,
1614 2084 1634 2104 c<
1656 2064 1711 2108 Et

336 2153 355 2173 »
375 2132 435 2177 sic
454 2131 702 2177 estfactum
717 2129 730 2150 ²
749 2167 760 2186 2
780 2151 800 2171 »
824 2130 1001 2175 additur
1020 2169 1030 2185 ,
1062 2133 1241 2188 esses-it
1267 2134 1422 2177 Deus.-
1446 2154 1466 2173 »
1485 2150 1573 2177 non
1591 2132 1710 2177 omni

336 2202 466 2247 modo
491 2201 627 2248 simile
659 2202 747 2247 hoc
770 2201 906 2246 eidem
933 2201 1041 2246 mihi
1064 2201 1249 2248 videtur.
1277 2204 1475 2267 Denique
1499 2204 1559 2248 ibi
1579 2204 1706 2249 etiam

334 2290 480 2318 sensus
500 2272 634 2326 latet,
663 2273 737 2318 hic
763 2273 850 2318 sola
872 2273 1035 2318 locutio
1065 2283 1140 2319 est.
1172 2273 1269 2319 Hoc
1290 2274 1415 2337 Opus
1431 2275 1491 2320 sic
1512 2275 1670 2338 incipit
1694 2291 1704 2319 ε

334 2346 608 2389 Lac-aciones
629 2346 992 2406 Serz'ptm‘arzmz.

385 2445 393 2466 ¹
413 2447 493 2476 Gen.
512 2455 555 2482 vr,
571 2455 628 2477 22.
649 2442 789 2476 -21d.
816 2455 841 2475 x.
