<?xml version="1.0" encoding="UTF-8"?>
<!DOCTYPE html PUBLIC "-//W3C//DTD XHTML 1.0 Transitional//EN"
    "http://www.w3.org/TR/xhtml1/DTD/xhtml1-transitional.dtd">
<html xmlns="http://www.w3.org/1999/xhtml" xml:lang="en" lang="en">
 <head>
  <title>
</title>
<meta http-equiv="Content-Type" content="text/html;charset=utf-8" />
  <meta name='ocr-system' content='tesseract 3.04.00' />
  <meta name='ocr-capabilities' content='ocr_page ocr_carea ocr_par ocr_line ocrx_word'/>
</head>
<body>
  <div class='ocr_page' id='page_1' title='image "./operaomniaaccura41auguuoft/operaomniaaccura41auguuoft_0236.png"; bbox 0 0 1769 3235; ppageno 0'>
   <div class='ocr_carea' id='block_1_1' title="bbox 324 301 1303 340">
    <p class='ocr_par' dir='ltr' id='par_1_1' title="bbox 324 301 1303 340">
     <span class='ocr_line' id='line_1_1' title="bbox 324 301 1303 340; baseline 0.001 0"><span class='ocrx_word' id='word_1_1' title='bbox 324 308 415 340; x_wconf 75' lang='lat'>222</span> <span class='ocrx_word' id='word_1_2' title='bbox 742 307 776 336; x_wconf 82' lang='grc'>5.</span> <span class='ocrx_word' id='word_1_3' title='bbox 820 301 1063 338; x_wconf 68' lang='lat' dir='ltr'><strong>AUGUSTINI</strong></span> <span class='ocrx_word' id='word_1_4' title='bbox 1099 302 1303 340; x_wconf 74' lang='lat' dir='ltr'>EPISCOPI</span> 
     </span>
    </p>
   </div>
   <div class='ocr_carea' id='block_1_2' title="bbox 324 372 1701 496">
    <p class='ocr_par' dir='ltr' id='par_1_2' title="bbox 324 372 1701 496">
     <span class='ocr_line' id='line_1_2' title="bbox 324 372 1698 438; baseline 0.008 -23"><span class='ocrx_word' id='word_1_5' title='bbox 324 396 345 416; x_wconf 75' lang='lat'>&gt;2</span> <span class='ocrx_word' id='word_1_6' title='bbox 367 373 507 420; x_wconf 81' lang='lat' dir='ltr'>ritatis</span> <span class='ocrx_word' id='word_1_7' title='bbox 539 388 646 418; x_wconf 85' lang='lat' dir='ltr'>suae.</span> <span class='ocrx_word' id='word_1_8' title='bbox 670 393 691 414; x_wconf 82' lang='lat'>›&gt;</span> <span class='ocrx_word' id='word_1_9' title='bbox 730 372 962 436; x_wconf 78' lang='lat' dir='ltr'>Responde</span> <span class='ocrx_word' id='word_1_10' title='bbox 1000 376 1222 438; x_wconf 87' lang='lat' dir='ltr'>quomodo</span> <span class='ocrx_word' id='word_1_11' title='bbox 1260 377 1313 422; x_wconf 83' lang='lat' dir='ltr'>ad</span> <span class='ocrx_word' id='word_1_12' title='bbox 1339 377 1646 425; x_wconf 75' lang='lat' dir='ltr'>declinandum</span> <span class='ocrx_word' id='word_1_13' title='bbox 1675 385 1698 428; x_wconf 60' lang='grc' dir='ltr'>ἑ</span> 
     </span>
     <span class='ocr_line' id='line_1_3' title="bbox 324 442 1701 496; baseline 0.004 -7"><span class='ocrx_word' id='word_1_14' title='bbox 324 444 466 496; x_wconf 73' lang='lat' dir='ltr'>malo,</span> <span class='ocrx_word' id='word_1_15' title='bbox 501 454 543 488; x_wconf 87' lang='lat' dir='ltr'>et</span> <span class='ocrx_word' id='word_1_16' title='bbox 568 442 814 489; x_wconf 87' lang='lat' dir='ltr'>faciendum</span> <span class='ocrx_word' id='word_1_17' title='bbox 839 443 1003 489; x_wconf 86' lang='lat' dir='ltr'>bonum</span> <span class='ocrx_word' id='word_1_18' title='bbox 1040 445 1227 492; x_wconf 85' lang='lat' dir='ltr'>liberum</span> <span class='ocrx_word' id='word_1_19' title='bbox 1263 447 1536 494; x_wconf 81' lang='lat' dir='ltr'>habebamus</span> <span class='ocrx_word' id='word_1_20' title='bbox 1571 450 1701 496; x_wconf 87' lang='lat' dir='ltr'>arbi-·</span> 
     </span>
    </p>
   </div>
   <div class='ocr_carea' id='block_1_3' title="bbox 325 513 1701 654">
    <p class='ocr_par' dir='ltr' id='par_1_3' title="bbox 325 513 1701 654">
     <span class='ocr_line' id='line_1_4' title="bbox 325 513 1700 577; baseline 0.005 -18"><span class='ocrx_word' id='word_1_21' title='bbox 325 514 456 560; x_wconf 89' lang='lat' dir='ltr'>trium</span> <span class='ocrx_word' id='word_1_22' title='bbox 470 551 481 569; x_wconf 84' lang='lat'>‚</span> <span class='ocrx_word' id='word_1_23' title='bbox 507 513 684 577; x_wconf 91' lang='lat' dir='ltr'>quando</span> <span class='ocrx_word' id='word_1_24' title='bbox 703 525 793 559; x_wconf 86' lang='lat' dir='ltr'>erat</span> <span class='ocrx_word' id='word_1_25' title='bbox 811 514 891 559; x_wconf 91' lang='lat' dir='ltr'>sub</span> <span class='ocrx_word' id='word_1_26' title='bbox 916 524 1128 577; x_wconf 79' lang='lat' dir='ltr'><strong>potestate</strong></span> <span class='ocrx_word' id='word_1_27' title='bbox 1155 517 1433 564; x_wconf 82' lang='lat' dir='ltr'>tenebrarum</span> <span class='ocrx_word' id='word_1_28' title='bbox 1452 521 1469 564; x_wconf 67' lang='lat'>,³</span> <span class='ocrx_word' id='word_1_29' title='bbox 1491 519 1607 565; x_wconf 91' lang='lat' dir='ltr'>unde</span> <span class='ocrx_word' id='word_1_30' title='bbox 1624 524 1700 567; x_wconf 80' lang='lat' dir='ltr'>nos</span> 
     </span>
     <span class='ocr_line' id='line_1_5' title="bbox 326 584 1701 654; baseline 0.006 -24"><span class='ocrx_word' id='word_1_31' title='bbox 326 585 360 630; x_wconf 89' lang='lat' dir='ltr'>si</span> <span class='ocrx_word' id='word_1_32' title='bbox 379 622 389 641; x_wconf 84' lang='lat'><strong><em>‚</em></strong></span> <span class='ocrx_word' id='word_1_33' title='bbox 411 585 780 648; x_wconf 79' lang='lat' dir='ltr'>quemadmodum</span> <span class='ocrx_word' id='word_1_34' title='bbox 809 584 916 631; x_wconf 89' lang='lat' dir='ltr'>dicit</span> <span class='ocrx_word' id='word_1_35' title='bbox 937 587 1168 650; x_wconf 82' lang='lat' dir='ltr'>Apostolus</span> <span class='ocrx_word' id='word_1_36' title='bbox 1183 625 1193 644; x_wconf 78' lang='lat'><strong>‚</strong></span> <span class='ocrx_word' id='word_1_37' title='bbox 1225 609 1243 629; x_wconf 86' lang='lat'>«</span> <span class='ocrx_word' id='word_1_38' title='bbox 1265 589 1378 634; x_wconf 88' lang='lat' dir='ltr'>Deus</span> <span class='ocrx_word' id='word_1_39' title='bbox 1401 590 1540 645; x_wconf 87' lang='lat' dir='ltr'>eruit,</span> <span class='ocrx_word' id='word_1_40' title='bbox 1572 612 1590 632; x_wconf 82' lang='lat'>›&gt;</span> <span class='ocrx_word' id='word_1_41' title='bbox 1609 590 1701 654; x_wconf 73' lang='lat' dir='ltr'>ipse</span> 
     </span>
    </p>
   </div>
   <div class='ocr_carea' id='block_1_4' title="bbox 327 654 1729 719">
    <p class='ocr_par' dir='ltr' id='par_1_4' title="bbox 327 654 1729 719">
     <span class='ocr_line' id='line_1_6' title="bbox 327 654 1729 719; baseline 0.004 -19"><span class='ocrx_word' id='word_1_42' title='bbox 327 656 478 719; x_wconf 90' lang='lat' dir='ltr'>utique</span> <span class='ocrx_word' id='word_1_43' title='bbox 498 655 609 702; x_wconf 91' lang='lat' dir='ltr'>illud</span> <span class='ocrx_word' id='word_1_44' title='bbox 627 655 813 701; x_wconf 89' lang='lat' dir='ltr'>liberum</span> <span class='ocrx_word' id='word_1_45' title='bbox 850 654 964 702; x_wconf 89' lang='lat' dir='ltr'>fecit.</span> <span class='ocrx_word' id='word_1_46' title='bbox 997 657 1129 712; x_wconf 81' lang='lat' dir='ltr'>Quod</span> <span class='ocrx_word' id='word_1_47' title='bbox 1150 668 1234 702; x_wconf 86' lang='lat' dir='ltr'>tam</span> <span class='ocrx_word' id='word_1_48' title='bbox 1262 674 1466 718; x_wconf 85' lang='lat' dir='ltr'>magnum</span> <span class='ocrx_word' id='word_1_49' title='bbox 1499 670 1697 706; x_wconf 87' lang='lat' dir='ltr'>nostrum</span> <span class='ocrx_word' id='word_1_50' title='bbox 1726 680 1729 681; x_wconf 44' lang='lat'><em>⁷</em></span> 
     </span>
    </p>
   </div>
   <div class='ocr_carea' id='block_1_5' title="bbox 328 725 1718 2627">
    <p class='ocr_par' dir='ltr' id='par_1_5' title="bbox 328 725 1718 2627">
     <span class='ocr_line' id='line_1_7' title="bbox 328 725 1702 790; baseline 0.004 -20"><span class='ocrx_word' id='word_1_51' title='bbox 328 726 495 772; x_wconf 90' lang='lat' dir='ltr'>bonum</span> <span class='ocrx_word' id='word_1_52' title='bbox 509 761 520 782; x_wconf 86' lang='lat'>‚</span> <span class='ocrx_word' id='word_1_53' title='bbox 539 726 572 771; x_wconf 90' lang='lat' dir='ltr'>si</span> <span class='ocrx_word' id='word_1_54' title='bbox 586 743 664 790; x_wconf 91' lang='lat' dir='ltr'>per</span> <span class='ocrx_word' id='word_1_55' title='bbox 680 743 768 771; x_wconf 85' lang='lat' dir='ltr'>suae</span> <span class='ocrx_word' id='word_1_56' title='bbox 786 725 998 771; x_wconf 85' lang='lat' dir='ltr'>doctrinae</span> <span class='ocrx_word' id='word_1_57' title='bbox 1015 726 1375 790; x_wconf 55' lang='lat' dir='ltr'>praedicationem</span> <span class='ocrx_word' id='word_1_58' title='bbox 1394 729 1702 776; x_wconf 77' lang='lat' dir='ltr'>tantummodo</span> 
     </span>
     <span class='ocr_line' id='line_1_8' title="bbox 328 794 1704 862; baseline 0.003 -21"><span class='ocrx_word' id='word_1_59' title='bbox 328 794 430 842; x_wconf 82' lang='lat' dir='ltr'>facit</span> <span class='ocrx_word' id='word_1_60' title='bbox 455 814 466 842; x_wconf 72' lang='grc' dir='ltr'>ε</span> <span class='ocrx_word' id='word_1_61' title='bbox 495 797 601 860; x_wconf 87' lang='lat' dir='ltr'>quid</span> <span class='ocrx_word' id='word_1_62' title='bbox 618 797 671 842; x_wconf 91' lang='lat' dir='ltr'>de</span> <span class='ocrx_word' id='word_1_63' title='bbox 693 797 742 841; x_wconf 87' lang='lat' dir='ltr'>iis</span> <span class='ocrx_word' id='word_1_64' title='bbox 763 795 954 841; x_wconf 81' lang='lat' dir='ltr'>dicemus</span> <span class='ocrx_word' id='word_1_65' title='bbox 971 833 980 851; x_wconf 80' lang='lat'><strong><em>‚</em></strong></span> <span class='ocrx_word' id='word_1_66' title='bbox 1006 813 1114 858; x_wconf 85' lang='lat' dir='ltr'>quos</span> <span class='ocrx_word' id='word_1_67' title='bbox 1139 796 1191 842; x_wconf 89' lang='lat' dir='ltr'>de</span> <span class='ocrx_word' id='word_1_68' title='bbox 1209 797 1301 860; x_wconf 85' lang='lat' dir='ltr'>ipsa</span> <span class='ocrx_word' id='word_1_69' title='bbox 1320 799 1597 844; x_wconf 84' lang='lat' dir='ltr'>tenebrarum</span> <span class='ocrx_word' id='word_1_70' title='bbox 1618 816 1704 862; x_wconf 88' lang='lat' dir='ltr'>po·-</span> 
     </span>
     <span class='ocr_line' id='line_1_9' title="bbox 329 865 1704 928; baseline 0.001 -16"><span class='ocrx_word' id='word_1_71' title='bbox 329 877 477 913; x_wconf 86' lang='lat' dir='ltr'>testate</span> <span class='ocrx_word' id='word_1_72' title='bbox 497 867 692 913; x_wconf 91' lang='lat' dir='ltr'>nondum</span> <span class='ocrx_word' id='word_1_73' title='bbox 713 867 848 920; x_wconf 82' lang='lat' dir='ltr'>eruit,</span> <span class='ocrx_word' id='word_1_74' title='bbox 880 865 1163 928; x_wconf 74' lang='lat' dir='ltr'>praedicanda</span> <span class='ocrx_word' id='word_1_75' title='bbox 1192 877 1361 913; x_wconf 88' lang='lat' dir='ltr'>tantum</span> <span class='ocrx_word' id='word_1_76' title='bbox 1395 869 1478 914; x_wconf 90' lang='lat' dir='ltr'>illis</span> <span class='ocrx_word' id='word_1_77' title='bbox 1501 873 1563 914; x_wconf 75' lang='lat' dir='ltr'>est</span> <span class='ocrx_word' id='word_1_78' title='bbox 1593 868 1704 915; x_wconf 82' lang='lat' dir='ltr'>doc-</span> 
     </span>
     <span class='ocr_line' id='line_1_10' title="bbox 332 936 1704 999; baseline 0.001 -16"><span class='ocrx_word' id='word_1_79' title='bbox 332 938 442 984; x_wconf 87' lang='lat' dir='ltr'>trina</span> <span class='ocrx_word' id='word_1_80' title='bbox 457 939 602 983; x_wconf 83' lang='lat' dir='ltr'>divina</span> <span class='ocrx_word' id='word_1_81' title='bbox 616 974 626 992; x_wconf 91' lang='lat'>‚</span> <span class='ocrx_word' id='word_1_82' title='bbox 649 955 702 983; x_wconf 82' lang='lat' dir='ltr'>an</span> <span class='ocrx_word' id='word_1_83' title='bbox 721 938 848 982; x_wconf 91' lang='lat' dir='ltr'>etiam</span> <span class='ocrx_word' id='word_1_84' title='bbox 865 936 1077 981; x_wconf 81' lang='lat' dir='ltr'>orandum</span> <span class='ocrx_word' id='word_1_85' title='bbox 1096 954 1177 999; x_wconf 94' lang='lat' dir='ltr'>pro</span> <span class='ocrx_word' id='word_1_86' title='bbox 1194 938 1269 993; x_wconf 82' lang='lat' dir='ltr'>eis,</span> <span class='ocrx_word' id='word_1_87' title='bbox 1291 949 1337 984; x_wconf 92' lang='lat' dir='ltr'>ut</span> <span class='ocrx_word' id='word_1_88' title='bbox 1357 939 1410 984; x_wconf 90' lang='lat' dir='ltr'>de</span> <span class='ocrx_word' id='word_1_89' title='bbox 1425 939 1704 986; x_wconf 78' lang='lat' dir='ltr'>tenebrarum</span> 
     </span>
     <span class='ocr_line' id='line_1_11' title="bbox 329 1007 1707 1073; baseline 0.002 -20"><span class='ocrx_word' id='word_1_90' title='bbox 329 1019 540 1071; x_wconf 77' lang='lat' dir='ltr'>potestate</span> <span class='ocrx_word' id='word_1_91' title='bbox 563 1008 771 1053; x_wconf 84' lang='lat' dir='ltr'>divinitus</span> <span class='ocrx_word' id='word_1_92' title='bbox 792 1010 1027 1052; x_wconf 71' lang='lat' dir='ltr'>eruantur?</span> <span class='ocrx_word' id='word_1_93' title='bbox 1054 1007 1097 1052; x_wconf 87' lang='lat' dir='ltr'>Si</span> <span class='ocrx_word' id='word_1_94' title='bbox 1129 1009 1434 1055; x_wconf 87' lang='lat' dir='ltr'>tantummodo</span> <span class='ocrx_word' id='word_1_95' title='bbox 1453 1009 1707 1073; x_wconf 69' lang='lat' dir='ltr'>praedican-</span> 
     </span>
     <span class='ocr_line' id='line_1_12' title="bbox 330 1078 1708 1137; baseline 0.001 -13"><span class='ocrx_word' id='word_1_96' title='bbox 330 1079 435 1124; x_wconf 86' lang='lat' dir='ltr'>dum</span> <span class='ocrx_word' id='word_1_97' title='bbox 454 1095 541 1123; x_wconf 90' lang='lat' dir='ltr'>esse</span> <span class='ocrx_word' id='word_1_98' title='bbox 561 1079 692 1132; x_wconf 75' lang='lat' dir='ltr'>dicis,</span> <span class='ocrx_word' id='word_1_99' title='bbox 710 1078 894 1137; x_wconf 82' lang='lat' dir='ltr'>jussioni</span> <span class='ocrx_word' id='word_1_100' title='bbox 924 1078 1099 1122; x_wconf 85' lang='lat' dir='ltr'>Domini</span> <span class='ocrx_word' id='word_1_101' title='bbox 1128 1088 1171 1123; x_wconf 88' lang='lat' dir='ltr'>et</span> <span class='ocrx_word' id='word_1_102' title='bbox 1204 1080 1476 1126; x_wconf 84' lang='lat' dir='ltr'>orationibus</span> <span class='ocrx_word' id='word_1_103' title='bbox 1502 1079 1708 1126; x_wconf 53' lang='lat' dir='ltr'>Ecclesiae⁴¹</span> 
     </span>
     <span class='ocr_line' id='line_1_13' title="bbox 331 1147 1708 1213; baseline 0.001 -19"><span class='ocrx_word' id='word_1_104' title='bbox 331 1149 607 1194; x_wconf 74' lang='lat' dir='ltr'>contradicis,</span> <span class='ocrx_word' id='word_1_105' title='bbox 643 1149 690 1194; x_wconf 86' lang='lat' dir='ltr'>Si</span> <span class='ocrx_word' id='word_1_106' title='bbox 715 1158 854 1193; x_wconf 88' lang='lat' dir='ltr'>autem</span> <span class='ocrx_word' id='word_1_107' title='bbox 876 1147 1021 1193; x_wconf 83' lang='lat' dir='ltr'>fateris</span> <span class='ocrx_word' id='word_1_108' title='bbox 1043 1165 1124 1211; x_wconf 91' lang='lat' dir='ltr'>pro</span> <span class='ocrx_word' id='word_1_109' title='bbox 1148 1149 1206 1194; x_wconf 90' lang='lat' dir='ltr'>eis</span> <span class='ocrx_word' id='word_1_110' title='bbox 1225 1149 1440 1195; x_wconf 85' lang='lat' dir='ltr'>orandum</span> <span class='ocrx_word' id='word_1_111' title='bbox 1461 1187 1471 1206; x_wconf 82' lang='lat'><strong><em>‚</em></strong></span> <span class='ocrx_word' id='word_1_112' title='bbox 1494 1149 1539 1195; x_wconf 86' lang='lat' dir='ltr'>id</span> <span class='ocrx_word' id='word_1_113' title='bbox 1559 1150 1708 1213; x_wconf 79' lang='lat' dir='ltr'>utique</span> 
     </span>
     <span class='ocr_line' id='line_1_14' title="bbox 330 1218 1709 1274; baseline 0.002 -11"><span class='ocrx_word' id='word_1_114' title='bbox 330 1218 544 1264; x_wconf 88' lang='lat' dir='ltr'>orandum</span> <span class='ocrx_word' id='word_1_115' title='bbox 569 1218 714 1264; x_wconf 87' lang='lat' dir='ltr'>fateris</span> <span class='ocrx_word' id='word_1_116' title='bbox 733 1256 743 1274; x_wconf 84' lang='lat'>‚</span> <span class='ocrx_word' id='word_1_117' title='bbox 773 1229 821 1264; x_wconf 88' lang='lat' dir='ltr'>ut</span> <span class='ocrx_word' id='word_1_118' title='bbox 854 1218 991 1264; x_wconf 84' lang='lat' dir='ltr'>eidem</span> <span class='ocrx_word' id='word_1_119' title='bbox 1030 1218 1243 1265; x_wconf 84' lang='lat' dir='ltr'>doctrinae</span> <span class='ocrx_word' id='word_1_120' title='bbox 1269 1220 1451 1266; x_wconf 86' lang='lat' dir='ltr'>arbitrio</span> <span class='ocrx_word' id='word_1_121' title='bbox 1478 1220 1662 1266; x_wconf 82' lang='lat' dir='ltr'>liberato</span> <span class='ocrx_word' id='word_1_122' title='bbox 1686 1228 1709 1266; x_wconf 69' lang='lat' dir='ltr'>a</span> 
     </span>
     <span class='ocr_line' id='line_1_15' title="bbox 330 1290 1710 1354; baseline 0.001 -19"><span class='ocrx_word' id='word_1_123' title='bbox 330 1291 608 1336; x_wconf 85' lang='lat' dir='ltr'>tenebrarum</span> <span class='ocrx_word' id='word_1_124' title='bbox 634 1300 844 1353; x_wconf 80' lang='lat' dir='ltr'>potestate</span> <span class='ocrx_word' id='word_1_125' title='bbox 874 1290 1160 1336; x_wconf 83' lang='lat' dir='ltr'>consentiant.</span> <span class='ocrx_word' id='word_1_126' title='bbox 1195 1291 1258 1336; x_wconf 86' lang='lat' dir='ltr'>lta</span> <span class='ocrx_word' id='word_1_127' title='bbox 1283 1292 1333 1336; x_wconf 87' lang='lat' dir='ltr'>fit</span> <span class='ocrx_word' id='word_1_128' title='bbox 1359 1297 1408 1337; x_wconf 86' lang='lat' dir='ltr'>ut</span> <span class='ocrx_word' id='word_1_129' title='bbox 1430 1296 1572 1354; x_wconf 90' lang='lat' dir='ltr'>neque</span> <span class='ocrx_word' id='word_1_130' title='bbox 1595 1290 1710 1336; x_wconf 79' lang='lat' dir='ltr'>fide-</span> 
     </span>
     <span class='ocr_line' id='line_1_16' title="bbox 330 1359 1709 1421; baseline 0.001 -16"><span class='ocrx_word' id='word_1_131' title='bbox 330 1360 390 1405; x_wconf 85' lang='lat' dir='ltr'>les</span> <span class='ocrx_word' id='word_1_132' title='bbox 405 1360 535 1415; x_wconf 84' lang='lat' dir='ltr'>fiant,</span> <span class='ocrx_word' id='word_1_133' title='bbox 557 1360 637 1405; x_wconf 90' lang='lat' dir='ltr'>nisi</span> <span class='ocrx_word' id='word_1_134' title='bbox 660 1359 799 1406; x_wconf 84' lang='lat' dir='ltr'>libero</span> <span class='ocrx_word' id='word_1_135' title='bbox 821 1360 1018 1414; x_wconf 78' lang='lat' dir='ltr'>arbitrio,</span> <span class='ocrx_word' id='word_1_136' title='bbox 1043 1370 1084 1405; x_wconf 89' lang='lat' dir='ltr'>et</span> <span class='ocrx_word' id='word_1_137' title='bbox 1104 1370 1249 1406; x_wconf 89' lang='lat' dir='ltr'>tamen</span> <span class='ocrx_word' id='word_1_138' title='bbox 1268 1360 1384 1406; x_wconf 87' lang='lat' dir='ltr'>illius</span> <span class='ocrx_word' id='word_1_139' title='bbox 1402 1362 1540 1421; x_wconf 81' lang='lat' dir='ltr'>gratia</span> <span class='ocrx_word' id='word_1_140' title='bbox 1562 1359 1709 1407; x_wconf 69' lang='lat' dir='ltr'>fideles</span> 
     </span>
     <span class='ocr_line' id='line_1_17' title="bbox 332 1423 1711 1494; baseline 0.001 -18"><span class='ocrx_word' id='word_1_141' title='bbox 332 1431 464 1487; x_wconf 80' lang='lat' dir='ltr'>fiant,</span> <span class='ocrx_word' id='word_1_142' title='bbox 496 1431 573 1494; x_wconf 84' lang='lat' dir='ltr'>qui</span> <span class='ocrx_word' id='word_1_143' title='bbox 595 1444 744 1477; x_wconf 90' lang='lat' dir='ltr'>eorum</span> <span class='ocrx_word' id='word_1_144' title='bbox 771 1449 793 1476; x_wconf 87' lang='lat' dir='ltr'>a</span> <span class='ocrx_word' id='word_1_145' title='bbox 816 1441 1029 1494; x_wconf 81' lang='lat' dir='ltr'>potestate</span> <span class='ocrx_word' id='word_1_146' title='bbox 1053 1431 1325 1477; x_wconf 81' lang='lat' dir='ltr'>tenebrarum</span> <span class='ocrx_word' id='word_1_147' title='bbox 1353 1432 1557 1479; x_wconf 83' lang='lat' dir='ltr'>liberavit</span> <span class='ocrx_word' id='word_1_148' title='bbox 1589 1423 1711 1494; x_wconf 80' lang='lat' dir='ltr'>arbi·-</span> 
     </span>
     <span class='ocr_line' id='line_1_18' title="bbox 334 1502 1711 1562; baseline 0.001 -16"><span class='ocrx_word' id='word_1_149' title='bbox 334 1502 478 1549; x_wconf 90' lang='lat' dir='ltr'>trium.</span> <span class='ocrx_word' id='word_1_150' title='bbox 512 1503 584 1547; x_wconf 81' lang='lat' dir='ltr'>Sic</span> <span class='ocrx_word' id='word_1_151' title='bbox 607 1512 651 1548; x_wconf 84' lang='lat' dir='ltr'>et</span> <span class='ocrx_word' id='word_1_152' title='bbox 682 1502 759 1547; x_wconf 90' lang='lat' dir='ltr'>Dei</span> <span class='ocrx_word' id='word_1_153' title='bbox 790 1503 925 1561; x_wconf 80' lang='lat' dir='ltr'>gratia</span> <span class='ocrx_word' id='word_1_154' title='bbox 950 1519 1038 1547; x_wconf 93' lang='lat' dir='ltr'>non</span> <span class='ocrx_word' id='word_1_155' title='bbox 1062 1512 1261 1562; x_wconf 83' lang='lat' dir='ltr'>negatur,</span> <span class='ocrx_word' id='word_1_156' title='bbox 1294 1503 1366 1549; x_wconf 91' lang='lat' dir='ltr'>sed</span> <span class='ocrx_word' id='word_1_157' title='bbox 1387 1503 1476 1549; x_wconf 90' lang='lat' dir='ltr'>sine</span> <span class='ocrx_word' id='word_1_158' title='bbox 1499 1502 1598 1549; x_wconf 88' lang='lat' dir='ltr'>ullis</span> <span class='ocrx_word' id='word_1_159' title='bbox 1621 1502 1711 1549; x_wconf 69' lang='lat' dir='ltr'>hui-</span> 
     </span>
     <span class='ocr_line' id='line_1_19' title="bbox 330 1572 1709 1635; baseline 0.001 -18"><span class='ocrx_word' id='word_1_160' title='bbox 330 1573 467 1618; x_wconf 88' lang='lat' dir='ltr'>manis</span> <span class='ocrx_word' id='word_1_161' title='bbox 486 1572 840 1635; x_wconf 68' lang='lat' dir='ltr'>praecedentibus</span> <span class='ocrx_word' id='word_1_162' title='bbox 857 1572 1019 1617; x_wconf 88' lang='lat' dir='ltr'>meritis</span> <span class='ocrx_word' id='word_1_163' title='bbox 1043 1590 1140 1618; x_wconf 85' lang='lat' dir='ltr'>vera</span> <span class='ocrx_word' id='word_1_164' title='bbox 1155 1583 1444 1631; x_wconf 82' lang='lat' dir='ltr'>monstratur3</span> <span class='ocrx_word' id='word_1_165' title='bbox 1463 1583 1506 1619; x_wconf 88' lang='lat' dir='ltr'>et</span> <span class='ocrx_word' id='word_1_166' title='bbox 1519 1572 1709 1619; x_wconf 71' lang='lat' dir='ltr'>liberunt</span> 
     </span>
     <span class='ocr_line' id='line_1_20' title="bbox 329 1642 1712 1707; baseline 0.001 -20"><span class='ocrx_word' id='word_1_167' title='bbox 329 1643 389 1688; x_wconf 83' lang='lat' dir='ltr'>ita</span> <span class='ocrx_word' id='word_1_168' title='bbox 414 1642 678 1699; x_wconf 80' lang='lat' dir='ltr'>defenditur,</span> <span class='ocrx_word' id='word_1_169' title='bbox 705 1653 753 1688; x_wconf 89' lang='lat' dir='ltr'>ut</span> <span class='ocrx_word' id='word_1_170' title='bbox 773 1643 1021 1688; x_wconf 87' lang='lat' dir='ltr'>humilitate</span> <span class='ocrx_word' id='word_1_171' title='bbox 1039 1643 1266 1700; x_wconf 82' lang='lat' dir='ltr'>solidetur,</span> <span class='ocrx_word' id='word_1_172' title='bbox 1288 1662 1374 1690; x_wconf 90' lang='lat' dir='ltr'>non</span> <span class='ocrx_word' id='word_1_173' title='bbox 1390 1644 1576 1690; x_wconf 87' lang='lat' dir='ltr'>elatione</span> <span class='ocrx_word' id='word_1_174' title='bbox 1596 1653 1712 1707; x_wconf 81' lang='lat' dir='ltr'>prae-</span> 
     </span>
     <span class='ocr_line' id='line_1_21' title="bbox 332 1713 1708 1776; baseline 0.002 -19"><span class='ocrx_word' id='word_1_175' title='bbox 332 1713 538 1775; x_wconf 86' lang='lat' dir='ltr'>cipitetur</span> <span class='ocrx_word' id='word_1_176' title='bbox 575 1714 805 1759; x_wconf 79' lang='lat' dir='ltr'>arbitrium</span> <span class='ocrx_word' id='word_1_177' title='bbox 827 1751 836 1769; x_wconf 81' lang='lat'><em>‚</em></span> <span class='ocrx_word' id='word_1_178' title='bbox 865 1723 907 1759; x_wconf 91' lang='lat' dir='ltr'>et</span> <span class='ocrx_word' id='word_1_179' title='bbox 943 1714 1016 1776; x_wconf 89' lang='lat' dir='ltr'>qui</span> <span class='ocrx_word' id='word_1_180' title='bbox 1049 1714 1285 1774; x_wconf 79' lang='lat' dir='ltr'>gloriatur,</span> <span class='ocrx_word' id='word_1_181' title='bbox 1312 1732 1401 1761; x_wconf 89' lang='lat' dir='ltr'>non</span> <span class='ocrx_word' id='word_1_182' title='bbox 1423 1715 1468 1760; x_wconf 91' lang='lat' dir='ltr'>in</span> <span class='ocrx_word' id='word_1_183' title='bbox 1502 1715 1708 1771; x_wconf 73' lang='lat' dir='ltr'>hortiine-9</span> 
     </span>
     <span class='ocr_line' id='line_1_22' title="bbox 332 1782 1673 1847; baseline 0.002 -19"><span class='ocrx_word' id='word_1_184' title='bbox 332 1782 399 1828; x_wconf 84' lang='lat' dir='ltr'>vel</span> <span class='ocrx_word' id='word_1_185' title='bbox 417 1784 616 1846; x_wconf 87' lang='lat' dir='ltr'>quolibet</span> <span class='ocrx_word' id='word_1_186' title='bbox 642 1784 724 1829; x_wconf 84' lang='lat' dir='ltr'>alio</span> <span class='ocrx_word' id='word_1_187' title='bbox 742 1821 752 1840; x_wconf 82' lang='lat'>,</span> <span class='ocrx_word' id='word_1_188' title='bbox 781 1784 847 1829; x_wconf 63' lang='lat' dir='ltr'>*vel</span> <span class='ocrx_word' id='word_1_189' title='bbox 865 1802 907 1829; x_wconf 88' lang='lat' dir='ltr'>se</span> <span class='ocrx_word' id='word_1_190' title='bbox 929 1785 1023 1847; x_wconf 83' lang='lat' dir='ltr'>ipso</span> <span class='ocrx_word' id='word_1_191' title='bbox 1039 1822 1049 1838; x_wconf 84' lang='lat'>‚</span> <span class='ocrx_word' id='word_1_192' title='bbox 1078 1784 1149 1830; x_wconf 88' lang='lat' dir='ltr'>sed</span> <span class='ocrx_word' id='word_1_193' title='bbox 1173 1787 1218 1830; x_wconf 87' lang='lat' dir='ltr'>in</span> <span class='ocrx_word' id='word_1_194' title='bbox 1242 1786 1431 1831; x_wconf 88' lang='lat' dir='ltr'>Domino</span> <span class='ocrx_word' id='word_1_195' title='bbox 1452 1785 1673 1845; x_wconf 82' lang='lat' dir='ltr'>glorietur.</span> 
     </span>
     <span class='ocr_line' id='line_1_23' title="bbox 400 1855 1714 1919; baseline 0.003 -21"><span class='ocrx_word' id='word_1_196' title='bbox 400 1855 477 1901; x_wconf 73' lang='lat' dir='ltr'>lx.</span> <span class='ocrx_word' id='word_1_197' title='bbox 512 1856 705 1901; x_wconf 83' lang='lat' dir='ltr'>Potestas</span> <span class='ocrx_word' id='word_1_198' title='bbox 729 1855 843 1900; x_wconf 86' lang='lat' dir='ltr'>enim</span> <span class='ocrx_word' id='word_1_199' title='bbox 879 1856 1156 1901; x_wconf 85' lang='lat' dir='ltr'>tenebrarum</span> <span class='ocrx_word' id='word_1_200' title='bbox 1184 1856 1292 1919; x_wconf 88' lang='lat' dir='ltr'>quid</span> <span class='ocrx_word' id='word_1_201' title='bbox 1323 1867 1386 1902; x_wconf 88' lang='lat' dir='ltr'>est</span> <span class='ocrx_word' id='word_1_202' title='bbox 1416 1857 1498 1902; x_wconf 87' lang='lat' dir='ltr'>nisi</span> <span class='ocrx_word' id='word_1_203' title='bbox 1524 1866 1714 1919; x_wconf 86' lang='lat' dir='ltr'>potestas</span> 
     </span>
     <span class='ocr_line' id='line_1_24' title="bbox 337 1923 1711 1988; baseline 0.001 -19"><span class='ocrx_word' id='word_1_204' title='bbox 337 1923 502 1970; x_wconf 80' lang='lat' dir='ltr'>diaboli</span> <span class='ocrx_word' id='word_1_205' title='bbox 520 1936 561 1970; x_wconf 91' lang='lat' dir='ltr'>et</span> <span class='ocrx_word' id='word_1_206' title='bbox 579 1925 838 1985; x_wconf 79' lang='lat' dir='ltr'>Angelorum</span> <span class='ocrx_word' id='word_1_207' title='bbox 856 1929 970 1985; x_wconf 81' lang='lat' dir='ltr'>ejus,</span> <span class='ocrx_word' id='word_1_208' title='bbox 987 1926 1178 1988; x_wconf 91' lang='lat' dir='ltr'>quicum</span> <span class='ocrx_word' id='word_1_209' title='bbox 1195 1926 1376 1972; x_wconf 87' lang='lat' dir='ltr'>fuissent</span> <span class='ocrx_word' id='word_1_210' title='bbox 1394 1926 1544 1987; x_wconf 88' lang='lat' dir='ltr'>Angeli</span> <span class='ocrx_word' id='word_1_211' title='bbox 1561 1926 1687 1985; x_wconf 43' lang='lat' dir='ltr'>lucis}</span> <span class='ocrx_word' id='word_1_212' title='bbox 1699 1962 1711 1982; x_wconf 87' lang='lat'><strong><em>‚</em></strong></span> 
     </span>
     <span class='ocr_line' id='line_1_25' title="bbox 338 1995 1716 2059; baseline 0.002 -19"><span class='ocrx_word' id='word_1_213' title='bbox 338 1995 381 2040; x_wconf 92' lang='lat' dir='ltr'>in</span> <span class='ocrx_word' id='word_1_214' title='bbox 404 1996 579 2042; x_wconf 84' lang='lat' dir='ltr'>veritate</span> <span class='ocrx_word' id='word_1_215' title='bbox 610 2011 690 2059; x_wconf 87' lang='lat' dir='ltr'>per</span> <span class='ocrx_word' id='word_1_216' title='bbox 715 1996 901 2042; x_wconf 84' lang='lat' dir='ltr'>liberum</span> <span class='ocrx_word' id='word_1_217' title='bbox 937 1998 1166 2042; x_wconf 81' lang='lat' dir='ltr'>arbitrium</span> <span class='ocrx_word' id='word_1_218' title='bbox 1191 2015 1279 2043; x_wconf 91' lang='lat' dir='ltr'>non</span> <span class='ocrx_word' id='word_1_219' title='bbox 1307 2007 1464 2043; x_wconf 87' lang='lat' dir='ltr'>stantes</span> <span class='ocrx_word' id='word_1_220' title='bbox 1480 2035 1490 2054; x_wconf 84' lang='lat'>‚</span> <span class='ocrx_word' id='word_1_221' title='bbox 1519 1997 1591 2043; x_wconf 85' lang='lat' dir='ltr'>sed</span> <span class='ocrx_word' id='word_1_222' title='bbox 1614 1996 1716 2042; x_wconf 83' lang='lat' dir='ltr'>inde·</span> 
     </span>
     <span class='ocr_line' id='line_1_26' title="bbox 338 2065 1717 2130; baseline 0.001 -19"><span class='ocrx_word' id='word_1_223' title='bbox 338 2065 560 2123; x_wconf 81' lang='lat' dir='ltr'>cadentes,</span> <span class='ocrx_word' id='word_1_224' title='bbox 581 2066 683 2112; x_wconf 82' lang='lat' dir='ltr'>facti</span> <span class='ocrx_word' id='word_1_225' title='bbox 700 2078 800 2112; x_wconf 89' lang='lat' dir='ltr'>sunt</span> <span class='ocrx_word' id='word_1_226' title='bbox 818 2067 1042 2113; x_wconf 73' lang='lat' dir='ltr'>tenebrae‘?</span> <span class='ocrx_word' id='word_1_227' title='bbox 1062 2069 1160 2112; x_wconf 88' lang='lat' dir='ltr'>Non</span> <span class='ocrx_word' id='word_1_228' title='bbox 1180 2078 1220 2113; x_wconf 88' lang='lat' dir='ltr'>te</span> <span class='ocrx_word' id='word_1_229' title='bbox 1237 2068 1317 2113; x_wconf 77' lang='lat' dir='ltr'>ista</span> <span class='ocrx_word' id='word_1_230' title='bbox 1337 2068 1474 2114; x_wconf 89' lang='lat' dir='ltr'>doceo</span> <span class='ocrx_word' id='word_1_231' title='bbox 1490 2104 1502 2123; x_wconf 83' lang='grc'><em>,</em></span> <span class='ocrx_word' id='word_1_232' title='bbox 1521 2067 1593 2113; x_wconf 89' lang='lat' dir='ltr'>sed</span> <span class='ocrx_word' id='word_1_233' title='bbox 1615 2079 1717 2130; x_wconf 72' lang='lat' dir='ltr'>q&#39;uae‘</span> 
     </span>
     <span class='ocr_line' id='line_1_27' title="bbox 338 2138 1715 2202; baseline 0.002 -21"><span class='ocrx_word' id='word_1_234' title='bbox 338 2138 450 2182; x_wconf 85' lang='lat' dir='ltr'>nosti</span> <span class='ocrx_word' id='word_1_235' title='bbox 471 2147 518 2183; x_wconf 89' lang='lat' dir='ltr'>ut</span> <span class='ocrx_word' id='word_1_236' title='bbox 537 2138 775 2183; x_wconf 84' lang='lat' dir='ltr'>recorderis</span> <span class='ocrx_word' id='word_1_237' title='bbox 801 2138 1026 2183; x_wconf 83' lang='lat' dir='ltr'>admoneo.</span> <span class='ocrx_word' id='word_1_238' title='bbox 1066 2139 1181 2184; x_wconf 88' lang='lat' dir='ltr'>Huic</span> <span class='ocrx_word' id='word_1_239' title='bbox 1206 2139 1337 2198; x_wconf 83' lang='lat' dir='ltr'>igitur</span> <span class='ocrx_word' id='word_1_240' title='bbox 1359 2139 1564 2202; x_wconf 85' lang='lat' dir='ltr'>potestati</span> <span class='ocrx_word' id='word_1_241' title='bbox 1592 2149 1715 2184; x_wconf 84' lang='lat' dir='ltr'>tene-</span> 
     </span>
     <span class='ocr_line' id='line_1_28' title="bbox 338 2206 1716 2272; baseline 0.001 -19"><span class='ocrx_word' id='word_1_242' title='bbox 338 2206 541 2265; x_wconf 83' lang='lat' dir='ltr'>brarum,</span> <span class='ocrx_word' id='word_1_243' title='bbox 568 2226 648 2272; x_wconf 87' lang='lat' dir='ltr'>per</span> <span class='ocrx_word' id='word_1_244' title='bbox 667 2209 781 2254; x_wconf 83' lang='lat' dir='ltr'>illius</span> <span class='ocrx_word' id='word_1_245' title='bbox 804 2209 972 2254; x_wconf 79' lang='lat' dir='ltr'>ruinam</span> <span class='ocrx_word' id='word_1_246' title='bbox 992 2244 1002 2265; x_wconf 83' lang='grc'>,</span> <span class='ocrx_word' id='word_1_247' title='bbox 1021 2211 1092 2254; x_wconf 89' lang='lat' dir='ltr'>cui</span> <span class='ocrx_word' id='word_1_248' title='bbox 1113 2210 1255 2272; x_wconf 84' lang='lat' dir='ltr'>primo</span> <span class='ocrx_word' id='word_1_249' title='bbox 1284 2209 1454 2255; x_wconf 88' lang='lat' dir='ltr'>homini</span> <span class='ocrx_word' id='word_1_250' title='bbox 1480 2210 1534 2255; x_wconf 85' lang='lat' dir='ltr'>ab</span> <span class='ocrx_word' id='word_1_251' title='bbox 1556 2227 1603 2255; x_wconf 80' lang='lat' dir='ltr'>ea</span> <span class='ocrx_word' id='word_1_252' title='bbox 1629 2226 1716 2272; x_wconf 91' lang='lat' dir='ltr'>po-</span> 
     </span>
     <span class='ocr_line' id='line_1_29' title="bbox 338 2280 1717 2344; baseline 0.002 -21"><span class='ocrx_word' id='word_1_253' title='bbox 338 2288 487 2325; x_wconf 86' lang='lat' dir='ltr'>testate</span> <span class='ocrx_word' id='word_1_254' title='bbox 515 2280 818 2344; x_wconf 64' lang='lat' dir='ltr'>praevaricatio</span> <span class='ocrx_word' id='word_1_255' title='bbox 852 2297 1055 2343; x_wconf 75' lang='lat' dir='ltr'>persuasa</span> <span class='ocrx_word' id='word_1_256' title='bbox 1080 2292 1164 2328; x_wconf 84' lang='lat' dir='ltr'>cst.</span> <span class='ocrx_word' id='word_1_257' title='bbox 1195 2291 1234 2326; x_wconf 84' lang='lat' dir='ltr'>et</span> <span class='ocrx_word' id='word_1_258' title='bbox 1256 2281 1301 2326; x_wconf 91' lang='lat' dir='ltr'>in</span> <span class='ocrx_word' id='word_1_259' title='bbox 1321 2298 1408 2344; x_wconf 89' lang='lat' dir='ltr'>quo</span> <span class='ocrx_word' id='word_1_260' title='bbox 1430 2298 1579 2326; x_wconf 87' lang='lat' dir='ltr'>omnes</span> <span class='ocrx_word' id='word_1_261' title='bbox 1598 2281 1717 2326; x_wconf 89' lang='lat' dir='ltr'>ceci-</span> 
     </span>
     <span class='ocr_line' id='line_1_30' title="bbox 338 2349 1717 2416; baseline 0.001 -21"><span class='ocrx_word' id='word_1_262' title='bbox 338 2349 504 2406; x_wconf 82' lang='lat' dir='ltr'>dimus,</span> <span class='ocrx_word' id='word_1_263' title='bbox 527 2351 773 2411; x_wconf 84' lang='lat' dir='ltr'>subjectum</span> <span class='ocrx_word' id='word_1_264' title='bbox 794 2361 855 2416; x_wconf 79' lang='lat' dir='ltr'>est</span> <span class='ocrx_word' id='word_1_265' title='bbox 870 2368 1002 2411; x_wconf 85' lang='lat' dir='ltr'>genus</span> <span class='ocrx_word' id='word_1_266' title='bbox 1021 2352 1263 2397; x_wconf 83' lang='lat' dir='ltr'>humanum</span> <span class='ocrx_word' id='word_1_267' title='bbox 1288 2370 1298 2396; x_wconf 71' lang='grc' dir='ltr'>ι</span> <span class='ocrx_word' id='word_1_268' title='bbox 1321 2363 1503 2416; x_wconf 86' lang='lat' dir='ltr'>propter</span> <span class='ocrx_word' id='word_1_269' title='bbox 1525 2351 1645 2416; x_wconf 88' lang='lat' dir='ltr'>quod</span> <span class='ocrx_word' id='word_1_270' title='bbox 1663 2350 1717 2397; x_wconf 88' lang='lat' dir='ltr'>de</span> 
     </span>
     <span class='ocr_line' id='line_1_31' title="bbox 338 2420 1716 2485; baseline 0.001 -20"><span class='ocrx_word' id='word_1_271' title='bbox 338 2420 425 2466; x_wconf 87' lang='lat' dir='ltr'>hac</span> <span class='ocrx_word' id='word_1_272' title='bbox 457 2431 668 2484; x_wconf 84' lang='lat' dir='ltr'>potestate</span> <span class='ocrx_word' id='word_1_273' title='bbox 692 2422 967 2468; x_wconf 83' lang='lat' dir='ltr'>tenebrarum</span> <span class='ocrx_word' id='word_1_274' title='bbox 994 2433 1207 2467; x_wconf 87' lang='lat' dir='ltr'>eruuntur</span> <span class='ocrx_word' id='word_1_275' title='bbox 1224 2432 1264 2467; x_wconf 84' lang='lat' dir='ltr'>et</span> <span class='ocrx_word' id='word_1_276' title='bbox 1290 2423 1490 2485; x_wconf 79' lang='lat' dir='ltr'>parvuli,</span> <span class='ocrx_word' id='word_1_277' title='bbox 1525 2432 1625 2468; x_wconf 84' lang='lat' dir='ltr'>cum</span> <span class='ocrx_word' id='word_1_278' title='bbox 1649 2423 1716 2467; x_wconf 51' lang='lat' dir='ltr'>‘re-¹</span> 
     </span>
     <span class='ocr_line' id='line_1_32' title="bbox 340 2492 1718 2556; baseline 0.001 -20"><span class='ocrx_word' id='word_1_279' title='bbox 340 2500 598 2551; x_wconf 79' lang='lat' dir='ltr'>generantur</span> <span class='ocrx_word' id='word_1_280' title='bbox 616 2493 662 2538; x_wconf 89' lang='lat' dir='ltr'>in</span> <span class='ocrx_word' id='word_1_281' title='bbox 686 2492 878 2538; x_wconf 83' lang='lat' dir='ltr'>Christo,</span> <span class='ocrx_word' id='word_1_282' title='bbox 912 2492 1060 2556; x_wconf 89' lang='lat' dir='ltr'>Neque</span> <span class='ocrx_word' id='word_1_283' title='bbox 1087 2493 1173 2537; x_wconf 89' lang='lat' dir='ltr'>hoc</span> <span class='ocrx_word' id='word_1_284' title='bbox 1199 2503 1382 2556; x_wconf 85' lang='lat' dir='ltr'>apparet</span> <span class='ocrx_word' id='word_1_285' title='bbox 1398 2492 1444 2538; x_wconf 89' lang='lat' dir='ltr'>in</span> <span class='ocrx_word' id='word_1_286' title='bbox 1469 2503 1617 2538; x_wconf 83' lang='lat' dir='ltr'>eorum</span> <span class='ocrx_word' id='word_1_287' title='bbox 1645 2509 1718 2538; x_wconf 82' lang='lat' dir='ltr'>ar-</span> 
     </span>
     <span class='ocr_line' id='line_1_33' title="bbox 341 2559 1718 2627; baseline 0.001 -19"><span class='ocrx_word' id='word_1_288' title='bbox 341 2562 476 2609; x_wconf 85' lang='lat' dir='ltr'>bitrio</span> <span class='ocrx_word' id='word_1_289' title='bbox 502 2559 715 2621; x_wconf 76' lang='lat' dir='ltr'>liberato,</span> <span class='ocrx_word' id='word_1_290' title='bbox 741 2563 824 2611; x_wconf 87' lang='lat' dir='ltr'>nisi</span> <span class='ocrx_word' id='word_1_291' title='bbox 845 2570 947 2610; x_wconf 82' lang='lat' dir='ltr'>cum</span> <span class='ocrx_word' id='word_1_292' title='bbox 980 2563 1035 2610; x_wconf 88' lang='lat' dir='ltr'>ad</span> <span class='ocrx_word' id='word_1_293' title='bbox 1072 2581 1205 2610; x_wconf 87' lang='lat' dir='ltr'>annos</span> <span class='ocrx_word' id='word_1_294' title='bbox 1242 2563 1514 2627; x_wconf 86' lang='lat' dir='ltr'>pervenerint</span> <span class='ocrx_word' id='word_1_295' title='bbox 1551 2563 1718 2610; x_wconf 81' lang='lat' dir='ltr'>ratione</span> 
     </span>
    </p>
   </div>
   <div class='ocr_carea' id='block_1_6' title="bbox 391 2646 679 2689">
    <p class='ocr_par' dir='ltr' id='par_1_6' title="bbox 391 2646 679 2689">
     <span class='ocr_line' id='line_1_34' title="bbox 391 2646 679 2689; baseline -0.007 -13"><span class='ocrx_word' id='word_1_296' title='bbox 391 2646 515 2682; x_wconf 79' lang='lat' dir='ltr'>lJoan.</span> <span class='ocrx_word' id='word_1_297' title='bbox 531 2656 603 2689; x_wconf 58' lang='lat' dir='ltr'>vni,</span> <span class='ocrx_word' id='word_1_298' title='bbox 623 2654 679 2684; x_wconf 59' lang='lat'>44.</span> 
     </span>
    </p>
   </div>
  </div>
 </body>
</html>
