1769 3235
528 317 740 349 Ei‘is‘roLA
777 316 925 349 cxcix.
1337 303 1424 348 105

48 408 69 430 n
87 386 236 433 futura
257 394 403 436 erant,
425 382 649 429 voluntate
669 381 816 428 divina
839 381 1093 428 hominibus
1116 392 1215 428 sunt
1243 382 1425 431 locuti.»

51 456 135 503 Sed
160 457 193 502 si
216 454 433 502 veneratio
458 464 533 499 tua
557 474 577 495 c<
598 453 711 498 Satis
731 452 1018 498 admiratione
1042 452 1222 514 plenum
1240 470 1327 499 esse
1351 452 1425 498 di-

50 548 69 570 »
89 526 174 582 cit,
199 525 233 571 si
251 541 299 569 ea
322 526 458 579 DeuS,
485 539 586 587 quae
609 521 796 586 praedici
816 522 973 578 voluit,
1005 521 1059 568 ad
1083 521 1316 568 hominurn
1335 538 1427 568 sen·

44 618 64 640 ›>
95 613 164 642 sus
193 594 366 659 penitus
390 611 478 639 non
502 611 628 657 posse
667 592 890 656 pervenire
926 592 1183 638 constituit:
1208 614 1228 634 »
1259 602 1426 656 quanto

47 671 208 728 majore
243 665 528 712 admiratione
563 664 745 728 plenum
765 675 852 721 est,
877 663 911 710 si
941 681 990 710 ea
1009 700 1021 720 ‚
1049 681 1152 728 quae
1187 664 1427 728 Prophetae

47 738 306 785 hominibus
323 747 423 782 sunt
445 736 600 793 locuti,
631 736 729 781 haec
753 734 952 800 Apostoli
970 734 1040 781 vel
1066 735 1174 781 scire
1198 747 1298 781 sunt
1317 752 1426 799 pro-

47 809 180 855 hibiti
209 807 275 855 vel
315 807 501 853 docere?
528 805 761 863 Quomodo
801 817 944 852 autem
972 806 1211 869 Prophetae
1239 806 1318 851 ista
1336 842 1348 861 ,
1375 804 1428 850 de

48 879 209 943 quibus
233 879 374 938 agitur
392 916 402 933 ,
426 889 621 941 tempora
646 877 865 933 docentes,
890 894 979 922 non
1006 876 1349 938 intelligerentur
1374 876 1428 921 ab

51 949 294 1014 Apostolis,
321 949 355 994 si
388 949 690 1010 intelliguntur
721 967 743 994 a
779 949 935 995 nobis?
964 949 1052 994 Aut
1079 948 1114 993 si
1133 965 1204 994 eos
1230 947 1428 1011 Apostoli

48 1020 351 1067 intellexerunt
385 1021 515 1066 istam
551 1036 799 1065 mensuram
837 1019 1044 1083 temporis
1078 1019 1393 1082 prophetantes
1415 1054 1425 1073 ‚

51 1091 275 1154 quomodo
299 1109 386 1137 non
416 1090 621 1137 docerent
643 1089 762 1154 quod
785 1089 1085 1136 intellexerunt
1106 1126 1117 1145 ,
1151 1089 1329 1152 quando
1353 1105 1431 1152 per

51 1179 199 1208 eorum
220 1162 492 1226 praeconium
530 1172 571 1207 et
595 1162 677 1225 ipsi
703 1161 942 1225 Prophetae
968 1161 1327 1216 innotescebant,
1354 1159 1432 1223 qui

11 1266 25 1278 .
50 1251 120 1279 eos
153 1234 239 1279 suis
274 1233 398 1278 libris
422 1233 501 1278 ista
525 1232 804 1278 docuerunt?
833 1233 887 1277 Et
916 1232 1014 1277 ideo
1035 1250 1115 1296 per
1140 1248 1249 1295 quas
1270 1231 1435 1277 litteras

53 1321 99 1348 ea
133 1303 218 1367 ipsi
253 1303 525 1359 didicerant,
554 1320 632 1366 per
656 1301 826 1348 easdem
852 1312 1056 1364 poterant
1081 1301 1155 1347 alii
1190 1317 1367 1364 quoque
1387 1300 1434 1344 in

53 1373 121 1419 his
142 1374 342 1434 gentibus
365 1374 528 1419 discere
550 1410 560 1429 ,
602 1373 646 1418 in
682 1373 846 1436 quibus
886 1372 1087 1436 Apostoli
1126 1371 1434 1418 auctoritatem

52 1444 359 1508 propheticam
387 1443 770 1490 commendabant.
812 1443 905 1488 Cur
929 1459 1030 1503 ergo
1054 1443 1113 1488 eis
1142 1441 1312 1488 dictum
1337 1450 1399 1485 est
1420 1477 1431 1496 ,

55 1539 76 1559 «
95 1519 192 1562 Non
223 1528 284 1563 est
321 1528 511 1562 vestrum
535 1516 643 1562 scire
664 1553 674 1573 ‚
698 1538 718 1559 »
744 1515 812 1564 vel
838 1518 872 1562 si
891 1516 952 1562 ita
980 1514 1312 1576 intelligendum
1346 1524 1435 1571 est,

56 1589 152 1634 Non
169 1598 230 1633 est
249 1598 437 1634 vestrum
465 1587 620 1633 docere
647 1589 929 1650 «Tempora,
951 1604 1051 1650 quae
1075 1587 1206 1632 Pater
1228 1584 1436 1650 posuitin

57 1679 78 1701 >2
97 1675 173 1704 sua
196 1669 410 1722 potestate
429 1676 439 1704 ε
463 1681 482 1700 >2
514 1658 876 1722 quandoquidem
898 1658 958 1704 sic
983 1675 1030 1704 ea
1050 1657 1272 1704 docebant
1294 1693 1306 1712 ,
1334 1671 1437 1702 cum

56 1729 105 1775 hi
123 1767 134 1786 ‚
161 1730 205 1775 in
231 1747 419 1794 quorum
448 1729 601 1775 litteris
623 1729 893 1776 discerentur
910 1766 921 1785 ,
954 1746 1032 1792 per
1058 1728 1155 1774 illos
1190 1728 1437 1773 innotesce-

57 1799 198 1846 bant?
230 1800 355 1846 Unde
385 1800 641 1846 credibilius
675 1811 763 1857 est,
794 1817 883 1845 non
917 1801 1057 1845 Deum
1082 1798 1270 1843 noluisse
1304 1796 1435 1851 sciri,

0 1923 1 1941 ξ
59 1871 178 1934 quod
213 1871 353 1918 voluit
390 1870 657 1935 praedicari;
699 1870 773 1916 sed
805 1869 994 1916 noluisse
1032 1867 1290 1934 praedicari,
1318 1865 1441 1931 quod

60 1941 236 1987 videbat
261 1959 349 1988 non
369 1942 532 1987 utiliter
551 1941 666 1988 sciri.

125 2013 203 2057 VI.
234 2034 253 2053 «
275 2013 366 2058 Cur
390 2029 515 2072 ergo,
544 2011 689 2075 inquis
709 2049 719 2066 ,
751 2011 804 2056 de
832 2009 1106 2074 temporibus
1130 2006 1442 2070 cognoscendis

61 2082 191 2146 »ipse
225 2083 439 2128 Dominus
466 2092 641 2136 monet,
681 2082 757 2127 ubi
792 2081 933 2127 dicit:
958 2079 1173 2137 Quisnam
1199 2090 1262 2125 est
1299 2077 1441 2124 fidelis

62 2174 82 2194 »
102 2170 248 2198 servus
272 2163 312 2199 et
331 2152 546 2216 prudens,
575 2169 704 2216 quem
737 2151 965 2197 constituit
989 2150 1197 2197 dominus
1219 2167 1351 2213 super
1372 2148 1441 2194 fa-

63 2245 84 2266 »
102 2223 266 2269 miliam
301 2240 423 2269 suam
445 2260 454 2279 ‚
494 2235 543 2268 ut
574 2224 646 2268 det
675 2223 758 2269 illis
785 2223 933 2269 cibum
959 2223 1006 2267 in
1027 2220 1326 2285 tempore39»
1350 2230 1434 2266 etc,

2 2320 3 2355 3
63 2295 156 2340 Imo
165 2311 264 2340 vero
281 2305 446 2350 monet,
464 2311 553 2339 non
573 2305 618 2340 ut
638 2294 780 2340 bonus
791 2310 935 2340 servus
945 2302 1178 2353 cognoscat
1194 2302 1443 2355 temporum

2 2368 5 2421 ²:
64 2364 217 2422 fidem3
247 2366 319 2411 sed
345 2376 393 2411 ut
416 2365 535 2411 omni
559 2376 755 2429 tempore
774 2365 819 2410 in
840 2381 970 2428 opere
1000 2364 1118 2409 bono
1140 2361 1316 2422 vigilet,
1341 2360 1446 2425 quia

3 2451 5 2495 ζ
64 2435 198 2481 nescit
225 2447 471 2515 temporum
495 2436 641 2482 finem.
686 2437 785 2482 Non
822 2445 971 2481 monet
1002 2445 1051 2480 ut
1074 2444 1308 2496 tempora,
1344 2447 1446 2494 quae

3 2500 6 2568 ᾖ
65 2505 192 2552 Pater
212 2507 359 2571 posuit
382 2507 427 2553 in
453 2523 528 2553 sua
554 2517 797 2570 potestate,
835 2520 1115 2583 assequamur
1143 2519 1276 2567 super
1298 2503 1446 2579 Apos-

5 2606 7 2611 ι
66 2577 197 2635 tolos;
232 2577 305 2625 sed
335 2589 509 2635 monet,
540 2589 588 2625 ut
612 2577 821 2643 quoniam
852 2576 1069 2624 nescimus
1095 2573 1276 2640 quando
1303 2571 1448 2620 veniat

114 2659 124 2681 ¹
147 2657 263 2693 Manh
278 2670 366 2700 xvv,
384 2662 437 2698 45.
