1769 3235
1740 0 1744 93 ἔ

1741 131 1744 212 3

344 286 439 351 274
751 301 786 330 s.
830 288 1075 333 AUGUSTIM
1109 303 1311 336 EPISCOPI
1742 280 1746 363 3

344 366 441 411 titia
465 364 704 419 declinare;
742 374 782 410 et
801 376 919 410 nunc
941 365 999 412 ita
1023 366 1160 412 ¹sancti
1172 370 1402 426 juvantur,
1431 371 1480 413 ut
1501 365 1715 416 declinare
1742 379 1746 444 3

343 450 432 482 non
461 435 644 500 possint,
677 428 888 497 siquidem
912 449 1006 482 eam
1026 447 1287 500 acceperunt
1311 433 1483 482 volendi
1517 446 1714 501 perseve‘·
1743 448 1747 489 ὲ

344 506 549 563 mutiam,
577 516 626 551 ut
646 504 764 551 aliud
790 504 897 552 velle
922 523 1010 552 non
1033 507 1229 570 possint3
1264 505 1331 552 vel
1355 506 1415 553 sic
1437 506 1618 571 quidam
1637 501 1715 554 de-
1743 498 1747 547 ἷ

345 588 566 632 seruntur,
583 586 632 622 ut
656 585 731 621 aut
751 589 831 621 nec
852 576 1078 634 accedant,
1101 587 1173 624 aut
1197 578 1230 623 si
1258 576 1512 623 accesserint
1530 588 1572 623 et
1594 582 1714 623 rece·
1744 591 1747 617 s

345 648 451 694 dant
469 646 523 693 ad
541 646 660 692 illam
674 645 941 692 voluntatem
956 648 1213 711 pertinuisse
1229 647 1384 693 dicunt
1407 641 1715 715 exhortationis
1744 620 1748 712 3

344 719 412 767 vel
435 718 781 785 comminationis
796 717 1022 764 utilitatem
1043 735 1143 782 quae
1161 723 1203 763 et
1232 716 1488 782 persistendi
1512 728 1553 763 et
1576 717 1711 764 desis*
1744 732 1748 784 g

343 790 464 837 'tendi
489 788 718 835 obtinebat
742 788 922 835 liberam
958 798 1213 851 potestatem
1236 809 1248 843 ;
1276 806 1365 834 non
1398 788 1453 834 ad
1479 789 1612 846 hanc,
1640 784 1711 835 cui
1745 808 1749 848 ς

338 857 452 907 nolle
483 860 694 921 justitiam
742 859 985 904 inevitabili
1022 859 1272 905 necessitate
1304 863 1591 919 conjunctum
1628 863 1707 917 est,
1745 875 1767 920 3¹

341 941 502 995 praeter
523 930 638 985 illos,
655 929 731 993 qui
748 929 808 974 sic
830 929 1048 974 concreati
1071 939 1169 975 sunt
1191 928 1279 987 his,
1300 930 1497 993 quicum
1516 928 1714 976 universa
1746 933 1750 988 ἰ

341 1015 478 1049 massa
513 1001 708 1046 damnati
732 1010 847 1058 sunt,
877 1010 924 1046 ut
947 1001 1242 1064 exciperentur
1284 1017 1364 1064 per
1396 999 1574 1060 gratiam
1599 991 1712 1046 libe-
1745 1018 1767 1063 3

338 1071 480 1118 randi.
499 1069 627 1116 Uude
649 1070 694 1115 in
711 1069 799 1116 hoc
827 1066 916 1115 solo
938 1070 1095 1117 volunt
1114 1088 1136 1115 a
1157 1071 1301 1133 primo
1321 1066 1500 1116 homine
1518 1070 1714 1116 omniurn
1745 1069 1769 1121 23:

341 1141 500 1187 distare
517 1147 737 1196 naturam,
762 1151 811 1186 ut
844 1136 968 1186 illum
992 1141 1167 1200 integris
1190 1141 1356 1187 viribus
1389 1139 1623 1188 voluntatis
1638 1143 1716 1199 ju-'k
1747 1144 1769 1184 ῐι.

340 1223 459 1259 varet
481 1211 621 1272 gratia
643 1210 875 1267 volentem,
901 1212 990 1258 sine
1010 1228 1096 1274 qua
1115 1229 1386 1275 perseverare
1413 1228 1501 1257 non
1518 1220 1714 1275 poterat:
1747 1207 1750 1226 ³

340 1283 423 1328 hos
449 1293 592 1328 autem
622 1281 784 1327 amissis
813 1292 855 1326 et
880 1281 1061 1344 perditis
1084 1280 1251 1329 viribus
1275 1282 1497 1347 credentes
1524 1291 1714 1338 tantum,
1747 1299 1750 1315 0

339 1371 428 1399 non
453 1353 592 1399 solum
614 1353 749 1412 erigat
783 1363 1047 1416 prostrat0s3
1074 1354 1355 1399 verumetiam
1382 1352 1598 1399 suffulciat
1625 1365 1720 1397 am·

340 1424 553 1471 bulantes.
581 1424 800 1468 Caeterum
825 1422 1154 1486 quidquidlibet
1177 1423 1388 1469 donatum
1410 1424 1464 1469 sit
1491 1423 1721 1487 praeclesti-
1747 1408 1750 1476 l

341 1496 452 1541 natis
472 1494 516 1540 id
553 1510 675 1558 posse
694 1504 734 1539 et
759 1494 897 1539 amitti
912 1504 954 1539 et
977 1495 1150 1540 retineri
1165 1495 1344 1558 propria
1368 1491 1592 1541 voluntate
1611 1504 1721 1540 con-‘-
1747 1492 1765 1531 l·

343 1565 544 1612 tendunt.
588 1563 719 1621 Quod
753 1575 857 1610 tunc
894 1563 1050 1609 falsum
1077 1575 1203 1622 esset,
1247 1566 1280 1610 si
1326 1581 1479 1611 verum
1517 1567 1722 1628 putarent
1747 1538 1758 1639 31

340 1653 433 1683 eam
468 1634 679 1699 quosdam
713 1634 1078 1698 perseverantiam
1102 1635 1369 1698 percepisse,
1400 1644 1448 1679 ut
1471 1634 1552 1680 nisi
1575 1646 1724 1698 perse-'-
1748 1629 1769 1689 333·

349 1717 545 1754 verantes
572 1723 658 1751 esse
687 1722 774 1750 non
800 1705 983 1768 possint.
1747 1692 1751 1758 3

412 1778 513 1823 Vll.
544 1797 564 1817 α
596 1776 703 1821 lnde
727 1785 789 1821 est
821 1774 941 1838 quod
970 1785 1013 1820 et
1036 1774 1146 1821 illud
1171 1776 1334 1839 pariter
1358 1794 1446 1823 non
1472 1776 1722 1840 accipiunt,
1748 1760 1769 1836 353

349 1859 397 1894 ut
420 1845 717 1907 eligendorum
748 1843 1172 1909 rejiciendorumque
1200 1864 1287 1892 esse
1318 1846 1546 1893 definitum
1571 1858 1727 1893 nume-
1748 1843 1769 1922 3³

353 1935 448 1965 rum
471 1917 639 1963 nolint:
666 1927 793 1979 atque
817 1911 932 1962 illius
954 1916 1178 1962 sententiae
1196 1917 1505 1980 expositionem
1530 1933 1619 1963 non
1636 1932 1728 1963 eam
1748 1911 1769 1981 3³¹

355 2005 456 2052 quae
479 2006 500 2033 a
531 1997 571 2033 te
601 1998 662 2032 est
693 1986 955 2049 deprompta
985 1987 1247 2049 suscipiant,
1281 1986 1326 2033 id
1364 1997 1448 2045 est,
1480 1997 1528 2033 ut
1560 1982 1730 2033 nonnisi
1748 1983 1769 2048 {l

358 2074 503 2105 omnes
529 2057 726 2102 homines
747 2055 885 2101 salvos
908 2056 999 2101 fieri
1024 2051 1151 2111 velit,
1187 2067 1226 2101 et
1261 2074 1347 2124 non
1367 2075 1437 2103 eos
1462 2067 1628 2102 tantum
1655 2055 1730 2120 qui
1749 2051 1766 2127 ξι

361 2131 415 2177 ad
439 2139 687 2175 sanctorum
708 2143 938 2171 numerum
958 2126 1259 2188 pertinebunt,
1282 2125 1352 2172 sed
1372 2144 1518 2172 omncs
1535 2127 1728 2181 omninos
1748 2140 1767 2167 ἑ»

361 2213 410 2247 ut
431 2199 576 2245 nullus
595 2198 811 2243 habeatnr
835 2206 1051 2258 exceptus.
1091 2195 1180 2241 Nec
1212 2197 1298 2242 hoc
1316 2196 1557 2242 timendum
1575 2233 1585 2252 ‚
1614 2193 1733 2259 quod
1748 2177 1769 2249 lc

363 2271 543 2337 quidam
561 2282 610 2315 eo
628 2268 767 2313 invito
797 2267 937 2330 perire
960 2266 1163 2312 dicantur
1184 2285 1194 2312 :
1223 2267 1293 2312 sed
1316 2266 1536 2330 quomodo
1553 2305 1564 2324 ,
1588 2268 1729 2322 aiunt,
1748 2260 1769 2337 3’

365 2357 453 2390 non
478 2340 573 2386 vult
599 2357 620 2384 a
651 2354 871 2401 quoquam
898 2337 1069 2400 peccari
1094 2336 1160 2383 vel
1180 2337 1314 2383 deseri
1333 2339 1570 2397 justitiam,
1595 2347 1637 2383 et
1665 2337 1769 2397 tar-33:

367 2428 463 2459 men
480 2413 643 2470 jugiter
665 2407 738 2453 illa
766 2407 976 2453 deseritur
1006 2417 1159 2452 contr-a
1183 2410 1273 2467 ejus
1297 2408 1588 2463 voluntatem,
1611 2399 1769 2478 'com-31

370 2485 690 2543 mittunturque
715 2485 894 2541 peccata
929 2496 938 2522 :
968 2478 1027 2523 ita
1049 2495 1143 2523 eum
1170 2478 1326 2525 salvari
1351 2477 1458 2524 velle
1481 2493 1628 2524 omnes
1652 2477 1766 2532 h'02-31

370 2553 531 2608 mines,
568 2566 647 2596 nec
684 2560 828 2594 tamen
862 2565 1008 2593 omnes
1041 2544 1238 2594 homines
1270 2548 1438 2596 salvari.
1477 2537 1769 2610 Testimonia33÷
