1769 3235
336 263 394 310 28
740 280 774 310 s,
819 279 1058 310 Accusrim
1094 278 1295 311 Eriscom

330 355 524 390 nostrum
563 344 793 391 modulum
825 344 988 401 vincit,
1028 356 1069 390 et
1109 355 1257 408 aperta
1289 344 1437 393 divina
1465 346 1695 411 Scriptura
1762 353 1766 406 ξ

329 430 417 459 non
434 413 637 460 subvenit
654 451 665 472 ‚
690 425 844 460 temere
860 413 967 460 hinc
989 414 1153 478 aliquid
1177 414 1355 461 definire
1377 415 1572 462 humana
1595 433 1697 462 con·
1761 422 1765 461 ἒ

324 486 494 543 jectura
516 485 755 548 praesumit.
783 484 1034 531 Secundum
1051 486 1162 531 vitas
1183 496 1321 531 autem
1340 522 1350 541 ‚
1377 503 1484 549 quas
1501 487 1699 550 proprias

331 553 495 601 habere
526 555 776 618 incipiunt,
810 572 944 601 novos
981 556 1177 602 homines
1212 556 1397 601 dicimus
1431 557 1576 613 nasei,
1613 557 1700 604 sive
1759 556 1763 610 j

333 624 499 681 anima,
517 625 604 671 sive
623 642 818 689 corpore.
844 627 899 672 At
916 642 1017 672 vero
1045 626 1283 672 secundum
1309 626 1516 686 originale
1538 643 1700 690 pecca-
1758 638 1761 659 -’

331 704 426 752 tum
447 705 606 741 veteres
630 707 889 750 nascuntur;
911 696 1008 742 ideo
1032 697 1296 759 baptismate
1319 708 1598 743 renovantur.
1757 706 1769 757 J,

397 765 540 812 XVII.
569 766 749 830 Aliquid
774 784 874 826 ergo
900 778 1065 813 certum
1081 767 1134 812 de
1151 767 1308 813 animae
1322 767 1486 827 origine
1503 766 1702 813 nondum
1756 798 1759 803 n

331 833 379 881 in
410 835 649 898 Scripturis
678 837 898 883 canonicis
929 836 1137 900 comperi.
1169 838 1279 882 Nam
1304 837 1335 882 ii
1353 836 1430 900 qui
1451 853 1583 882 novas
1613 837 1703 882 sine
1755 857 1757 896 ss

335 904 423 951 ulla
453 906 695 969 propagine
726 918 921 953 asserunt
949 910 1112 954 animas
1136 908 1250 961 fieri,
1288 908 1401 953 inter
1437 907 1702 964 testimonia,
1754 920 1757 935 ³

335 975 498 1038 quibus
511 975 557 1021 id
576 977 778 1022 nituntur
793 977 1033 1032 ostendere,
1056 987 1228 1040 ponunt
1244 978 1371 1023 etiam
1386 977 1459 1023 illa
1478 977 1567 1023 duo
1583 1013 1593 1032 ,
1613 992 1715 1039 quae
1752 992 1755 1020 ;

338 1043 472 1106 paulo
493 1056 591 1091 ante
614 1047 980 1092 commemoravi:
999 1067 1018 1086 «
1036 1047 1124 1103 Qui
1151 1047 1276 1107 fingit
1299 1047 1502 1110 spiritum
1525 1046 1716 1092 hominis
1750 1069 1754 1093 ε

342 1113 538 1176 »inipso
557 1132 568 1160 t
589 1136 610 1156 »
627 1126 669 1160 et
683 1152 694 1172 ,
718 1136 737 1156 ε(
757 1116 845 1172 Qui
859 1116 982 1161 finxit
998 1116 1248 1176 singillatim
1266 1117 1399 1162 corda
1417 1117 1648 1162 hominum
1665 1152 1676 1171 ‚
1693 1136 1714 1158 »
1751 1118 1753 1138 ³

339 1182 394 1228 de
411 1184 573 1246 quibus
592 1185 711 1231 vides
732 1185 1105 1248 quemadmodum
1123 1187 1258 1250 possit
1279 1205 1302 1232 a
1317 1187 1613 1233 resistentibus
1629 1202 1713 1231 res·
1748 1210 1752 1249 3

339 1252 539 1316 ponderi.
573 1255 727 1301 Utrum
753 1256 868 1301 enim
906 1273 1006 1302 cum
1037 1257 1161 1316 fingit
1194 1274 1240 1302 ex
1271 1257 1354 1302 alio
1383 1257 1544 1317 fingat,
1576 1273 1631 1301 an
1665 1271 1713 1301 ex
1747 1286 1750 1315 5

339 1323 506 1381 nihilo,
532 1325 748 1372 incertum
774 1336 850 1373 est.
881 1326 997 1373 Illud
1025 1338 1166 1373 tamen
1200 1329 1312 1374 inter
1335 1338 1491 1373 caetera
1512 1326 1711 1372 testimo·
1746 1339 1749 1390 j

340 1392 464 1439 nium
489 1395 663 1442 videtur
681 1413 766 1442 esse
786 1397 1064 1461 praecipuum
1081 1434 1091 1453 ‚
1111 1397 1232 1461 quod
1256 1399 1301 1443 in
1324 1397 1439 1443 libro
1467 1395 1711 1442 Salomonis
1745 1391 1748 1403 ’

341 1462 615 1512 Ecclesiastae
647 1466 803 1527 legitur
835 1486 845 1513 :
883 1489 903 1509 c<
924 1469 980 1513 Et
1007 1479 1242 1514 revertetur
1265 1467 1411 1531 pulvis
1449 1468 1494 1514 in
1520 1477 1705 1522 terram,
1743 1486 1746 1501 ι

340 1553 363 1576 »
385 1533 497 1580 sieut
524 1547 638 1592 erat3
667 1548 708 1583 et
731 1538 908 1601 spiritus
940 1548 1179 1585 revertetur
1202 1538 1258 1584 ad
1283 1540 1421 1584 Deum
1439 1575 1452 1594 ,
1486 1539 1564 1601 qui
1587 1536 1709 1583 dedit
1742 1553 1746 1564 ’

341 1624 362 1646 »
385 1605 529 1653 eum1.
557 1628 576 1648 >2
603 1607 687 1653 Sed
710 1608 915 1654 facillime
939 1608 1243 1672 respondetur,
1275 1625 1434 1672 corpus
1458 1608 1504 1654 in
1524 1619 1704 1663 terram,
1740 1617 1744 1629 ¹

338 1673 393 1720 de
413 1692 499 1738 qua
523 1676 688 1723 factum
720 1689 782 1724 est
804 1679 998 1742 primum
1025 1678 1215 1725 hominis
1245 1695 1406 1742 corpus
1424 1715 1435 1735 ‚
1461 1689 1503 1724 et
1531 1677 1709 1741 spiritus
1739 1733 1742 1746 1

338 1744 393 1790 ad
421 1746 584 1804 Deum,
610 1766 634 1793 a
667 1766 756 1812 quo
784 1749 898 1795 facta
927 1761 989 1796 est
1021 1750 1162 1813 prima
1186 1749 1377 1796 hominis
1401 1749 1558 1795 anima.
1584 1748 1709 1794 Sicut

335 1816 450 1862 enim
474 1828 671 1864 nostrum
705 1836 888 1884 corpus,
910 1821 1144 1884 inquiunt,
1175 1820 1372 1884 quamvis
1392 1837 1439 1865 ex
1457 1819 1610 1898 ‘primo
1633 1818 1708 1864 illo
1735 1870 1739 1889 ζ

335 1902 519 1950 corpore
536 1900 829 1951 propagatum
849 1890 930 1946 sit,
957 1908 1006 1936 eo
1025 1901 1168 1937 tamen
1189 1890 1302 1936 redit
1323 1890 1464 1936 unde
1453 1906 1598 1953 lpsum
1620 1889 1707 1952 pri-

335 1975 457 2005 mum
479 1975 639 2022 corpus
658 1961 860 2007 affectum
877 1972 971 2006 est:
993 1961 1053 2007 sic
1074 1962 1217 2007 anima
1244 1972 1416 2017 nostra,
1444 1960 1643 2024 quamvis
1660 1977 1708 2006 ex
1733 1963 1738 2019 J

335 2027 410 2074 illa
435 2030 579 2075 anima
598 2042 861 2094 propagata,
884 2048 972 2077 non
991 2031 1046 2077 ad
1069 2032 1282 2088 nihilum,
1314 2032 1417 2095 quia
1444 2030 1702 2077 immortalis
1733 2037 1736 2090 J

335 2109 421 2155 est,
445 2099 517 2145 sed
535 2100 590 2146 ad
607 2100 729 2147 illum
745 2101 886 2158 redit,
907 2119 930 2147 a
948 2119 1035 2165 quo
1055 2103 1147 2165 ipsa
1163 2069 1305 2166 prinia
1330 2102 1474 2147 anima
1490 2101 1606 2147 facta
1623 2111 1700 2148 est.
1731 2097 1735 2160 J
1766 2135 1769 2155 ,

337 2171 400 2215 Ac
424 2187 500 2233 per
521 2171 607 2217 hoc
627 2171 738 2217 illud
760 2172 880 2236 quod
909 2173 1120 2236 scriptum
1147 2185 1209 2218 est
1233 2173 1286 2218 de
1311 2173 1468 2235 spiritu
1493 2176 1706 2236 cujusque
1729 2166 1734 2181 ‘

335 2239 525 2286 hominis
539 2278 549 2298 ,
570 2242 691 2305 quod
712 2242 857 2288 redeat
880 2243 934 2288 ad
957 2244 1097 2289 Deum
1113 2281 1123 2300 ‚
1142 2243 1216 2307 qui
1231 2243 1352 2289 dedit
1367 2261 1461 2289 eum
1483 2280 1494 2299 ‚
1517 2260 1605 2288 non
1625 2242 1707 2289 sol·
1729 2264 1731 2273 2

334 2311 395 2357 vit
421 2311 547 2357 istam
578 2312 927 2359 obscurissimam
960 2315 1270 2377 quaestionem
1298 2316 1402 2377 quia
1427 2315 1514 2360 sive
1548 2330 1595 2359 ex
1630 2313 1731 2377 illo]

336 2396 423 2426 uno
439 2417 450 2438 ‚
474 2382 560 2428 sive
584 2400 631 2428 ex
646 2383 767 2429 nullo
788 2384 870 2429 alio
884 2421 895 2440 ,
918 2387 1034 2430 Deus
1055 2386 1204 2448 utique
1228 2384 1347 2430 dedit
1368 2400 1481 2431 eum.
1724 2392 1729 2449 ζ

399 2452 564 2500 XVIII.
598 2454 794 2518 Itemque
811 2455 873 2501 illi
894 2456 1271 2519 quipropaginem
1292 2456 1532 2502 animarum
1548 2454 1727 2503 incon—5
1764 2506 1767 2508 ,

330 2520 515 2568 siderata
535 2525 770 2573 temeritate
792 2524 1052 2584 defendunt,
1076 2526 1187 2572 inter
1206 2525 1286 2572 alia
1305 2524 1547 2572 testimonia
1562 2560 1573 2581 ,
1600 2539 1702 2587 quae

379 2604 390 2627 ¹
413 2605 514 2638 Eccle.
531 2616 591 2647 xit,
607 2618 639 2647 7,
