1769 3235
513 257 725 288 nris'ronA
760 258 915 289 cxciii.
1342 245 1403 299 45

33 331 132 368 sunt
149 319 336 370 duobus.
367 321 451 367 Sed
474 338 620 368 revera
648 332 861 385 quantum
881 322 936 369 ad
963 323 1094 368 verba
1115 323 1232 369 beati
1256 323 1402 388 Apos-

31 391 109 438 toli
144 392 356 455 pertinet,
383 392 557 439 videtur
580 409 759 438 asserere
795 392 1006 457 quosdam
1046 392 1091 438 in
1134 394 1219 439 fine
1255 396 1404 443 saeculi

31 461 281 510 adveniente
305 464 493 510 Domino
513 500 523 518 ,
547 480 646 509 cum
669 463 815 510 futura
834 475 896 510 est
920 463 1177 510 resurrectio
1198 476 1402 513 mortuo-

29 549 150 589 rum,
182 550 269 580 non
293 551 379 580 esse
416 534 676 589 morituros,
711 534 784 580 sed
817 535 937 581 vivos
976 544 1169 597 repertos
1206 534 1252 579 in
1279 535 1399 583 illam

27 603 411 652 immortalitatem.
437 622 536 668 quae
559 604 716 650 sanctis
730 606 859 651 etiam
879 605 1044 650 caeteris
1064 604 1210 660 datur,
1225 617 1402 669 repente

29 674 283 729 mutandos,
315 687 356 721 et
379 676 507 722 simul
531 676 684 721 «Cum
717 676 802 722 illis
834 675 1094 739 rapiendOS‚
1120 676 1231 722 sicut
1257 676 1394 735 dicit,

29 766 50 787 >2
71 745 116 791 in
144 745 338 792 nubibus
360 765 370 792 :
390 768 409 789 ›>
429 764 509 792 nec
533 746 698 811 aliquid
723 746 843 793 aliud
867 747 977 792 mihi
1005 747 1146 793 visum
1167 759 1256 805 est,
1283 765 1400 813 quo-

29 816 104 863 ties
125 816 179 862 de
205 817 276 863 his
298 818 440 865 verbis
462 818 581 864 volui
602 820 807 878 cogitare.

92 888 146 934 X.
177 887 261 934 Sed
290 888 442 935 vellem
467 888 573 934 hinc
601 889 748 953 potius
782 889 933 936 audire
964 889 1209 947 doctiores,
1237 908 1289 937 ne
1315 891 1400 939 illis

27 956 153 1003 etiam
177 958 253 1022 qui
272 970 429 1022 putant
455 959 623 1023 aliquos
647 970 784 1006 morte
801 977 888 1006 non
913 959 1188 1023 praecedente
1199 961 1400 1008 vivifica-

26 1037 92 1074 tos
133 1028 188 1074 ad
226 1030 358 1076 vitam
400 1041 654 1094 ΡειΡθωῑηι
687 1031 942 1077 transituros
979 1030 1123 1076 dicere
1154 1029 1400 1080 inveniatur

29 1099 288 1179 Apostolus,
312 1123 331 1143 «
354 1101 495 1147 Stulte
520 1138 530 1157 ,
566 1112 612 1147 tu
641 1101 762 1166 quod
791 1101 974 1148 seminas
1007 1118 1095 1146 non
1120 1101 1395 1162 vivificatur,

27 1169 147 1214 »nisi
172 1171 292 1233 prius
318 1170 574 1218 moriatur1.
599 1193 618 1213 »
639 1172 752 1217 Nam
771 1182 812 1217 et
829 1171 938 1217 illud
963 1171 1116 1234 quod
1106 1188 1150 1216 lu
1181 1172 1400 1238 plerisque

25 1239 255 1286 codicibus
282 1241 464 1302 legitur,
511 1242 712 1288 «Omnes
749 1240 1049 1302 resurgemus²
1067 1262 1116 1297 ,»
1159 1243 1274 1289 unde
1306 1246 1400 1292 fieri

24 1313 184 1375 poterit
204 1349 215 1369 ‚
243 1279 346 1359 nisi²³
347 1331 493 1360 omnes
510 1314 776 1360 moriamur?
800 1313 1076 1359 Resurrectio
1102 1313 1293 1378 quippe,
1316 1317 1397 1365 nisi

24 1398 140 1428 mors
162 1387 454 1447 praecesserit,
494 1385 612 1431 nulla
647 1396 723 1432 est.
767 1387 821 1432 Et
845 1385 964 1449 quod
996 1383 1196 1430 nonnulli
1226 1386 1397 1435 codices

24 1452 190 1500 habent
209 1493 219 1511 ‚
248 1478 268 1498 «
291 1457 455 1503 Omnes
478 1457 741 1504 dormiemus
759 1495 770 1514 ‚
793 1479 813 1500 »
838 1456 976 1502 multo
994 1454 1166 1501 facilius
1190 1467 1231 1502 et
1267 1475 1396 1523 aper-

25 1524 108 1570 tius
149 1525 194 1572 id
228 1528 344 1588 cogit
372 1528 587 1588 intelligi:
627 1539 668 1574 et
695 1528 729 1573 si
762 1527 870 1592 quid
912 1525 1031 1572 aliud
1063 1526 1143 1571 tale
1165 1527 1211 1572 in
1235 1530 1396 1578 sanctiS

23 1592 174 1642 litteris
195 1597 442 1656 invenitur,
476 1599 532 1645 ad
567 1598 612 1645 id
638 1599 811 1645 videtur
830 1597 1051 1662 impellere
1072 1608 1120 1643 ut
1145 1597 1290 1644 nullus
1317 1600 1397 1647 ho-

23 1666 188 1714 minum
214 1669 886 1725 existimeturimmortalitatem,
916 1668 997 1714 nisi
1022 1685 1136 1713 mors
1160 1686 1394 1732 praecesse-

23 1737 105 1795 rit,
141 1739 392 1805 adepturus.
429 1741 619 1788 Proinde
648 1742 726 1788 ubi
757 1741 866 1787 dixit
899 1739 1160 1804 Apostolus,
1187 1761 1207 1781 «
1239 1742 1293 1786 Et
1318 1759 1397 1790 nos

25 1829 46 1852 »
63 1809 250 1857 viventes
270 1813 347 1877 qui
380 1813 535 1877 reliqui
568 1830 717 1859 sumus
752 1813 797 1859 in
822 1812 1058 1858 adventum
1082 1811 1277 1867 Domini,
1305 1830 1394 1860 non

25 1901 46 1922 ›>
66 1884 381 1945 praeveniemus
401 1901 470 1930 eos
493 1886 569 1948 qui
600 1895 696 1929 ante
726 1883 1012 1929 dormierunt.
1045 1882 1143 1945 Ipse
1165 1882 1279 1927 enirn
1302 1885 1396 1929 Do-

25 1953 210 2000 »minus
233 1955 276 2000 in
308 1959 458 2015 jussu,
495 1956 538 2001 in
577 1973 683 2002 voce
719 1953 1010 2014 Archangeli,
1043 1964 1083 1998 et
1107 1953 1152 1998 in
1184 1953 1292 1999 tuba
1316 1954 1396 2001 Dei

27 2023 296 2071 »descendet
335 2026 389 2073 de
430 2026 578 2072 coelo:
614 2038 656 2072 et
694 2025 856 2072 mortui
889 2025 933 2070 in
971 2023 1148 2069 Christo
1177 2035 1397 2085 resurgent

24 2117 45 2138 »
66 2096 223 2159 primi;
249 2097 404 2144 deinde
429 2116 506 2144 nos
527 2099 742 2153 viventes,
768 2098 844 2162 qui
878 2096 1034 2160 reliqui
1062 2112 1210 2141 sumus
1228 2133 1239 2152 ‚
1266 2096 1396 2143 simul

25 2185 44 2208 >2
67 2167 264 2214 cumillis
276 2170 495 2233 rapiemur
516 2170 561 2215 in
582 2170 777 2215 nubibus
797 2167 972 2214 obviam
997 2167 1175 2212 Christo
1198 2167 1243 2212 in
1265 2173 1391 2213 aera:

24 2240 185 2285 »etita
211 2258 381 2304 semper
415 2259 516 2287 cum
551 2241 738 2287 Domino
771 2241 930 2286 erimus
946 2239 977 2285 ³.
999 2260 1018 2280 >2
1047 2237 1209 2283 Vellem
1233 2275 1243 2294 ‚
1284 2239 1398 2284 sicut

25 2309 135 2366 dixi,
158 2310 211 2356 de
230 2312 298 2357 his
324 2311 472 2358 audire
501 2311 716 2357 doctiores
735 2349 745 2367 ‚
770 2322 811 2356 ct
836 2311 867 2356 si
891 2308 1021 2355 modo
1051 2309 1272 2371 potuerint
1296 2308 1396 2355 haec

25 2379 80 2426 ita
106 2382 285 2445 exponi,
314 2393 361 2428 ut
387 2383 429 2427 in
453 2383 509 2428 eis
534 2382 669 2446 possit
688 2381 898 2440 intelligi,
927 2396 1073 2425 omnes
1106 2378 1303 2425 homines
1320 2379 1399 2444 qui

26 2451 201 2511 vivunt,
221 2453 287 2500 vel
314 2464 410 2517 post
439 2471 514 2500 nos
540 2454 696 2500 victuri
724 2464 853 2509 sunt,
877 2469 962 2498 esse
983 2450 1213 2496 morituros
1229 2488 1239 2506 ‚
1261 2451 1401 2497 corri-

27 2540 120 2586 gere
142 2525 262 2590 quod
293 2525 399 2571 hinc
433 2524 668 2591 aliquando
699 2524 820 2571 aliter
847 2522 971 2570 sensi.
1004 2523 1152 2585 'Neque
1178 2522 1293 2569 enim
1321 2520 1403 2570 de-

76 2608 84 2631 1
109 2620 119 2639 x
138 2611 210 2642 Cor.
230 2621 284 2647 xv,
310 2611 361 2643 36.
380 2628 419 2635 —-
442 2608 689 2645 ²1bid,51.=-=
708 2607 722 2632 ³
749 2621 761 2641 1
784 2608 895 2643 1hess.
919 2618 964 2645 xv,
990 2606 1040 2638 15-
