1769 3235
463 303 869 336 RETRACTATIONUM
906 307 991 336 mn.
1036 306 1083 336 11.
1378 289 1471 353 519

90 371 217 417 enlm
237 367 714 427 lzocfczctcmzficerc'l,
732 369 841 430 jam
860 387 953 414 non
976 372 1064 415 erit
1080 387 1188 415 caro
1203 381 1246 415 el
1260 372 1467 433 sanguis,

90 440 179 485 secl
210 439 395 484 coeleste
432 455 630 499 corpu&
668 455 754 483 non
785 439 845 484 sic
880 440 1185 503 accipiendum
1220 450 1311 495 est,
1345 440 1470 503 quasi

90 508 231 554 carnis
258 525 344 553 nou
369 507 422 553 sit
442 506 590 552 futura
619 507 878 563 substantia,
910 509 981 554 sed
1005 509 1147 554 carnis
1182 519 1222 554 et
1251 510 1469 569 sanguinis

88 578 263 625 nomine
300 578 438 641 ipsam
471 577 797 640 corruptionem
835 580 976 624 carnis
1005 590 1046 624 et
1083 580 1301 639 sanguinis
1342 579 1468 625 intel-

88 647 285 708 ligendus
325 658 386 693 est
434 648 668 710 Apostolus
715 664 1026 711 nuncupasse;
1083 666 1182 712 quae
1228 650 1378 712 utique
1425 649 1471 695 in

88 735 220 778 regno
272 718 346 764 illo
399 736 487 764 non
529 718 609 763 erit
633 756 643 774 ‚
695 719 770 764 ubi
820 736 920 764 caro
974 720 1322 782 incorruptibilis
1370 720 1463 767 erit.

90 790 301 846 Quamvis
329 801 372 836 et
398 790 520 836 aliter
544 790 679 853 possit
700 791 908 850 intelligi,
950 802 997 836 ut
1021 808 1192 835 carnem
1225 802 1265 836 et
1295 793 1471 848 sangui-

88 877 186 905 nem
212 877 342 923 opera
366 860 508 905 carnis
531 870 571 905 et
605 860 824 920 sanguinis
852 861 1003 906 dixisse
1040 860 1306 923 accipiamus
1330 863 1470 922 Apos-

89 931 252 986 tolum,
277 941 319 977 et
346 947 418 977 eos
447 947 626 991 regnum
666 932 744 976 Dei
780 948 866 976 non
895 947 1182 995 possessuros,
1220 931 1295 993 qui
1325 948 1470 993 perse-

89 1012 286 1047 veranter
318 1002 398 1048 ista
424 1001 664 1048 dilexerint.
699 1001 782 1047 Hic
816 1002 926 1047 liber
959 1002 1019 1047 sic
1052 1001 1208 1065 incipit
1240 1019 1250 1046 :
1290 1005 1473 1047 Corona

89 1083 322 1119 metonae.

96 1252 339 1264 mmm—mss
350 1252 963 1264 mmmmmusnsvs=us===
989 1252 1277 1263 saessstsmszxsszs
1288 1251 1402 1262 κωπῆς,
1412 1251 1471 1261 W*

640 1380 817 1424 CAPUT
850 1381 918 1423 IV.

274 1519 338 1558 De
372 1518 586 1559 Doctrina
624 1518 908 1566 Christiana,
946 1518 1053 1560 libri
1085 1530 1287 1575 quatuor.

157 1667 192 1716 l.
220 1667 389 1711 Lissltos
412 1667 472 1710 (le
502 1666 736 1711 Doctrina
771 1667 1064 1722 Clzc‘rstc'ana,
1099 1683 1202 1712 cum
1230 1667 1465 1730 imperfec-

90 1748 158 1783 tos
192 1736 497 1799 comperissem
517 1773 527 1791 ‚
566 1737 775 1799 perficere
799 1736 934 1782 malui
961 1753 1094 1800 quam
1131 1737 1190 1782 eis
1224 1737 1285 1783 sic
1309 1738 1469 1784 relictis

89 1807 145 1854 ad
170 1806 251 1853 alia
288 1806 563 1853 retractanda
593 1807 784 1853 transire.
815 1807 1045 1870 tlomplevi
1069 1824 1169 1867 ergo
1194 1807 1370 1853 tertium
1391 1808 1470 1872 qui

87 1879 275 1941 scriptus
298 1876 439 1923 fuerat
464 1893 600 1940 usque
621 1876 674 1922 ad
696 1894 793 1923 eum
818 1877 961 1923 locum
978 1877 1056 1923 ubi
1075 1889 1467 1924 commemoratum

87 1959 149 1995 est
178 1966 224 1994 ex
249 1948 483 2007 Evangelio
511 1948 802 1994 testimonium
830 1947 883 1993 de
904 1947 1097 2004 muliere,
1125 1948 1469 2011 quaeabscondit

87 2018 347 2064 fermentum
374 2019 416 2064 in
452 2018 591 2063 tribus
618 2019 829 2064 mensuris
853 2018 1006 2064 farinae
1027 2056 1037 2074 ,
1068 2018 1208 2064 donec
1230 2019 1463 2067 fermenta-

87 2099 205 2135 retur
226 2088 414 2135 totum1.
448 2088 613 2134 Addidi
630 2089 759 2134 etiam
780 2089 1062 2134 novissimum
1082 2089 1271 2144 librum,
1290 2101 1331 2135 et
1353 2107 1467 2153 qua-

88 2171 187 2206 tuor
206 2159 329 2206 libris
353 2161 479 2223 Opus
499 2159 607 2205 illud
627 2159 806 2223 implevi
826 2180 836 2213 ;
859 2177 1050 2224 quorum
1082 2160 1214 2223 primi
1235 2171 1318 2206 tres
1337 2160 1467 2220 adju—

87 2242 191 2277 vant
216 2242 264 2276 ut
284 2231 524 2294 Scriptur‘ee
546 2230 859 2290 intelligantur,
881 2242 1063 2295 quartus
1081 2243 1222 2277 autem
1243 2231 1466 2294 quomodo

87 2319 186 2365 quae
209 2301 487 2360 intelligimus
519 2301 776 2363 proferenda
795 2302 894 2347 sint.

150 2374 210 2418 ll.
258 2373 310 2417 ln
341 2371 532 2417 secundo
563 2388 664 2416 sane
706 2371 822 2417 libro
860 2371 913 2417 de
955 2383 1131 2418 auctore
1168 2371 1300 2429 libri,
1333 2388 1461 2435 quem

85 2443 232 2507 plures
254 2454 413 2489 vocant
437 2443 702 2506 Sapientiam
731 2443 1000 2496 Salomonis,
1022 2443 1286 2507 quodetiam
1302 2443 1462 2507 ipsum,

85 2513 197 2560 sicut
233 2514 581 2560 Ecclesiasticum
607 2550 616 2566 ‚
657 2518 778 2560 Jesus
815 2514 971 2560 Sirach
1007 2513 1250 2577 scripserit,
1292 2514 1464 2560 nonita

135 2626 144 2647 ¹
169 2628 247 2657 Luc.
266 2637 339 2663 xiii,
356 2637 392 2656 21
405 2649 413 2657 .
