1769 3235
1739 100 1743 150 ξ

356 270 447 316 218
764 283 797 312 s.
842 280 1086 313 AUGUSTINI
1121 280 1324 311 nrrscorl
1741 265 1744 312 f

352 351 510 398 deserit
531 349 728 402 Christi;
757 365 806 393 ac
828 365 906 410 per
933 347 1019 394 hoc
1043 348 1118 413 qui
1148 347 1282 404 dicit,
1310 369 1328 388 α
1348 349 1412 396 Ne
1437 349 1544 412 quid
1564 349 1730 397 faciatis

356 443 378 463 n
400 421 534 478 mali,
566 437 643 471 nec
662 420 743 466 ista
768 418 867 464 vult
900 417 991 467 fieri
1019 435 1029 462 :
1067 417 1254 480 satisque
1273 416 1337 464 illi
1361 434 1448 463 non
1478 430 1539 465 est
1565 419 1729 482 praeci-

354 510 484 554 pere,
523 490 597 536 sed
628 490 860 537 confitetur
894 507 935 535 se
982 490 1117 537 Deum
1154 505 1302 547 rogare
1338 506 1391 534 ne
1421 489 1552 545 fiant,
1593 477 1747 541 sciensi

354 562 547 611 hominis
569 561 838 611 voluntatem
862 559 1029 622 abipso
1054 559 1275 618 corrigiae
1295 558 1422 619 dirigi
1441 596 1452 615 ‚
1474 570 1522 606 ut
1544 560 1624 607 ista
1641 577 1729 610 non

350 632 497 681 faciat.
538 638 615 678 «A
644 632 831 681 Domino
862 631 973 679 euim
1015 647 1179 689 gressus
1198 630 1387 677 hominis
1404 629 1669 690 diriguntur,
1689 640 1732 677 et

352 725 373 746 2>
396 705 512 752 viam
539 706 629 763 ejus
650 700 795 750 volet1
817 720 828 747 ε
851 723 869 743 »
900 718 986 747 11011
1005 701 1137 755 dixit,
1168 710 1210 746 et
1237 700 1353 748 viam
1379 704 1469 760 ejus
1487 701 1639 756 discet,
1657 712 1732 751 aut

353 774 541 829 tenebit,
573 784 646 823 aut
671 771 940 827 ambulabit,
979 781 1050 816 aut
1091 769 1256 832 aliquid
1295 769 1578 830 hujusmodi,
1611 770 1748 835 quod!

352 862 498 910 posses
521 844 664 890 dicere
694 862 716 890 a
751 844 940 889 Domino
969 841 1149 904 quidem
1190 840 1314 896 dari,
1351 841 1425 887 sed
1448 841 1619 890 homini
1639 845 1732 901 jam

337 916 541 970 rvolenti3
570 925 618 963 ut
641 914 805 960 scilicet
834 912 1094 959 beneficium
1124 912 1220 967 Dei,
1242 928 1330 975 quo
1356 929 1522 971 gressus
1540 906 1750 966 hominis!

353 987 527 1047 dirigit,
550 997 599 1032 ut
618 986 731 1032 viam
751 988 842 1044 ejus
862 983 1022 1038 discat,
1046 992 1210 1029 teneat.
1238 982 1484 1042 gradiatur,
1505 999 1580 1029 sua
1598 973 1749 1044 homo}

352 1057 575 1104 voluntate
598 1054 846 1119 praecedat‚
875 1064 916 1099 et
948 1053 1034 1100 hoc
1059 1053 1138 1099 Dei
1160 1052 1327 1104 donum
1354 1053 1627 1116 praecedente
1658 1045 1749 1100 sual

351 1128 578 1177 voluntate
602 1136 834 1177 mereatur.
867 1123 950 1171 Sed
971 1123 1069 1171 ideo
1096 1123 1228 1179 dixit,
1250 1126 1321 1171 «A
1350 1125 1539 1170 Domino
1569 1115 1750 1186 gressusi

352 1220 373 1240 ι)
399 1198 590 1248 hominis
615 1197 863 1257 diriguntur
880 1233 890 1251 ‚
918 1207 960 1242 et
989 1196 1102 1246 viam
1127 1198 1217 1254 ejus
1234 1194 1376 1251 volet,
1402 1219 1420 1236 »
1445 1206 1495 1243 ut
1516 1187 1749 1254 intellige-i

351 1286 496 1315 remus
524 1269 664 1332 ipsam
689 1267 958 1315 voluntatem
986 1267 1146 1312 bonam
1170 1303 1180 1321 ‚
1227 1282 1314 1329 qua
1347 1265 1587 1329 incipimus
1626 1248 1750 1316 venel

348 1339 524 1389 credere
544 1376 554 1395 ‚
597 1338 839 1402 (quoniam
870 1338 950 1383 Dei
974 1339 1044 1383 via
1068 1336 1175 1400 quid
1204 1347 1267 1383 est
1292 1337 1375 1389 nisi
1407 1336 1514 1383 fides
1547 1339 1698 1385 recta?
1717 1307 1750 1398 )!

347 1411 466 1460 illius
496 1427 583 1461 esse
620 1409 788 1462 donum
818 1408 894 1472 qui
927 1424 1093 1468 gressus
1125 1418 1294 1455 nostros
1330 1418 1560 1471 propterea
1586 1383 1750 1468 dirigit!

351 1482 558 1546 primitus
577 1491 626 1527 ut
653 1480 848 1527 velimus..
882 1480 983 1525 Non
1014 1479 1130 1526 enim
1165 1479 1224 1526 ait
1249 1480 1479 1543 Scriptura
1498 1515 1509 1535 ‚
1537 1499 1558 1521 ε(
1582 1480 1614 1526 A
1637 1470 1751 1528 Do·-¹

351 1575 372 1596 »
391 1553 512 1601 mino
544 1569 707 1612 gressus
736 1550 929 1597 hominis
965 1550 1219 1610 diriguntur
1239 1550 1276 1606 2,
1300 1571 1321 1591 »
1356 1566 1460 1613 quia
1488 1549 1602 1599 viam
1637 1552 1734 1609 ejus

346 1625 486 1673 voluit
506 1642 517 1670 ε
546 1645 567 1666 «
589 1623 673 1669 Sed
697 1622 946 1682 diriguntur
963 1659 973 1679 ‚
1005 1621 1179 1685 inquit,
1214 1632 1256 1668 et
1279 1621 1408 1669 volet.
1435 1642 1454 1663 »
1478 1622 1577 1667 Non
1601 1620 1736 1681 igitur

346 1696 451 1760 quia
478 1695 618 1743 voluit
641 1694 894 1753 diriguntur
913 1731 923 1750 ‚
948 1693 1021 1740 sed
1043 1693 1146 1756 quia
1170 1692 1424 1753 diriguntur
1446 1691 1578 1743 volet.

414 1768 490 1815 IV.
521 1767 607 1815 Hic
635 1776 681 1814 tu
701 1782 848 1811 rursus
863 1764 1041 1817 fortasse
1060 1764 1258 1811 dicturus
1271 1781 1313 1810 es
1329 1801 1341 1820 ‚
1366 1763 1455 1810 hoc
1480 1761 1573 1810 fieri
1592 1779 1616 1810 a
1635 1763 1734 1807 Do-

346 1838 468 1885 mino
488 1875 499 1894 ‚
536 1837 643 1887 dum
677 1836 879 1882 doctrina
912 1839 1005 1896 ejus
1033 1835 1190 1895 legitur
1224 1834 1291 1881 vel
1318 1833 1513 1889 auditur,
1543 1832 1577 1879 si
1600 1831 1735 1881 homo

345 1909 544 1964 veritati,
569 1925 699 1971 quam
724 1907 827 1966 legit
850 1907 918 1955 vel
950 1906 1100 1963 audit,
1125 1923 1203 1955 sua
1225 1905 1466 1955 consentiat
1488 1903 1728 1953 voluntate.

347 2002 368 2023 «
395 1980 442 2026 Si
459 1979 574 2027 enim
597 1979 750 2024 lateret
769 1995 867 2028 euni
885 2014 895 2033 ‚
921 1977 1066 2040 inquis
1081 2015 1091 2031 ‚
1116 1976 1317 2024 doctrina
1343 1975 1442 2031 Dei,
1464 1992 1552 2022 non
1569 1972 1734 2032 dirige—

345 2062 496 2097 rentur
515 2066 680 2110 gressus
697 2052 788 2108 ejus
803 2085 814 2103 ‚
837 2048 1002 2111 quibus
1019 2047 1196 2094 directis
1216 2046 1344 2094 vellet
1366 2047 1482 2093 viam
1507 2044 1602 2091 Dei.
1626 2064 1647 2085 ›>
1670 2043 1734 2091 Ac

346 2139 427 2186 per
457 2122 546 2168 hoc
574 2121 634 2166 sic
658 2130 829 2167 tautum
851 2129 980 2182 putas
1007 2137 1028 2164 a
1055 2118 1246 2164 Domino
1267 2133 1432 2177 gressus
1452 2114 1643 2162 hominis
1662 2112 1735 2163 di,-

347 2193 429 2253 rigi
455 2191 510 2238 ad
530 2190 771 2251 eligendam
808 2190 921 2236 viam
948 2189 1058 2245 Dei,
1081 2189 1183 2251 quia
1214 2188 1303 2232 sine
1322 2185 1520 2232 doctrina
1541 2184 1622 2236 Dei
1647 2200 1735 2233 non

348 2263 387 2308 ei
406 2272 549 2326 potest
573 2261 839 2308 innotescere
861 2259 1020 2308 veritas
1037 2297 1048 2315 ,
1072 2259 1142 2306 cui
1168 2257 1351 2322 propria
1378 2256 1601 2307 voluntate
1620 2266 1752 2303 0011--Ι

345 2333 516 2380 sentiat.
545 2354 566 2375 «
589 2333 673 2378 Cui
698 2331 734 2377 si
751 2330 993 2387 consentit,
1018 2330 1164 2394 inquis
1180 2367 1190 2385 ‚
1218 2327 1368 2392 (quod
1394 2328 1440 2375 in
1464 2331 1557 2387 ejus
1592 2321 1753 2376 libero!

347 2404 532 2450 arbitrio
556 2403 845 2453 constitutum
870 2413 959 2459 est,
978 2403 995 2465 )
1014 2411 1129 2448 recte
1149 2401 1299 2463 utique
1321 2399 1530 2447 dicuntur
1569 2396 1624 2444 ab
1657 2378 1753 2443 illo!

348 2475 480 2535 dirigi
504 2491 669 2536 gressus
701 2478 792 2534 ejus
823 2484 871 2521 ut
892 2473 1008 2522 viam
1033 2477 1125 2533 ejus
1144 2471 1278 2527 velit,
1303 2474 1430 2531 cujus
1452 2467 1700 2520 doctrinam
1717 2436 1752 2522 ,Ι

344 2546 545 2594 suasione
563 2545 840 2610 praecedente
855 2582 866 2601 ‚
893 2545 1184 2609 subsequente
1203 2541 1484 2591 consensione
1505 2548 1696 2590 sectatur
1716 2547 1753 2624 3}

388 2628 397 2652 ¹
416 2629 497 2663 Psal.
516 2639 634 2672 xxxvi,
653 2630 764 2660 23.—
777 2627 793 2650 ²
817 2628 900 2660 lbid.

1749 2518 1752 2529 1
