1769 3235
521 292 734 324 Erlsrom
770 294 962 325 ccxtvn.
1340 284 1433 345 369

65 369 159 408 rent
178 359 218 405 ei
242 375 328 405 non
347 375 389 405 se
412 357 569 404 debere
591 357 711 414 dare,
751 359 833 405 nisi
862 376 963 406 cum
1000 370 1093 407 tuas
1115 363 1276 410 litteras
1308 381 1435 411 acce-

63 431 236 497 pissent.
283 431 394 476 Nam
414 429 448 476 si
476 429 612 476 verbo
649 429 884 493 aliquando
915 432 1098 491 jussisti,
1123 451 1175 479 ne
1199 436 1333 482 actori
1352 436 1434 482 ali-

64 501 169 566 quid
188 501 357 558 darent,
376 498 564 547 multum
581 510 643 546 est
681 510 731 546 ut
752 501 1044 559 meminerint,
1072 505 1257 551 multum
1294 517 1355 552 est
1386 517 1436 552 ut

64 583 112 619 tu
134 571 224 636 ipse
243 571 505 627 memineris,
533 587 588 616 an
622 587 720 617 vere
743 571 933 632 jusseriS‚
976 589 1031 618 an
1055 573 1362 637 ipsisjusseris,
1383 595 1438 623 an

66 643 172 698 aliis,
194 660 247 688 an
273 642 504 689 omnibus:
528 640 710 686 maxime
729 642 832 704 quia
852 641 980 687 etiam
1006 660 1124 689 nunc
1156 645 1277 692 alteri
1301 647 1439 693 actori

65 712 221 761 audisti
243 712 386 759 datam
403 723 444 758 et
458 711 622 758 salvam
639 728 726 758 esse
748 712 889 775 ipsam
908 714 1159 775 pecuniam,
1186 726 1226 761 et
1247 734 1334 762 non
1355 718 1436 763 tibi

64 783 291 847 displicuit
321 783 425 846 quia
443 782 673 829 dederunt.
724 782 809 828 Sed
846 799 948 828 cum
977 800 1054 844 ego
1073 784 1286 843 dixissem,
1317 788 1438 844 Quid

5 904 7 908 v
65 855 99 901 si
117 865 158 900 et
182 855 261 900 iste
285 854 621 910 intervertisset,
653 853 709 899 ab
733 853 837 917 ipsis
862 854 1019 900 iterum
1043 856 1298 915 exigendum
1319 862 1440 905 erat?

64 941 211 972 rursus
230 925 310 970 tibi
333 925 472 988 coepit
489 923 736 987 displicere,
760 925 863 987 quia
884 924 1098 971 dederunt
1115 943 1125 971 :
1144 938 1185 972 et
1208 944 1309 974 cum
1329 929 1442 975 mihi

62 1012 176 1059 saepe
197 994 386 1049 dixisses,
410 1011 639 1058 nunquam
659 1005 699 1039 te
720 995 954 1054 injunxisse
978 996 1093 1042 vices
1112 1007 1204 1043 tuas
1222 998 1288 1045 vel
1310 999 1439 1045 Vale-

64 1067 128 1113 rio
149 1066 216 1113 vel
238 1066 428 1126 Aginesi,
447 1066 592 1112 subito
610 1083 712 1112 cum
726 1065 779 1112 de
804 1067 904 1113 vino
925 1077 1122 1127 ageretur
1148 1069 1250 1132 quia
1272 1069 1441 1116 debue-

63 1147 168 1184 runt
191 1137 415 1183 ostendere
434 1137 469 1182 si
492 1153 684 1182 acescere
705 1148 915 1200 coeperat,
933 1149 976 1183 et
990 1137 1208 1184 diceretur
1225 1140 1306 1185 tibi
1322 1141 1444 1204 quod

67 1208 218 1255 absens
240 1219 360 1267 erat3
387 1208 518 1253 credo
539 1206 698 1252 excidit
721 1207 820 1264 tibi,
849 1207 958 1272 quid
983 1208 1092 1254 mihi
1112 1210 1236 1256 toties
1263 1210 1444 1271 dixeras,

65 1290 106 1325 et
129 1278 290 1335 dixisti,
323 1279 425 1343 quia
461 1279 716 1324 habuerunt
739 1279 913 1338 Aginesi
955 1279 1190 1327 ostendere.
1229 1298 1276 1326 ex
1309 1282 1446 1345 ipsius

67 1366 187 1410 agere
218 1349 415 1395 arbitrio.
446 1348 517 1394 Ibi
540 1365 618 1408 ego
644 1365 743 1394 cum
770 1349 994 1405 dixissem,
1035 1350 1163 1395 Certe
1196 1351 1311 1396 vices
1351 1362 1445 1398 tuas

65 1419 155 1466 istis
179 1437 266 1465 non
290 1419 395 1465 soles
412 1420 664 1479 injungere:
690 1419 951 1482 respondisti
975 1437 1024 1463 z«
1042 1420 1126 1465 Sed
1141 1419 1305 1466 litteras
1331 1439 1446 1468 meas

67 1511 88 1532 »
108 1491 302 1536 babebat
336 1491 561 1551 Aginesis:
590 1512 609 1531 ›>
631 1490 755 1554 quasi
792 1507 963 1552 semper
996 1489 1058 1535 illi
1083 1491 1244 1553 quibus
1278 1492 1447 1556 aliquid

64 1559 254 1621 injungis
281 1599 291 1617 ,
328 1561 491 1606 litteras
534 1571 627 1605 tuas
667 1560 848 1605 recitent
889 1560 1116 1606 rusticanis
1154 1561 1410 1609 hominibus
1429 1601 1441 1621 ,

66 1642 114 1677 ut
138 1631 316 1677 credant
335 1632 436 1695 quia
459 1643 506 1677 tu
533 1632 710 1691 jussisti.
757 1631 841 1676 Sed
861 1631 964 1694 quia
1000 1648 1069 1676 eos
1106 1631 1255 1678 vident
1281 1634 1361 1679 tibi
1385 1636 1445 1680 sic

66 1703 183 1764 jungi
204 1722 290 1749 non
309 1705 458 1767 utique
485 1703 672 1749 credunt
692 1703 958 1748 temereillos
977 1703 1140 1766 aliquid
1161 1704 1317 1750 audere
1339 1723 1450 1769 prae-

65 1790 248 1831 sumere,
265 1775 344 1820 nisi
358 1793 379 1820 a
399 1786 439 1820 te
459 1774 562 1820 data
586 1784 814 1838 potestate.
848 1774 1039 1836 Ideoque
1058 1776 1170 1820 inter
1188 1777 1444 1823 istaincerta

64 1861 152 1891 non
191 1858 372 1910 apparet
413 1846 520 1909 quid
541 1847 713 1905 jubeas,
756 1863 833 1891 nec
855 1855 1038 1908 possunt
1061 1847 1238 1892 firmum
1280 1847 1447 1911 aliquid

65 1917 266 1973 retinere,
289 1918 370 1962 nisi
391 1917 554 1962 litteras
583 1928 674 1962 tuas
695 1917 933 1962 habuerint
949 1933 1056 1979 quas
1075 1918 1279 1963 omnibus
1299 1919 1446 1982 profe-

65 1997 179 2040 rant,
197 1997 239 2032 et
262 1988 433 2032 nonnisi
455 1988 537 2032 tuis
552 1987 704 2032 litteris
722 1987 900 2051 prolatis
920 1986 1240 2050 obtemperent,
1264 1989 1443 2053 quando

0 2068 1 2072 ’
65 2057 124 2102 eis
146 2057 310 2121 aliquid
335 2058 529 2103 dandum
549 2069 624 2104 est.

130 2128 204 2176 IV.
235 2129 319 2174 Sed
342 2129 451 2192 quid
478 2146 589 2192 opus
615 2140 676 2175 est
699 2129 849 2175 tandiu
879 2140 1023 2175 tecum
1043 2129 1264 2192 disputare
1283 2143 1437 2178 etone-

67 2215 160 2244 rare
177 2199 319 2244 verbis
337 2201 647 2263 occupationes
671 2211 783 2255 tuas,
810 2210 856 2245 ut
877 2200 986 2245 forte
1013 2216 1113 2245 cum
1132 2201 1322 2247 irasceris
1341 2219 1440 2248 ver-

0 2314 1 2331 }
67 2268 135 2314 bis·
160 2271 278 2325 meis,
301 2270 405 2316 velis
436 2264 586 2316 saevir‘e
621 2271 666 2316 in
700 2271 899 2316 homines
925 2271 1111 2317 miseros.
1139 2272 1228 2317 lllis
1251 2272 1442 2336 imputa-

67 2339 258 2386 biturad
286 2341 485 2386 meritum
512 2341 696 2397 bonum,
726 2342 827 2404 quia
860 2357 940 2403 pro
973 2340 1110 2386 salute
1142 2352 1229 2397 tua,
1264 2355 1443 2408 propter

0 2413 1 2438 l
68 2427 200 2474 quam
243 2412 325 2471 tibi
349 2422 467 2457 tanta
495 2411 669 2475 loquor,
703 2422 740 2457 te
768 2412 996 2475 patiuntur
1019 2414 1211 2457 iratum:
1252 2415 1335 2460 tibi
1359 2432 1441 2461 au-

71 2491 152 2526 tem
170 2482 270 2527 nolo
291 2481 453 2545 aliquid
470 2482 641 2541 gravius
659 2482 816 2530 dicere,
834 2499 885 2526 ne
906 2493 1027 2544 putes
1047 2499 1112 2527 me
1131 2500 1217 2528 non
1236 2484 1442 2543 timendo,

70 2551 144 2597 sed
168 2553 277 2599 male
308 2552 504 2616 optando
529 2551 612 2597 tale
638 2552 803 2616 aliquid
827 2551 963 2615 loqui.
991 2551 1114 2597 'l'ime
1138 2554 1276 2600 Deum
1306 2556 1340 2602 si
1361 2574 1448 2603 non

73 2622 136 2668 vis
173 2623 316 2687 decipi
337 2640 346 2667 :
377 2623 520 2685 ipsum
543 2633 690 2668 testem
714 2625 871 2669 invoco
892 2639 1060 2685 semper
1077 2623 1266 2671 animam
1291 2644 1449 2684 meam,

204 2712 388 2741 exuam.
1268 2702 1325 2756 94
