1769 3235
344 258 433 314 284
762 274 796 304 s,
840 273 1083 305 Aueusrlm
1120 275 1322 306 EPISCOPI
1745 309 1747 314 ,

339 338 384 382 in
402 347 548 401 sporta
571 337 809 384 submissus
824 375 834 393 ,
857 338 975 401 quod
1001 356 1133 402 supra
1154 339 1418 394 memoravi,
1440 339 1550 399 fugit
1573 341 1713 404 Apos-
1745 333 1748 378 ‘t

343 407 479 463 tolus,
517 424 618 452 curn
652 425 674 452 a
710 419 980 470 persecutore
1000 409 1177 473 proprie
1203 409 1294 472 ipse
1313 420 1596 472 quaereretur,
1625 409 1714 457 aliis
1744 383 1748 448 l

343 477 494 540 utique
525 477 821 523 necessitatem
850 478 1032 525 similem
1062 497 1149 525 non
1173 480 1440 525 habentibus
1464 517 1474 533 ,
1509 497 1531 524 a
1555 480 1715 542 quibus
1745 499 1768 558 ξι

341 547 430 593 illic
474 548 759 594 ministerium
805 549 919 595 absit
960 561 1006 596 ut
1048 550 1314 595 desereretur
1347 550 1575 606 Ecclesiae3
1605 551 1715 598 sicut
1764 563 1769 604 3

340 617 452 676 fugit
481 629 656 664 sanctus
692 619 954 666 Athanasius
993 621 1307 666 Alexandrinus
1332 623 1561 683 episcopus
1581 657 1591 675 ,
1615 637 1714 667 cum
1745 620 1769 700 ‘l

341 704 438 733 eum
463 688 706 752 specialiter
732 691 1061 753 apprehendere
1085 691 1362 736 Constantius
1386 701 1561 753 cuperet
1580 691 1716 753 impe·
1744 692 1769 772 ii

342 768 478 813 rator,
507 776 783 823 nequaquam
817 778 839 805 a
866 761 1032 806 caeteris
1059 760 1264 806 ministris
1293 761 1456 806 deserta
1482 760 1609 823 plebe
1640 777 1716 805 ca-

343 828 529 883 tholica,
567 846 666 892 quae
702 831 745 875 in
790 831 1046 876 Alexandria
1085 831 1403 877 commanebat.
1439 832 1549 875 Cum
1575 840 1715 875 autem
1745 829 1769 898 gi

340 897 464 961 plebs
496 911 667 954 manet,
695 911 736 945 et
760 901 943 946 ministri
968 901 1170 961 fugiunt,
1203 901 1577 963 ministeriumque
1611 899 1749 965 sub-*g

342 968 545 1023 trahitur,
574 970 680 1032 quid
701 971 781 1015 erit
818 971 898 1016 nisi
927 972 1288 1016 mercenariorum
1315 971 1386 1017 illa
1411 971 1511 1031 fuga
1532 970 1718 1015 damna·
1745 986 1748 1034 ὲ

343 1039 461 1094 bilis,
485 1040 647 1103 quibus
668 1058 756 1086 non
778 1052 839 1087 est
859 1059 964 1087 cura
984 1042 1037 1087 de
1060 1043 1250 1087 ovibus?
1269 1042 1419 1088 Veniet
1437 1041 1549 1086 enim
1570 1040 1716 1104 lupus,
1745 1037 1749 1052 ⁸

342 1127 428 1155 non
460 1112 616 1167 homo,
647 1112 719 1157 sed
745 1112 974 1166 diabolus3
1015 1113 1092 1176 qui
1117 1112 1376 1176 plerumque
1414 1111 1561 1158 fideles
1588 1128 1720 1174 apos-
1746 1103 1748 1124 '

344 1190 450 1225 tatas
485 1198 570 1227 esse
607 1183 854 1245 persuasit,
900 1183 1060 1246 quibus
1091 1183 1397 1246 quotidianum
1436 1171 1748 1252 ministerium}

341 1250 551 1298 dominici
574 1254 768 1316 corporis
796 1253 964 1307 defuit3
996 1264 1037 1299 et
1060 1254 1221 1316 peribit
1243 1254 1440 1298 infirmus
1459 1254 1503 1297 in
1530 1263 1607 1297 tua
1631 1268 1719 1297 non
1745 1254 1749 1323 ᾗ

343 1321 518 1366 scientia
538 1359 548 1377 ,
583 1322 655 1368 sed
691 1323 935 1383 ignorantia
964 1323 1113 1379 frater,
1148 1334 1330 1386 propter
1354 1340 1484 1386 quem
1523 1322 1721 1368 Christus
1746 1343 1748 1383 J

347 1403 542 1437 mortuus
565 1403 627 1437 est
645 1392 679 1439 1.
1745 1419 1748 1437 ι

411 1462 509 1507 Vll.
542 1463 674 1519 Quod
698 1473 842 1509 autem
879 1464 931 1510 ad
957 1481 1026 1510 eos
1061 1463 1239 1519 attinet,
1278 1463 1353 1526 qui
1386 1463 1431 1508 in
1457 1463 1542 1509 hac
1565 1480 1611 1509 re
1633 1462 1763 1514 non²2¹

342 1532 555 1578 falluntur
576 1551 744 1590 errore,
779 1535 852 1581 sed
882 1535 1116 1581 formidine
1152 1544 1436 1598 superantur.
1479 1551 1612 1598 quare
1636 1526 1748 1591 noni

346 1604 492 1666 potius
531 1616 681 1650 contra
724 1622 851 1651 suum
879 1606 1076 1651 timorem
1122 1605 1307 1650 Domino
1345 1606 1571 1649 miserante
1595 1614 1747 1667 atque!

345 1673 578 1732 adjuvante
603 1675 771 1720 fortiter
800 1675 1038 1727 dimicant,
1066 1692 1117 1720 ne
1148 1674 1261 1719 mala
1287 1674 1375 1718 sine
1398 1673 1724 1737 comparatione
1744 1672 1756 1728 ᾖ

347 1744 543 1803 graviora
564 1782 574 1800 ,
606 1762 706 1808 quae
742 1745 881 1791 multo
913 1745 1100 1808 amplius
1130 1756 1230 1790 sunt
1267 1743 1518 1799 tremenda,
1547 1744 1724 1789 contin·
1744 1751 1758 1809 ξ

347 1817 484 1874 gant?
515 1815 578 1860 Fit
608 1815 695 1861 hoc
720 1816 795 1862 ubi
833 1816 911 1861 Dei
932 1816 1122 1862 charitas
1146 1816 1323 1874 flagrat,
1346 1831 1436 1859 non
1461 1814 1616 1860 mundi
1641 1830 1723 1860 cu-

348 1884 509 1948 piditas
541 1884 696 1932 fumat.
737 1886 941 1932 Charitas
969 1886 1081 1931 enim
1107 1886 1243 1940 dicit,
1284 1905 1303 1925 «
1327 1885 1434 1940 Quis
1455 1885 1720 1940 infirmatur,

350 1977 367 1997 ›>
393 1966 434 2000 ct
460 1973 545 2001 non
582 1973 659 2016 ego
693 1957 925 2003 infirmor?
963 1957 1074 2013 Quis
1108 1955 1442 2010 scandalizatur,
1469 1965 1511 2000 et
1536 1972 1623 2000 non
1646 1971 1724 2015 ego
1744 1947 1758 2003 l

347 2048 366 2068 »
396 2027 530 2072 uror2
555 2030 572 2072 ἶ)
600 2049 620 2068 »
644 2027 728 2073 Sed
753 2028 944 2073 charitas
966 2045 1012 2073 ex
1034 2029 1125 2073 Deo
1149 2038 1224 2074 est.
1254 2026 1440 2071 Oremus
1466 2042 1566 2085 ergo
1597 2035 1646 2072 ut
1675 2021 1757 2075 abiv

350 2096 425 2142 illo
450 2096 596 2153 detur,
625 2115 647 2141 a
684 2098 983 2161 quojubetur.
1017 2099 1069 2143 Et
1097 2115 1176 2162 per
1199 2098 1316 2143 hanc
1341 2096 1476 2157 magis
1502 2093 1747 2157 timeamus{

350 2185 403 2213 ne
426 2185 525 2213 oves
546 2168 709 2213 Christi
731 2169 938 2232 spiritalis
959 2169 1167 2233 nequitiae
1188 2167 1332 2228 gladio
1353 2167 1397 2212 in
1423 2166 1572 2222 corde,
1595 2183 1726 2230 quam
1743 2181 1757 2234 3:

352 2256 404 2283 ne
426 2238 536 2284 ferro
555 2238 599 2283 in
615 2255 798 2302 corpore
821 2239 1112 2296 trucidentur,
1134 2240 1210 2285 ubi
1228 2237 1599 2302 quandocumque
1613 2254 1728 2301 quo-
1744 2240 1755 2288 ’ς’

352 2325 540 2372 cumque
567 2309 714 2355 mortis
746 2326 897 2369 genere
927 2310 1128 2356 morituri
1170 2319 1283 2355 sunt.
1335 2307 1470 2367 Magis
1502 2308 1728 2354 timeamus

350 2396 402 2424 ne
435 2396 558 2425 sensu
591 2379 784 2425 interiori
808 2390 1017 2444 corrupto
1033 2417 1043 2436 ,
1070 2390 1218 2444 pereat
1243 2378 1418 2424 castitas
1438 2376 1566 2433 fidei,
1595 2393 1745 2441 quarn¹¹

353 2466 406 2495 ne
428 2449 623 2497 foeminae
646 2449 856 2497 violenter
884 2461 1227 2514 constuprentur
1250 2450 1293 2495 in
1318 2465 1461 2495 carne.
1493 2447 1608 2506 Quia
1630 2447 1759 2514 vio-‘3‘

401 2558 410 2580 ¹
436 2569 447 2588 ι
466 2559 540 2590 Cor.
557 2569 627 2597 vm,
648 2570 700 2593 11.
718 2577 761 2584 -
781 2558 797 2581 2
812 2571 828 2591 2
845 2561 924 2596 Cor.
946 2570 990 2599 xi,
1012 2571 1066 2601 29=
