1769 3235
1750 28 1757 144 ξ

349 260 436 292 120
531 293 542 301 ,
763 260 798 291 S.
842 258 1084 292 AUGUSTINI
1117 259 1320 292 EPISCOPI
1751 232 1756 308 1

407 327 615 375 XXVIII.
646 326 772 373 Unde
795 337 938 372 autem
965 327 1016 373 ad
1042 327 1128 373 hoc
1153 338 1332 374 ventum
1371 338 1448 383 est,
1481 329 1718 376 Matthaeus
1751 324 1762 378 I

341 398 401 443 ita
427 398 580 445 scribit
601 416 612 443 ε
635 419 655 440 «
676 399 787 444 Cum
814 415 913 458 ergo
933 398 1125 444 videritis
1145 399 1512 445 abominationem
1546 399 1717 445 desola-
1752 419 1758 458 y

340 488 364 511 »
386 468 528 525 tionis,
550 486 649 530 quae
664 468 779 515 dicta
798 479 860 514 est
877 487 899 514 a
912 469 1088 515 Daniele
1104 470 1339 533 propheta,
1354 480 1541 515 stantem
1558 470 1603 516 in
1620 469 1718 516 loco
1752 459 1757 490 ξ

341 560 363 580 »
386 550 553 593 sancto,
580 541 655 604 qui
674 540 775 599 legit
794 539 1034 599 intelligat:
1064 551 1166 586 tunc
1186 541 1262 604 qui
1298 541 1341 585 in
1361 540 1518 586 Judaea
1540 540 1759 587 suntfu-
1753 551 1769 598 1

333 629 356 652 »
375 609 494 669 giant
513 610 557 654 in
582 621 766 664 montes,
794 620 835 655 et
857 610 933 674 qui
952 610 996 655 in
1014 621 1150 666 tecto,
1187 627 1276 655 non
1301 609 1534 656 descendat
1559 610 1716 657 tollere
1753 599 1769 690 il

340 700 363 722 »
379 679 544 743 aliquid
567 680 620 725 de
641 680 771 726 domo
795 697 888 736 sua,
908 691 950 726 et
967 681 1043 744 qui
1059 681 1102 726 in
1122 698 1243 741 agro,
1266 698 1354 727 non
1375 692 1619 727 revertatur
1639 681 1719 727 tol·
1754 679 1769 732 Ι1

342 751 472 797 »lere
489 752 682 798 tunicam
710 769 847 809 suam,
872 752 949 798 Vae
964 763 1104 798 autem
1129 753 1461 816 praegnantibus
1473 763 1515 798 et
1530 753 1722 798 nutrien-
1755 756 1769 814 1

337 842 362 866 »
388 822 507 868 tibus
523 822 568 868 in
596 822 679 867 illis
713 822 866 869 diebus
892 822 928 878 1,
960 844 979 865 »
1001 834 1081 869 etc.
1114 824 1290 869 Marcus
1303 840 1404 869 vero
1432 824 1490 869 ita
1518 840 1528 868 :
1559 844 1578 864 (ι
1607 827 1720 868 Cum
1754 829 1769 885 {5

341 911 367 934 2>
391 903 532 937 autem
569 891 764 938 videritis
806 893 1173 938 abominationem
1219 893 1495 939 desolationis
1535 903 1718 938 stantem
1755 889 1769 941 ἓ]

341 983 366 1005 »
385 963 463 1008 ubi
482 980 569 1008 non
596 962 744 1017 debet,
766 963 843 1026 qui
864 962 964 1021 legit
990 962 1204 1022 intelligat
1231 980 1241 1008 ε
1264 974 1368 1008 tunc
1400 964 1479 1026 qui
1498 963 1541 1008 in
1563 963 1719 1008 Judaea
1755 964 1769 1011 'u

335 1054 360 1076 >³
378 1044 495 1083 sunt.
522 1032 691 1092 fugiant
708 1034 751 1078 in
774 1045 953 1088 montes,
972 1044 1013 1078 et
1031 1033 1108 1097 qui
1126 1049 1255 1096 super
1270 1044 1451 1089 tectum,
1477 1051 1529 1079 ne
1545 1033 1721 1079 descen·
1755 1050 1759 1094 ξ

340 1123 364 1146 »
386 1102 461 1148 dat
482 1103 528 1148 in
554 1104 733 1149 domum
759 1121 769 1148 ι
810 1121 888 1150 nec
932 1104 1118 1150 introeat
1139 1115 1188 1150 ut
1214 1104 1335 1150 tollat
1367 1104 1474 1168 quid
1497 1104 1550 1150 de
1590 1104 1723 1149 domo
1755 1119 1769 1145 ἰ

343 1194 367 1217 >>
388 1190 482 1229 sua,
506 1175 636 1235 etqui
653 1176 697 1220 in
721 1192 822 1235 agro
842 1176 940 1230 erit,
966 1192 1052 1221 non
1072 1185 1314 1221 revertatur
1331 1186 1444 1221 retro
1469 1174 1618 1220 tollere
1634 1191 1724 1220 ves-
1756 1192 1760 1237 J

345 1265 369 1286 >2
395 1245 624 1291 timentum
650 1263 794 1292 suum.
820 1248 895 1292 Vae
916 1257 1059 1292 autem
1079 1247 1408 1309 praegnantibus
1427 1257 1469 1291 et
1491 1246 1723 1292 nutrienti-
1756 1247 1759 1286 ἰ

281 1316 285 1323 “
346 1336 370 1358 >>
397 1316 481 1361 bus
498 1316 545 1362 in
569 1316 651 1362 illis
671 1316 827 1362 diebus
843 1319 880 1367 2,
903 1340 922 1359 »
953 1328 993 1363 et
1015 1317 1195 1380 reliqua.
1230 1321 1366 1363 Lucas
1381 1334 1483 1363 vero
1511 1327 1562 1362 ut
1579 1327 1727 1362 osten-
1755 1331 1759 1374 1

348 1385 469 1432 deret
505 1397 609 1432 tunc
654 1386 813 1432 factam
848 1387 978 1433 fuisse
1012 1388 1382 1433 abominationem
1422 1387 1724 1438 desolationis,
1756 1391 1759 1451 ξ

345 1473 446 1520 quae
473 1475 495 1502 a
520 1456 699 1502 Daniele
720 1457 933 1520 praedicta
957 1468 1018 1503 est
1036 1458 1073 1513 3,
1096 1458 1274 1521 quando
1298 1469 1542 1521 expugnata
1567 1468 1628 1503 est
1654 1460 1729 1502 Je-
1756 1455 1760 1514 1

346 1526 536 1573 rusalem
555 1564 566 1582 ,
595 1526 692 1572 haec
719 1527 869 1572 eodem
895 1527 991 1573 loco
1016 1529 1197 1574 Domini
1219 1529 1346 1574 verba
1373 1537 1686 1574 commemorat
1715 1544 1726 1571 ι
1755 1527 1760 1582 1

350 1619 371 1640 <c
398 1600 510 1643 Cum
533 1608 675 1643 autem
704 1598 897 1644 videritis
912 1598 1180 1644 elrcumdari
1194 1599 1250 1645 ab
1269 1599 1456 1645 exercitu
1473 1598 1727 1654 Jerusalem,
1756 1610 1760 1666 1

350 1679 498 1714 »tunc
539 1668 692 1713 scitote
725 1669 825 1731 qnia
864 1670 1239 1747 appropinquavit
1277 1669 1484 1716 desolatio
1520 1673 1610 1729 ejus
1643 1668 1677 1714 Δ.
1711 1678 1760 1717 »Ῑτ

350 1741 546 1802 Apparet
565 1738 713 1802 itaque
730 1749 832 1785 tunc
852 1740 913 1784 ibi
933 1740 1117 1802 positam
1142 1739 1418 1785 desolationis
1440 1732 1760 1800 abominatio-¹

349 1826 470 1863 nem,
493 1807 546 1853 de
570 1825 658 1872 qua
683 1809 772 1854 duo
806 1809 871 1855 illi
909 1809 972 1854 Ev
962 1809 1194 1870 angelistae
1220 1810 1358 1856 locuti
1381 1821 1494 1856 sunt
1538 1802 1762 1872 Denique
1756 1838 1760 1859 1

351 1879 484 1924 etiam
509 1879 587 1924 iste
610 1879 806 1924 similiter
829 1880 1026 1943 sequitur
1053 1899 1062 1925 :
1092 1902 1112 1922 «
1138 1881 1265 1926 Tunc
1285 1881 1419 1944 quiin
1437 1880 1588 1926 Judaea
1613 1890 1731 1935 sunt,
1756 1884 1760 1942 ¹

351 1969 374 1992 »
396 1949 565 2009 fugiant
585 1950 630 1994 in
654 1961 833 1997 montes.
863 1974 881 1991 »
915 1953 970 1996 Et
986 1969 1067 2014 pro
1085 1969 1134 1997 eo
1160 1951 1280 2015 quod
1300 1951 1500 1997 dixerunt
1522 1951 1614 1997 illi:
1635 1973 1655 1992 «
1681 1952 1736 1996 Et
1756 1950 1760 1990 f

354 2041 377 2062 ³>
401 2020 476 2083 qui
501 2037 632 2084 super
653 2032 832 2076 tectum,
855 2038 908 2066 ne
929 2022 1162 2068 descendat
1181 2023 1225 2068 in
1241 2022 1436 2079 domurn,
1458 2023 1737 2069 necintroeat
1756 2031 1759 2072 1

356 2112 377 2132 »
402 2101 451 2135 ut
477 2089 600 2136 tollat
623 2090 729 2153 quid
752 2091 805 2136 de
825 2091 956 2137 domo
986 2110 997 2137 ε
1023 2114 1044 2134 >>
1064 2094 1142 2138 iste
1161 2092 1285 2149 dixit,
1308 2113 1329 2135 «
1347 2094 1402 2138 Et
1420 2093 1497 2157 qui
1522 2093 1567 2138 in
1593 2091 1736 2138 medio
1756 2104 1761 2151 1

355 2181 377 2202 »
396 2164 486 2220 ejus
507 2172 625 2216 sunt,
645 2161 872 2208 discedant
891 2163 908 2191 5
927 2181 936 2208 :
958 2175 1003 2209 ut
1030 2164 1329 2210 ostenderetur
1354 2163 1438 2209 illis
1458 2164 1601 2209 verbis
1614 2162 1736 2227 apud

354 2230 461 2276 alios
482 2231 774 2291 Evangelistas
800 2233 968 2294 positiS‚
989 2233 1303 2280 festinationem
1325 2232 1444 2294 fugae
1470 2233 1598 2279 fuisse
1615 2250 1735 2297 prae-
1758 2259 1761 2265 ·

352 2312 540 2363 ceptam.
559 2303 614 2346 Et
631 2319 710 2365 pro
729 2319 777 2348 eo
793 2303 912 2366 quod
926 2303 988 2350 illi
1004 2315 1265 2368 posuerunt:
1283 2326 1302 2345 «
1316 2304 1515 2367 thuiin
1527 2321 1628 2364 agro
1641 2303 1737 2359 erit,
1756 2343 1762 2358 ,⁷

353 2392 375 2414 >›
397 2389 484 2417 non
508 2383 749 2418 revertatur
767 2385 880 2419 retro
904 2374 1051 2421 tollere
1067 2376 1372 2421 vestimentum
1387 2391 1513 2420 suum
1537 2392 1547 2418 :
1573 2395 1592 2416 n
1615 2376 1760 2438 aper-52

353 2442 440 2488 tius
457 2443 536 2489 iste
559 2444 616 2489 ait
646 2461 656 2489 ε
681 2466 701 2486 <c
723 2449 776 2490 Et
805 2446 945 2509 quiin
971 2447 1238 2507 regionibus,
1265 2463 1354 2492 non
1372 2447 1534 2491 intrent
1552 2445 1598 2490 in
1622 2441 1760 2501 eam33

404 2542 414 2562 ¹
431 2542 550 2575 Mauh.
583 2554 670 2582 xxiv,
703 2547 741 2576 15
761 2569 768 2581 ,
788 2552 819 2577 et
836 2557 925 2588 seqq.
953 2565 996 2571 —
1016 2545 1031 2568 ²
1050 2546 1149 2579 Marc.
1170 2559 1259 2586 xrtr,
1281 2553 1335 2583 14.
1356 2564 1401 2570 —
1421 2542 1531 2578 3Dan.
1552 2555 1597 2583 xx,
1619 2556 1676 2585 27.
1694 2550 1761 2584 -ξ

351 2594 366 2618 ⁴
383 2599 458 2632 Luc.
481 2610 550 2640 xxr,
571 2611 625 2631 20.
643 2618 688 2623 —
703 2599 717 2622 5
732 2601 849 2634 Matnh.
869 2613 959 2641 xxiv,
979 2603 1039 2640 163
1058 2605 1160 2637 Marc.
1180 2615 1251 2643 xm,
1274 2603 1326 2641 15,
1341 2607 1371 2633 et
1387 2600 1466 2634 Luc.
1490 2611 1561 2644 xxr,
1580 2611 1635 2633 21.
1757 2596 1759 2599 ⁸
