1769 3235
332 255 394 310 34
753 270 788 298 s.
832 263 1075 298 Aueusrim
1110 268 1315 297 EP1sCOP1

332 334 475 384 Adam
509 332 678 379 traxisse
714 342 945 396 peccatum
974 332 1179 377 dubitare
1205 332 1268 377 fas
1301 340 1387 377 noi]
1415 336 1490 378 est.
1524 331 1570 377 Si
1592 330 1705 376 enirn

332 402 452 449 nulla
476 413 743 466 propagatur
755 419 800 447 ex
819 401 968 458 altera,
990 401 1067 447 ubi
1083 419 1230 447 omnes
1251 411 1450 447 tenentur
1470 396 1707 466 propagata

334 491 463 520 carne
502 473 667 537 peccati
695 490 705 518 :
728 483 892 536 quanto
925 473 1067 518 minus
1094 472 1358 518 credendum
1390 483 1450 518 est
1477 490 1523 518 ex
1542 480 1710 536 propa-

334 544 431 604 gine
453 542 710 607 peccatricis
737 543 925 588 animam
951 543 1095 589 venire
1126 542 1340 606 potuisse,
1368 546 1494 602 cujus
1517 558 1617 587 caro
1631 557 1710 587 ve—

336 616 401 661 nit
420 632 467 660 ex
487 614 669 674 virgine,
701 631 788 659 non
819 613 1002 660 libidine
1043 624 1272 676 concepta,
1295 613 1367 658 sed
1390 612 1501 664 fide,
1539 617 1588 658 iit
1606 615 1712 657 esset

335 686 381 730 in
408 683 694 730 similitudine
717 685 858 730 carnis
891 685 1079 748 peccati,
1117 701 1204 729 non
1228 684 1272 729 in
1294 701 1423 729 carne
1448 681 1630 746 peccati.
1667 679 1713 727 Si
1767 710 1769 745 3

337 767 478 803 autem
512 767 694 820 peccato
711 756 868 820 primae
891 758 1047 803 animae
1067 757 1323 820 peccatricis
1341 757 1438 802 ideo
1462 763 1631 802 caterae
1655 764 1713 800 te-

335 837 495 882 nentur
518 827 734 882 obnoxiae,
776 829 878 891 quia
903 845 950 875 ex
985 827 1055 873 illa
1082 838 1183 873 sunt
1209 838 1479 891 propagatae,
1518 825 1714 889 profecto'

339 896 411 942 illa
441 912 573 958 quam
593 896 675 941 sibi
703 896 959 956 [nigenitus
983 898 1222 961 coaptavit,
1247 907 1320 943 aut
1357 907 1587 960 peccatum
1613 893 1716 941 inde

338 967 585 1021 nonnam,
605 977 679 1011 aut
698 967 875 1012 omnino
895 968 994 1012 inde
1018 985 1103 1012 non
1135 978 1271 1013 tracta
1306 977 1379 1012 est.
1415 967 1564 1030 Neque
1601 965 1716 1011 enim

337 1053 426 1082 non
454 1039 598 1098 potuit
618 1037 807 1081 animam
829 1037 913 1082 sibi
945 1037 1115 1083 trahere
1138 1038 1228 1083 sine
1262 1047 1462 1101 peccato,
1490 1037 1567 1101 qui
1590 1035 1718 1082 solvit

336 1118 480 1152 nostra
508 1117 682 1169 peccata
711 1124 721 1151 :
759 1118 832 1152 aut
854 1109 929 1172 qui
953 1126 1110 1154 novam
1154 1110 1316 1155 creavit
1354 1110 1393 1155 ei
1420 1108 1558 1163 carni,
1584 1097 1716 1171 quain

337 1177 426 1222 sine
451 1186 628 1239 parente
642 1175 742 1222 fecit
757 1194 804 1223 ex
823 1189 952 1234 terra,
966 1195 1053 1224 non
1068 1180 1214 1242 potuit
1234 1197 1390 1226 novam
1411 1195 1556 1225 creare
1577 1176 1714 1234 ciirn'i,

340 1263 471 1309 quam
496 1246 585 1298 sine
600 1246 692 1297 viro
711 1248 896 1311 sumpsit
914 1265 961 1293 ex
983 1249 1195 1296 foemina?

403 1317 565 1362 XXVI.
599 1318 708 1363 Haee
731 1319 843 1363 sicut
866 1321 992 1382 potui
1016 1338 1103 1366 non
1128 1321 1306 1384 quidem
1332 1321 1385 1366 ad
1404 1338 1470 1366 me
1498 1320 1628 1375 datis,
1646 1316 1720 1364 sed

340 1387 395 1433 ad
419 1387 694 1443 charissimos
715 1399 883 1434 nostros
902 1391 1141 1436 sanctitatis
1159 1402 1246 1436 tuae
1265 1391 1436 1440 litteris,
1463 1407 1550 1435 non
1566 1387 1721 1453 peritia

343 1474 475 1521 quam
505 1457 779 1513 desiderasti,
811 1459 883 1504 sed
918 1460 1107 1510 sollicita
1146 1461 1377 1507 dilectione
1411 1458 1629 1523 respondi.
1677 1457 1733 1503 Si¹

346 1539 464 1588 grate
490 1528 651 1591 accipis
671 1539 710 1574 et
747 1529 1085 1577 admonitionem
1118 1532 1352 1577 fraternam
1378 1541 1420 1577 et
1447 1530 1614 1585 mssem,
1635 1535 1724 1574 non

347 1598 550 1654 errando,
583 1599 655 1644 sed
678 1600 916 1662 prudenter
939 1602 1254 1649 considerando
1272 1618 1372 1648 cum
1399 1600 1606 1647 Ecclesiae
1617 1606 1726 1663 Pace

351 1687 594 1724 conservas,
621 1671 712 1715 Deo
733 1672 902 1731 gratias.
945 1673 989 1718 Si
1014 1684 1155 1719 autem
1176 1692 1242 1720 me
1286 1675 1367 1720 ista
1390 1672 1583 1719 nondum
1606 1680 1728 1717 nosse

352 1739 539 1795 miraris,
559 1739 772 1786 veletiam
792 1759 870 1788 nec
900 1743 1083 1799 miraris,
1108 1756 1149 1790 et
1179 1762 1246 1790 nie
1278 1741 1444 1808 aliquid
1481 1753 1647 1788 certum
1674 1739 1730 1786 de

357 1809 520 1869 origine
564 1810 805 1857 animarum
839 1813 955 1859 salva
988 1814 1066 1859 ista
1097 1815 1181 1861 fide
1203 1831 1303 1879 quae
1331 1813 1567 1861 certissima
1601 1822 1731 1876 atque

357 1879 593 1944 clarissima
616 1892 694 1937 est,
720 1893 870 1929 mutua
895 1884 1108 1931 charitate
1130 1885 1284 1931 docere
1297 1895 1386 1931 non
1405 1883 1566 1939 reunis,
1591 1881 1730 1927 multo

360 1950 551 2006 uberiuS,
577 1952 666 1997 Deo
693 1954 864 2012 gratias,
893 1957 1058 2001 Memor
1084 1956 1232 2013 nostri,
1258 1956 1642 2018 Dominosemp'er
1660 1952 1731 1998 vi-

358 2039 452 2086 yas,
470 2021 645 2068 domine
669 2023 916 2072 beatissime
937 2037 978 2072 et
997 2026 1163 2074 sincera
1187 2027 1419 2074 dilectione
1437 2022 1733 2072 deside'rab'ilis

357 2090 505 2140 frater.
