<?xml version="1.0" encoding="UTF-8"?>
<!DOCTYPE html PUBLIC "-//W3C//DTD XHTML 1.0 Transitional//EN"
    "http://www.w3.org/TR/xhtml1/DTD/xhtml1-transitional.dtd">
<html xmlns="http://www.w3.org/1999/xhtml" xml:lang="en" lang="en">
 <head>
  <title>
</title>
<meta http-equiv="Content-Type" content="text/html;charset=utf-8" />
  <meta name='ocr-system' content='tesseract 3.04.00' />
  <meta name='ocr-capabilities' content='ocr_page ocr_carea ocr_par ocr_line ocrx_word'/>
</head>
<body>
  <div class='ocr_page' id='page_1' title='image "./operaomniaaccura41auguuoft/operaomniaaccura41auguuoft_0168.png"; bbox 0 0 1769 3235; ppageno 0'>
   <div class='ocr_carea' id='block_1_1' title="bbox 361 261 1335 317">
    <p class='ocr_par' dir='ltr' id='par_1_1' title="bbox 361 261 1335 317">
     <span class='ocr_line' id='line_1_1' title="bbox 361 261 1335 317; baseline -0.004 -10"><span class='ocrx_word' id='word_1_1' title='bbox 361 261 449 317; x_wconf 74' lang='lat'>154</span> <span class='ocrx_word' id='word_1_2' title='bbox 776 275 811 304; x_wconf 80' lang='lat' dir='ltr'>s,</span> <span class='ocrx_word' id='word_1_3' title='bbox 853 272 1095 304; x_wconf 72' lang='lat' dir='ltr'>Aususrmr</span> <span class='ocrx_word' id='word_1_4' title='bbox 1131 273 1335 304; x_wconf 69' lang='lat' dir='ltr'>emscom</span> 
     </span>
    </p>
   </div>
   <div class='ocr_carea' id='block_1_2' title="bbox 341 338 1769 2654">
    <p class='ocr_par' dir='ltr' id='par_1_2' title="bbox 351 338 1732 614">
     <span class='ocr_line' id='line_1_2' title="bbox 351 338 1731 403; baseline 0 -17"><span class='ocrx_word' id='word_1_5' title='bbox 351 352 540 403; x_wconf 83' lang='lat' dir='ltr'>quatuor</span> <span class='ocrx_word' id='word_1_6' title='bbox 559 338 821 384; x_wconf 83' lang='lat' dir='ltr'>humoribus</span> <span class='ocrx_word' id='word_1_7' title='bbox 846 349 1047 384; x_wconf 84' lang='lat' dir='ltr'>naturam</span> <span class='ocrx_word' id='word_1_8' title='bbox 1077 339 1218 384; x_wconf 89' lang='lat' dir='ltr'>carnis</span> <span class='ocrx_word' id='word_1_9' title='bbox 1238 340 1468 402; x_wconf 86' lang='lat' dir='ltr'>temperari</span> <span class='ocrx_word' id='word_1_10' title='bbox 1487 339 1614 386; x_wconf 83' lang='lat' dir='ltr'>etiam</span> <span class='ocrx_word' id='word_1_11' title='bbox 1635 357 1731 389; x_wconf 88' lang='lat' dir='ltr'>me-</span> 
     </span>
     <span class='ocr_line' id='line_1_3' title="bbox 351 409 1722 475; baseline 0.002 -19"><span class='ocrx_word' id='word_1_12' title='bbox 351 412 510 457; x_wconf 81' lang='lat' dir='ltr'>dicinae</span> <span class='ocrx_word' id='word_1_13' title='bbox 531 409 759 473; x_wconf 78' lang='lat' dir='ltr'>disciplina</span> <span class='ocrx_word' id='word_1_14' title='bbox 783 419 974 455; x_wconf 80' lang='lat' dir='ltr'>testatur.</span> <span class='ocrx_word' id='word_1_15' title='bbox 1002 409 1085 455; x_wconf 84' lang='lat' dir='ltr'>Sed</span> <span class='ocrx_word' id='word_1_16' title='bbox 1111 409 1341 472; x_wconf 71' lang='lat' dir='ltr'>quodlibet</span> <span class='ocrx_word' id='word_1_17' title='bbox 1361 411 1544 475; x_wconf 86' lang='lat' dir='ltr'>quisque</span> <span class='ocrx_word' id='word_1_18' title='bbox 1570 411 1722 467; x_wconf 77' lang='lat' dir='ltr'>addat,</span> 
     </span>
     <span class='ocr_line' id='line_1_4' title="bbox 352 479 1732 544; baseline 0 -18"><span class='ocrx_word' id='word_1_19' title='bbox 352 481 679 544; x_wconf 78' lang='lat' dir='ltr'>corruptionem</span> <span class='ocrx_word' id='word_1_20' title='bbox 699 479 856 525; x_wconf 75' lang='lat' dir='ltr'>addere</span> <span class='ocrx_word' id='word_1_21' title='bbox 880 490 1028 524; x_wconf 78' lang='lat' dir='ltr'>caveat</span> <span class='ocrx_word' id='word_1_22' title='bbox 1045 515 1054 534; x_wconf 82' lang='grc'><strong>,</strong></span> <span class='ocrx_word' id='word_1_23' title='bbox 1086 495 1139 524; x_wconf 87' lang='lat' dir='ltr'>ne</span> <span class='ocrx_word' id='word_1_24' title='bbox 1157 496 1245 525; x_wconf 85' lang='lat' dir='ltr'>suae</span> <span class='ocrx_word' id='word_1_25' title='bbox 1264 479 1365 525; x_wconf 83' lang='lat' dir='ltr'>fidei</span> <span class='ocrx_word' id='word_1_26' title='bbox 1385 481 1610 527; x_wconf 85' lang='lat' dir='ltr'>sanitatem</span> <span class='ocrx_word' id='word_1_27' title='bbox 1630 497 1732 527; x_wconf 79' lang='lat' dir='ltr'>cas-</span> 
     </span>
     <span class='ocr_line' id='line_1_5' title="bbox 352 552 905 614; baseline 0 -18"><span class='ocrx_word' id='word_1_28' title='bbox 352 552 607 614; x_wconf 85' lang='lat' dir='ltr'>titatemque</span> <span class='ocrx_word' id='word_1_29' title='bbox 636 561 905 612; x_wconf 81' lang='lat' dir='ltr'>corrumpat.</span> 
     </span>
    </p>

    <p class='ocr_par' dir='ltr' id='par_1_3' title="bbox 341 619 1769 2654">
     <span class='ocr_line' id='line_1_6' title="bbox 417 619 1733 685; baseline 0.002 -20"><span class='ocrx_word' id='word_1_30' title='bbox 417 621 492 667; x_wconf 85' lang='lat' dir='ltr'>IV.</span> <span class='ocrx_word' id='word_1_31' title='bbox 541 623 600 665; x_wconf 77' lang='lat' dir='ltr'>Ex</span> <span class='ocrx_word' id='word_1_32' title='bbox 634 619 948 666; x_wconf 85' lang='lat' dir='ltr'>consuetudine</span> <span class='ocrx_word' id='word_1_33' title='bbox 980 636 1125 666; x_wconf 87' lang='lat' dir='ltr'>rerum</span> <span class='ocrx_word' id='word_1_34' title='bbox 1163 630 1463 683; x_wconf 83' lang='lat' dir='ltr'>expertarum,</span> <span class='ocrx_word' id='word_1_35' title='bbox 1511 621 1733 685; x_wconf 80' lang='lat' dir='ltr'>inexperta</span> 
     </span>
     <span class='ocr_line' id='line_1_7' title="bbox 357 690 1769 754; baseline 0.002 -18"><span class='ocrx_word' id='word_1_36' title='bbox 357 709 489 754; x_wconf 89' lang='lat' dir='ltr'>opera</span> <span class='ocrx_word' id='word_1_37' title='bbox 521 690 668 736; x_wconf 83' lang='lat' dir='ltr'>divina</span> <span class='ocrx_word' id='word_1_38' title='bbox 687 728 697 746; x_wconf 86' lang='lat'>‚</span> <span class='ocrx_word' id='word_1_39' title='bbox 733 691 962 736; x_wconf 80' lang='lat' dir='ltr'>infirmitas</span> <span class='ocrx_word' id='word_1_40' title='bbox 992 691 1167 736; x_wconf 86' lang='lat' dir='ltr'>metitur</span> <span class='ocrx_word' id='word_1_41' title='bbox 1187 690 1381 736; x_wconf 85' lang='lat' dir='ltr'>humana</span> <span class='ocrx_word' id='word_1_42' title='bbox 1399 728 1410 745; x_wconf 87' lang='lat'><strong>‚</strong></span> <span class='ocrx_word' id='word_1_43' title='bbox 1434 701 1475 737; x_wconf 88' lang='lat' dir='ltr'>et</span> <span class='ocrx_word' id='word_1_44' title='bbox 1499 691 1673 739; x_wconf 75' lang='lat' dir='ltr'>acutule</span> <span class='ocrx_word' id='word_1_45' title='bbox 1689 709 1735 739; x_wconf 76' lang='lat' dir='ltr'>se</span> <span class='ocrx_word' id='word_1_46' title='bbox 1768 724 1769 728; x_wconf 64' lang='lat'><em>=</em></span> 
     </span>
     <span class='ocr_line' id='line_1_8' title="bbox 359 760 1734 822; baseline 0.002 -16"><span class='ocrx_word' id='word_1_47' title='bbox 359 762 519 821; x_wconf 78' lang='lat' dir='ltr'><strong>garrire</strong></span> <span class='ocrx_word' id='word_1_48' title='bbox 553 761 810 816; x_wconf 76' lang='lat' dir='ltr'>arbitratur,</span> <span class='ocrx_word' id='word_1_49' title='bbox 845 777 944 806; x_wconf 88' lang='lat' dir='ltr'>cum</span> <span class='ocrx_word' id='word_1_50' title='bbox 982 760 1114 813; x_wconf 88' lang='lat' dir='ltr'>dicit,</span> <span class='ocrx_word' id='word_1_51' title='bbox 1145 760 1191 805; x_wconf 86' lang='lat' dir='ltr'>Si</span> <span class='ocrx_word' id='word_1_52' title='bbox 1226 778 1325 806; x_wconf 87' lang='lat' dir='ltr'>caro</span> <span class='ocrx_word' id='word_1_53' title='bbox 1359 772 1447 816; x_wconf 84' lang='lat' dir='ltr'>est,</span> <span class='ocrx_word' id='word_1_54' title='bbox 1485 772 1526 808; x_wconf 86' lang='lat' dir='ltr'>et</span> <span class='ocrx_word' id='word_1_55' title='bbox 1562 763 1734 822; x_wconf 75' lang='lat' dir='ltr'>sanguis</span> 
     </span>
     <span class='ocr_line' id='line_1_9' title="bbox 354 831 1729 891; baseline 0.001 -14"><span class='ocrx_word' id='word_1_56' title='bbox 354 842 448 877; x_wconf 86' lang='lat' dir='ltr'>est:</span> <span class='ocrx_word' id='word_1_57' title='bbox 472 832 505 877; x_wconf 91' lang='lat' dir='ltr'>si</span> <span class='ocrx_word' id='word_1_58' title='bbox 539 832 711 891; x_wconf 80' lang='lat' dir='ltr'>sanguis</span> <span class='ocrx_word' id='word_1_59' title='bbox 742 842 783 876; x_wconf 91' lang='lat' dir='ltr'>et</span> <span class='ocrx_word' id='word_1_60' title='bbox 816 831 963 877; x_wconf 78' lang='lat' dir='ltr'>caeteri</span> <span class='ocrx_word' id='word_1_61' title='bbox 996 831 1200 876; x_wconf 82' lang='lat' dir='ltr'>humores</span> <span class='ocrx_word' id='word_1_62' title='bbox 1230 848 1241 875; x_wconf 75' lang='grc' dir='ltr'>ε</span> <span class='ocrx_word' id='word_1_63' title='bbox 1273 832 1306 876; x_wconf 89' lang='lat' dir='ltr'>si</span> <span class='ocrx_word' id='word_1_64' title='bbox 1327 831 1472 877; x_wconf 79' lang='lat' dir='ltr'>caeteri</span> <span class='ocrx_word' id='word_1_65' title='bbox 1490 832 1729 889; x_wconf 87' lang='lat' dir='ltr'>humores,</span> 
     </span>
     <span class='ocr_line' id='line_1_10' title="bbox 351 901 1769 965; baseline 0.001 -18"><span class='ocrx_word' id='word_1_66' title='bbox 351 919 452 962; x_wconf 85' lang='lat' dir='ltr'>ergo</span> <span class='ocrx_word' id='word_1_67' title='bbox 477 913 519 947; x_wconf 88' lang='lat' dir='ltr'>et</span> <span class='ocrx_word' id='word_1_68' title='bbox 543 902 782 965; x_wconf 79' lang='lat' dir='ltr'>corruptio.</span> <span class='ocrx_word' id='word_1_69' title='bbox 815 904 877 947; x_wconf 88' lang='lat' dir='ltr'>Eo</span> <span class='ocrx_word' id='word_1_70' title='bbox 911 901 1041 947; x_wconf 91' lang='lat' dir='ltr'>modo</span> <span class='ocrx_word' id='word_1_71' title='bbox 1075 901 1265 956; x_wconf 80' lang='lat' dir='ltr'>diceret,</span> <span class='ocrx_word' id='word_1_72' title='bbox 1294 901 1340 947; x_wconf 89' lang='lat' dir='ltr'>Si</span> <span class='ocrx_word' id='word_1_73' title='bbox 1368 902 1544 949; x_wconf 88' lang='lat' dir='ltr'>flamma</span> <span class='ocrx_word' id='word_1_74' title='bbox 1570 913 1664 959; x_wconf 89' lang='lat' dir='ltr'>est,</span> <span class='ocrx_word' id='word_1_75' title='bbox 1685 913 1728 950; x_wconf 85' lang='lat' dir='ltr'>et</span> <span class='ocrx_word' id='word_1_76' title='bbox 1768 915 1769 964; x_wconf 53' lang='grc' dir='ltr'>ᾗ</span> 
     </span>
     <span class='ocr_line' id='line_1_11' title="bbox 354 972 1769 1031; baseline 0.001 -12"><span class='ocrx_word' id='word_1_77' title='bbox 354 973 474 1019; x_wconf 88' lang='lat' dir='ltr'>ardet</span> <span class='ocrx_word' id='word_1_78' title='bbox 496 990 508 1018; x_wconf 72' lang='grc' dir='ltr'>ι</span> <span class='ocrx_word' id='word_1_79' title='bbox 535 973 569 1018; x_wconf 91' lang='lat' dir='ltr'>si</span> <span class='ocrx_word' id='word_1_80' title='bbox 602 972 749 1029; x_wconf 84' lang='lat' dir='ltr'>ardet,</span> <span class='ocrx_word' id='word_1_81' title='bbox 777 983 818 1018; x_wconf 89' lang='lat' dir='ltr'>et</span> <span class='ocrx_word' id='word_1_82' title='bbox 842 972 929 1017; x_wconf 90' lang='lat' dir='ltr'>urit</span> <span class='ocrx_word' id='word_1_83' title='bbox 956 990 967 1017; x_wconf 90' lang='lat'><strong>:</strong></span> <span class='ocrx_word' id='word_1_84' title='bbox 996 972 1030 1017; x_wconf 89' lang='lat' dir='ltr'>si</span> <span class='ocrx_word' id='word_1_85' title='bbox 1058 972 1171 1027; x_wconf 84' lang='lat' dir='ltr'>urit,</span> <span class='ocrx_word' id='word_1_86' title='bbox 1195 989 1295 1031; x_wconf 85' lang='lat' dir='ltr'>ergo</span> <span class='ocrx_word' id='word_1_87' title='bbox 1318 972 1514 1019; x_wconf 88' lang='lat' dir='ltr'>virorum</span> <span class='ocrx_word' id='word_1_88' title='bbox 1532 973 1666 1021; x_wconf 86' lang='lat' dir='ltr'>trium</span> <span class='ocrx_word' id='word_1_89' title='bbox 1687 974 1734 1021; x_wconf 86' lang='lat' dir='ltr'>in</span> <span class='ocrx_word' id='word_1_90' title='bbox 1768 991 1769 1028; x_wconf 60' lang='lat' dir='ltr'>i</span> 
     </span>
     <span class='ocr_line' id='line_1_12' title="bbox 349 1042 1769 1105; baseline 0.001 -17"><span class='ocrx_word' id='word_1_91' title='bbox 349 1042 570 1088; x_wconf 82' lang='lat' dir='ltr'>fornacem</span> <span class='ocrx_word' id='word_1_92' title='bbox 596 1043 706 1101; x_wconf 84' lang='lat' dir='ltr'>ignis</span> <span class='ocrx_word' id='word_1_93' title='bbox 741 1043 797 1087; x_wconf 85' lang='lat' dir='ltr'>ab</span> <span class='ocrx_word' id='word_1_94' title='bbox 820 1043 957 1105; x_wconf 85' lang='lat' dir='ltr'>impio</span> <span class='ocrx_word' id='word_1_95' title='bbox 985 1059 1082 1101; x_wconf 83' lang='lat' dir='ltr'>rege</span> <span class='ocrx_word' id='word_1_96' title='bbox 1108 1042 1336 1088; x_wconf 88' lang='lat' dir='ltr'>missorum</span> <span class='ocrx_word' id='word_1_97' title='bbox 1363 1059 1551 1105; x_wconf 87' lang='lat' dir='ltr'>corpora</span> <span class='ocrx_word' id='word_1_98' title='bbox 1574 1043 1732 1090; x_wconf 57' lang='lat' dir='ltr'>incena</span> <span class='ocrx_word' id='word_1_99' title='bbox 1768 1069 1769 1097; x_wconf 43' lang='grc' dir='ltr'>ι</span> 
     </span>
     <span class='ocr_line' id='line_1_13' title="bbox 350 1112 1769 1165; baseline 0.002 -7"><span class='ocrx_word' id='word_1_100' title='bbox 350 1112 428 1159; x_wconf 90' lang='lat' dir='ltr'>dit.</span> <span class='ocrx_word' id='word_1_101' title='bbox 461 1113 506 1157; x_wconf 83' lang='lat' dir='ltr'>Si</span> <span class='ocrx_word' id='word_1_102' title='bbox 535 1123 677 1157; x_wconf 82' lang='lat' dir='ltr'>autem</span> <span class='ocrx_word' id='word_1_103' title='bbox 703 1112 853 1157; x_wconf 88' lang='lat' dir='ltr'>hocin</span> <span class='ocrx_word' id='word_1_104' title='bbox 878 1112 1018 1157; x_wconf 87' lang='lat' dir='ltr'>tribus</span> <span class='ocrx_word' id='word_1_105' title='bbox 1036 1112 1140 1158; x_wconf 84' lang='lat' dir='ltr'>viris</span> <span class='ocrx_word' id='word_1_106' title='bbox 1171 1112 1432 1158; x_wconf 83' lang='lat' dir='ltr'>miraculum</span> <span class='ocrx_word' id='word_1_107' title='bbox 1453 1112 1619 1160; x_wconf 84' lang='lat' dir='ltr'>factum</span> <span class='ocrx_word' id='word_1_108' title='bbox 1642 1130 1733 1161; x_wconf 79' lang='lat' dir='ltr'>esse</span> <span class='ocrx_word' id='word_1_109' title='bbox 1767 1138 1769 1165; x_wconf 58' lang='lat' dir='ltr'>i</span> 
     </span>
     <span class='ocr_line' id='line_1_14' title="bbox 349 1182 1769 1247; baseline 0.001 -20"><span class='ocrx_word' id='word_1_110' title='bbox 349 1200 437 1228; x_wconf 87' lang='lat' dir='ltr'>non</span> <span class='ocrx_word' id='word_1_111' title='bbox 465 1183 642 1229; x_wconf 83' lang='lat' dir='ltr'>dubitat</span> <span class='ocrx_word' id='word_1_112' title='bbox 659 1220 670 1237; x_wconf 80' lang='lat'>‚</span> <span class='ocrx_word' id='word_1_113' title='bbox 710 1184 907 1246; x_wconf 81' lang='lat' dir='ltr'>quisquis</span> <span class='ocrx_word' id='word_1_114' title='bbox 932 1183 986 1228; x_wconf 91' lang='lat' dir='ltr'>de</span> <span class='ocrx_word' id='word_1_115' title='bbox 1017 1182 1176 1229; x_wconf 85' lang='lat' dir='ltr'>divinis</span> <span class='ocrx_word' id='word_1_116' title='bbox 1200 1183 1407 1246; x_wconf 84' lang='lat' dir='ltr'>operibus</span> <span class='ocrx_word' id='word_1_117' title='bbox 1438 1195 1552 1229; x_wconf 89' lang='lat' dir='ltr'>recte</span> <span class='ocrx_word' id='word_1_118' title='bbox 1579 1184 1693 1247; x_wconf 83' lang='lat' dir='ltr'>sapit</span> <span class='ocrx_word' id='word_1_119' title='bbox 1716 1204 1730 1238; x_wconf 63' lang='grc' dir='ltr'><strong>ς</strong></span> <span class='ocrx_word' id='word_1_120' title='bbox 1768 1185 1769 1235; x_wconf 69' lang='lat' dir='ltr'>l</span> 
     </span>
     <span class='ocr_line' id='line_1_15' title="bbox 351 1252 1769 1317; baseline 0.001 -19"><span class='ocrx_word' id='word_1_121' title='bbox 351 1270 430 1299; x_wconf 87' lang='lat' dir='ltr'>cur</span> <span class='ocrx_word' id='word_1_122' title='bbox 456 1271 543 1299; x_wconf 79' lang='lat' dir='ltr'>non</span> <span class='ocrx_word' id='word_1_123' title='bbox 567 1252 787 1309; x_wconf 84' lang='lat' dir='ltr'>credatur,</span> <span class='ocrx_word' id='word_1_124' title='bbox 822 1254 897 1315; x_wconf 91' lang='lat' dir='ltr'>qui</span> <span class='ocrx_word' id='word_1_125' title='bbox 921 1253 1024 1298; x_wconf 89' lang='lat' dir='ltr'>fecit</span> <span class='ocrx_word' id='word_1_126' title='bbox 1047 1253 1121 1298; x_wconf 87' lang='lat' dir='ltr'>illa</span> <span class='ocrx_word' id='word_1_127' title='bbox 1154 1270 1340 1316; x_wconf 83' lang='lat' dir='ltr'>corpora</span> <span class='ocrx_word' id='word_1_128' title='bbox 1367 1270 1456 1299; x_wconf 87' lang='lat' dir='ltr'>non</span> <span class='ocrx_word' id='word_1_129' title='bbox 1479 1270 1603 1317; x_wconf 86' lang='lat' dir='ltr'>posse</span> <span class='ocrx_word' id='word_1_130' title='bbox 1634 1255 1733 1314; x_wconf 76' lang='lat' dir='ltr'>igne</span> <span class='ocrx_word' id='word_1_131' title='bbox 1767 1278 1769 1299; x_wconf 67' lang='lat' dir='ltr'>t</span> 
     </span>
     <span class='ocr_line' id='line_1_16' title="bbox 351 1323 1769 1388; baseline 0.002 -18"><span class='ocrx_word' id='word_1_132' title='bbox 351 1325 576 1387; x_wconf 84' lang='lat' dir='ltr'>corrumpi</span> <span class='ocrx_word' id='word_1_133' title='bbox 595 1361 605 1379; x_wconf 81' lang='grc'>,</span> <span class='ocrx_word' id='word_1_134' title='bbox 633 1323 782 1369; x_wconf 83' lang='lat' dir='ltr'>fecisse</span> <span class='ocrx_word' id='word_1_135' title='bbox 812 1323 923 1369; x_wconf 89' lang='lat' dir='ltr'>illud</span> <span class='ocrx_word' id='word_1_136' title='bbox 958 1340 1118 1386; x_wconf 81' lang='lat' dir='ltr'>corpus</span> <span class='ocrx_word' id='word_1_137' title='bbox 1148 1340 1227 1369; x_wconf 87' lang='lat' dir='ltr'>nec</span> <span class='ocrx_word' id='word_1_138' title='bbox 1250 1341 1372 1387; x_wconf 90' lang='lat' dir='ltr'>posse</span> <span class='ocrx_word' id='word_1_139' title='bbox 1391 1324 1736 1388; x_wconf 77' lang='lat' dir='ltr'>corrumpiigne</span> <span class='ocrx_word' id='word_1_140' title='bbox 1767 1330 1769 1376; x_wconf 68' lang='lat' dir='ltr'>l</span> 
     </span>
     <span class='ocr_line' id='line_1_17' title="bbox 349 1393 1769 1457; baseline 0.003 -17"><span class='ocrx_word' id='word_1_141' title='bbox 349 1412 427 1440; x_wconf 85' lang='lat' dir='ltr'>nec</span> <span class='ocrx_word' id='word_1_142' title='bbox 444 1393 556 1440; x_wconf 87' lang='lat' dir='ltr'>fame</span> <span class='ocrx_word' id='word_1_143' title='bbox 581 1411 658 1439; x_wconf 86' lang='lat' dir='ltr'>nec</span> <span class='ocrx_word' id='word_1_144' title='bbox 684 1394 841 1439; x_wconf 87' lang='lat' dir='ltr'>morbo</span> <span class='ocrx_word' id='word_1_145' title='bbox 863 1411 942 1439; x_wconf 89' lang='lat' dir='ltr'>nec</span> <span class='ocrx_word' id='word_1_146' title='bbox 967 1394 1103 1449; x_wconf 81' lang='lat' dir='ltr'>senio,</span> <span class='ocrx_word' id='word_1_147' title='bbox 1124 1410 1204 1439; x_wconf 87' lang='lat' dir='ltr'>uec</span> <span class='ocrx_word' id='word_1_148' title='bbox 1226 1393 1313 1439; x_wconf 89' lang='lat' dir='ltr'>ulla</span> <span class='ocrx_word' id='word_1_149' title='bbox 1330 1394 1374 1440; x_wconf 84' lang='lat' dir='ltr'>vi</span> <span class='ocrx_word' id='word_1_150' title='bbox 1397 1394 1497 1450; x_wconf 80' lang='lat' dir='ltr'>alia,</span> <span class='ocrx_word' id='word_1_151' title='bbox 1517 1411 1605 1457; x_wconf 86' lang='lat' dir='ltr'>qua</span> <span class='ocrx_word' id='word_1_152' title='bbox 1624 1395 1733 1444; x_wconf 82' lang='lat' dir='ltr'>solet</span> <span class='ocrx_word' id='word_1_153' title='bbox 1766 1410 1769 1455; x_wconf 68' lang='lat' dir='ltr'>t</span> 
     </span>
     <span class='ocr_line' id='line_1_18' title="bbox 348 1463 1769 1531; baseline 0.001 -22"><span class='ocrx_word' id='word_1_154' title='bbox 348 1464 542 1511; x_wconf 84' lang='lat' dir='ltr'>humana</span> <span class='ocrx_word' id='word_1_155' title='bbox 573 1481 758 1526; x_wconf 82' lang='lat' dir='ltr'>corpora</span> <span class='ocrx_word' id='word_1_156' title='bbox 793 1463 1055 1510; x_wconf 75' lang='lat' dir='ltr'>labefactare</span> <span class='ocrx_word' id='word_1_157' title='bbox 1087 1464 1351 1526; x_wconf 69' lang='lat' dir='ltr'>corruptio?</span> <span class='ocrx_word' id='word_1_158' title='bbox 1389 1464 1521 1520; x_wconf 85' lang='lat' dir='ltr'>Quod</span> <span class='ocrx_word' id='word_1_159' title='bbox 1550 1464 1585 1514; x_wconf 83' lang='lat' dir='ltr'>si</span> <span class='ocrx_word' id='word_1_160' title='bbox 1608 1465 1735 1531; x_wconf 77' lang='lat' dir='ltr'>quis-</span> <span class='ocrx_word' id='word_1_161' title='bbox 1765 1467 1769 1519; x_wconf 52' lang='grc' dir='ltr'><strong><em>ἐ</em></strong></span> 
     </span>
     <span class='ocr_line' id='line_1_19' title="bbox 349 1534 1769 1598; baseline 0.003 -20"><span class='ocrx_word' id='word_1_162' title='bbox 349 1552 480 1598; x_wconf 85' lang='lat' dir='ltr'>quam</span> <span class='ocrx_word' id='word_1_163' title='bbox 505 1535 644 1590; x_wconf 77' lang='lat' dir='ltr'>dicit,</span> <span class='ocrx_word' id='word_1_164' title='bbox 672 1551 760 1579; x_wconf 86' lang='lat' dir='ltr'>non</span> <span class='ocrx_word' id='word_1_165' title='bbox 797 1535 916 1580; x_wconf 84' lang='lat' dir='ltr'>carni</span> <span class='ocrx_word' id='word_1_166' title='bbox 954 1535 1086 1580; x_wconf 88' lang='lat' dir='ltr'>trium</span> <span class='ocrx_word' id='word_1_167' title='bbox 1111 1534 1285 1580; x_wconf 88' lang='lat' dir='ltr'>illorum</span> <span class='ocrx_word' id='word_1_168' title='bbox 1310 1534 1503 1580; x_wconf 83' lang='lat' dir='ltr'>virorum</span> <span class='ocrx_word' id='word_1_169' title='bbox 1537 1534 1733 1583; x_wconf 81' lang='lat' dir='ltr'>additam</span> <span class='ocrx_word' id='word_1_170' title='bbox 1765 1543 1769 1582; x_wconf 74' lang='grc' dir='ltr'>ι’</span> 
     </span>
     <span class='ocr_line' id='line_1_20' title="bbox 352 1599 1769 1667; baseline 0.001 -17"><span class='ocrx_word' id='word_1_171' title='bbox 352 1617 502 1651; x_wconf 83' lang='lat' dir='ltr'>contra</span> <span class='ocrx_word' id='word_1_172' title='bbox 532 1606 673 1663; x_wconf 79' lang='lat' dir='ltr'>ignem</span> <span class='ocrx_word' id='word_1_173' title='bbox 708 1605 1081 1667; x_wconf 82' lang='lat' dir='ltr'>incorruptionem</span> <span class='ocrx_word' id='word_1_174' title='bbox 1102 1642 1113 1660; x_wconf 86' lang='lat'><strong><em>‚</em></strong></span> <span class='ocrx_word' id='word_1_175' title='bbox 1150 1603 1222 1650; x_wconf 88' lang='lat' dir='ltr'>sed</span> <span class='ocrx_word' id='word_1_176' title='bbox 1260 1604 1344 1667; x_wconf 86' lang='lat' dir='ltr'>ipsi</span> <span class='ocrx_word' id='word_1_177' title='bbox 1380 1604 1470 1664; x_wconf 88' lang='lat' dir='ltr'>igni</span> <span class='ocrx_word' id='word_1_178' title='bbox 1489 1604 1734 1651; x_wconf 86' lang='lat' dir='ltr'>detractam</span> <span class='ocrx_word' id='word_1_179' title='bbox 1765 1599 1769 1655; x_wconf 69' lang='lat' dir='ltr'>t</span> 
     </span>
     <span class='ocr_line' id='line_1_21' title="bbox 350 1674 1769 1739; baseline 0.001 -17"><span class='ocrx_word' id='word_1_180' title='bbox 350 1675 661 1739; x_wconf 85' lang='lat' dir='ltr'>corrumpendi</span> <span class='ocrx_word' id='word_1_181' title='bbox 678 1674 929 1721; x_wconf 84' lang='lat' dir='ltr'>facultatem</span> <span class='ocrx_word' id='word_1_182' title='bbox 946 1713 956 1731; x_wconf 81' lang='grc'>,</span> <span class='ocrx_word' id='word_1_183' title='bbox 979 1675 1087 1738; x_wconf 89' lang='lat' dir='ltr'>quid</span> <span class='ocrx_word' id='word_1_184' title='bbox 1111 1692 1311 1721; x_wconf 80' lang='lat' dir='ltr'>veremur</span> <span class='ocrx_word' id='word_1_185' title='bbox 1330 1692 1382 1720; x_wconf 91' lang='lat' dir='ltr'>ne</span> <span class='ocrx_word' id='word_1_186' title='bbox 1399 1692 1573 1721; x_wconf 85' lang='lat' dir='ltr'>carnem</span> <span class='ocrx_word' id='word_1_187' title='bbox 1593 1674 1735 1725; x_wconf 82' lang='lat' dir='ltr'>facere</span> <span class='ocrx_word' id='word_1_188' title='bbox 1766 1689 1769 1727; x_wconf 92' lang='grc' dir='ltr'>Ι</span> 
     </span>
     <span class='ocr_line' id='line_1_22' title="bbox 350 1743 1769 1810; baseline -0.001 -18"><span class='ocrx_word' id='word_1_189' title='bbox 350 1747 594 1810; x_wconf 83' lang='lat' dir='ltr'>nequiverit</span> <span class='ocrx_word' id='word_1_190' title='bbox 612 1763 699 1791; x_wconf 85' lang='lat' dir='ltr'>non</span> <span class='ocrx_word' id='word_1_191' title='bbox 720 1764 842 1808; x_wconf 82' lang='lat' dir='ltr'>posse</span> <span class='ocrx_word' id='word_1_192' title='bbox 863 1747 1106 1809; x_wconf 82' lang='lat' dir='ltr'>corrumpi,</span> <span class='ocrx_word' id='word_1_193' title='bbox 1127 1746 1203 1809; x_wconf 86' lang='lat' dir='ltr'>qui</span> <span class='ocrx_word' id='word_1_194' title='bbox 1221 1744 1323 1791; x_wconf 80' lang='lat' dir='ltr'>fecit</span> <span class='ocrx_word' id='word_1_195' title='bbox 1343 1746 1484 1805; x_wconf 85' lang='lat' dir='ltr'>ignem</span> <span class='ocrx_word' id='word_1_196' title='bbox 1506 1763 1594 1792; x_wconf 88' lang='lat' dir='ltr'>non</span> <span class='ocrx_word' id='word_1_197' title='bbox 1611 1763 1737 1810; x_wconf 72' lang='lat' dir='ltr'>posse</span> <span class='ocrx_word' id='word_1_198' title='bbox 1764 1743 1769 1794; x_wconf 76' lang='lat' dir='ltr'>i</span> 
     </span>
     <span class='ocr_line' id='line_1_23' title="bbox 351 1815 1769 1880; baseline -0.001 -16"><span class='ocrx_word' id='word_1_199' title='bbox 351 1820 664 1880; x_wconf 64' lang='lat' dir='ltr'>corrumpere?</span> <span class='ocrx_word' id='word_1_200' title='bbox 705 1817 816 1862; x_wconf 64' lang='lat' dir='ltr'>Nam</span> <span class='ocrx_word' id='word_1_201' title='bbox 851 1817 884 1862; x_wconf 85' lang='lat' dir='ltr'>si</span> <span class='ocrx_word' id='word_1_202' title='bbox 923 1817 1032 1862; x_wconf 90' lang='lat' dir='ltr'>illud</span> <span class='ocrx_word' id='word_1_203' title='bbox 1059 1834 1147 1861; x_wconf 86' lang='lat' dir='ltr'>non</span> <span class='ocrx_word' id='word_1_204' title='bbox 1180 1815 1233 1861; x_wconf 84' lang='lat' dir='ltr'>de</span> <span class='ocrx_word' id='word_1_205' title='bbox 1266 1816 1408 1861; x_wconf 80' lang='lat' dir='ltr'>carnis</span> <span class='ocrx_word' id='word_1_206' title='bbox 1435 1816 1508 1862; x_wconf 87' lang='lat' dir='ltr'>sed</span> <span class='ocrx_word' id='word_1_207' title='bbox 1537 1816 1591 1862; x_wconf 90' lang='lat' dir='ltr'>de</span> <span class='ocrx_word' id='word_1_208' title='bbox 1622 1816 1736 1876; x_wconf 72' lang='lat' dir='ltr'>ignis</span> <span class='ocrx_word' id='word_1_209' title='bbox 1765 1816 1769 1870; x_wconf 81' lang='lat' dir='ltr'>i</span> 
     </span>
     <span class='ocr_line' id='line_1_24' title="bbox 347 1886 1769 1947; baseline -0.001 -13"><span class='ocrx_word' id='word_1_210' title='bbox 347 1888 586 1934; x_wconf 85' lang='lat' dir='ltr'>mutatione</span> <span class='ocrx_word' id='word_1_211' title='bbox 610 1887 884 1947; x_wconf 82' lang='lat' dir='ltr'>intelligitur,</span> <span class='ocrx_word' id='word_1_212' title='bbox 909 1887 1048 1933; x_wconf 87' lang='lat' dir='ltr'>multo</span> <span class='ocrx_word' id='word_1_213' title='bbox 1074 1898 1135 1932; x_wconf 83' lang='lat' dir='ltr'>est</span> <span class='ocrx_word' id='word_1_214' title='bbox 1161 1886 1434 1933; x_wconf 84' lang='lat' dir='ltr'>mirabilius:</span> <span class='ocrx_word' id='word_1_215' title='bbox 1465 1887 1595 1940; x_wconf 83' lang='lat' dir='ltr'>simul</span> <span class='ocrx_word' id='word_1_216' title='bbox 1617 1887 1735 1937; x_wconf 84' lang='lat' dir='ltr'>enim</span> <span class='ocrx_word' id='word_1_217' title='bbox 1764 1901 1769 1940; x_wconf 70' lang='grc' dir='ltr'><strong>ς</strong></span> 
     </span>
     <span class='ocr_line' id='line_1_25' title="bbox 346 1944 1769 2020; baseline 0 -16"><span class='ocrx_word' id='word_1_218' title='bbox 346 1969 389 2004; x_wconf 89' lang='lat' dir='ltr'>et</span> <span class='ocrx_word' id='word_1_219' title='bbox 425 1958 655 2003; x_wconf 87' lang='lat' dir='ltr'>hominum</span> <span class='ocrx_word' id='word_1_220' title='bbox 692 1974 876 2020; x_wconf 87' lang='lat' dir='ltr'>corpora</span> <span class='ocrx_word' id='word_1_221' title='bbox 915 1974 1005 2002; x_wconf 88' lang='lat' dir='ltr'>non</span> <span class='ocrx_word' id='word_1_222' title='bbox 1042 1957 1198 2002; x_wconf 82' lang='lat' dir='ltr'>urebat</span> <span class='ocrx_word' id='word_1_223' title='bbox 1221 1974 1274 2002; x_wconf 86' lang='lat' dir='ltr'>ne</span> <span class='ocrx_word' id='word_1_224' title='bbox 1311 1968 1455 2020; x_wconf 86' lang='lat' dir='ltr'>posset</span> <span class='ocrx_word' id='word_1_225' title='bbox 1479 1974 1666 2013; x_wconf 79' lang='lat' dir='ltr'>nocere,</span> <span class='ocrx_word' id='word_1_226' title='bbox 1687 1967 1731 2012; x_wconf 72' lang='lat' dir='ltr'>et</span> <span class='ocrx_word' id='word_1_227' title='bbox 1765 1944 1769 1966; x_wconf 62' lang='lat'>⁸</span> 
     </span>
     <span class='ocr_line' id='line_1_26' title="bbox 348 2023 1735 2091; baseline -0.001 -16"><span class='ocrx_word' id='word_1_228' title='bbox 348 2029 466 2090; x_wconf 86' lang='lat' dir='ltr'>ligna</span> <span class='ocrx_word' id='word_1_229' title='bbox 501 2028 690 2074; x_wconf 83' lang='lat' dir='ltr'>fornacis</span> <span class='ocrx_word' id='word_1_230' title='bbox 725 2028 878 2074; x_wconf 87' lang='lat' dir='ltr'>urebat</span> <span class='ocrx_word' id='word_1_231' title='bbox 916 2039 963 2073; x_wconf 87' lang='lat' dir='ltr'>ut</span> <span class='ocrx_word' id='word_1_232' title='bbox 999 2037 1144 2090; x_wconf 85' lang='lat' dir='ltr'>posset</span> <span class='ocrx_word' id='word_1_233' title='bbox 1181 2027 1343 2074; x_wconf 83' lang='lat' dir='ltr'>ardere.</span> <span class='ocrx_word' id='word_1_234' title='bbox 1388 2027 1472 2074; x_wconf 88' lang='lat' dir='ltr'>Sed</span> <span class='ocrx_word' id='word_1_235' title='bbox 1493 2028 1572 2091; x_wconf 84' lang='lat' dir='ltr'>qui</span> <span class='ocrx_word' id='word_1_236' title='bbox 1603 2023 1735 2079; x_wconf 81' lang='lat' dir='ltr'>etiam</span> 
     </span>
     <span class='ocr_line' id='line_1_27' title="bbox 348 2098 1731 2161; baseline -0.001 -15"><span class='ocrx_word' id='word_1_237' title='bbox 348 2101 430 2146; x_wconf 89' lang='lat' dir='ltr'>ista</span> <span class='ocrx_word' id='word_1_238' title='bbox 448 2116 539 2145; x_wconf 85' lang='lat' dir='ltr'>non</span> <span class='ocrx_word' id='word_1_239' title='bbox 562 2098 747 2144; x_wconf 89' lang='lat' dir='ltr'>credunt</span> <span class='ocrx_word' id='word_1_240' title='bbox 767 2136 777 2153; x_wconf 82' lang='lat'>‚</span> <span class='ocrx_word' id='word_1_241' title='bbox 806 2099 991 2144; x_wconf 89' lang='lat' dir='ltr'>nimium</span> <span class='ocrx_word' id='word_1_242' title='bbox 1013 2098 1067 2143; x_wconf 89' lang='lat' dir='ltr'>de</span> <span class='ocrx_word' id='word_1_243' title='bbox 1089 2098 1239 2144; x_wconf 80' lang='lat' dir='ltr'>divina</span> <span class='ocrx_word' id='word_1_244' title='bbox 1262 2108 1473 2161; x_wconf 85' lang='lat' dir='ltr'>potestate</span> <span class='ocrx_word' id='word_1_245' title='bbox 1492 2098 1702 2150; x_wconf 78' lang='lat' dir='ltr'>diffidunt</span> <span class='ocrx_word' id='word_1_246' title='bbox 1717 2135 1731 2155; x_wconf 93' lang='lat'>‚</span> 
     </span>
     <span class='ocr_line' id='line_1_28' title="bbox 348 2167 1732 2225; baseline 0.001 -10"><span class='ocrx_word' id='word_1_247' title='bbox 348 2187 429 2216; x_wconf 82' lang='lat' dir='ltr'>nec</span> <span class='ocrx_word' id='word_1_248' title='bbox 452 2185 554 2215; x_wconf 88' lang='lat' dir='ltr'>cum</span> <span class='ocrx_word' id='word_1_249' title='bbox 575 2169 633 2214; x_wconf 87' lang='lat' dir='ltr'>eis</span> <span class='ocrx_word' id='word_1_250' title='bbox 653 2168 719 2214; x_wconf 81' lang='lat' dir='ltr'>vel</span> <span class='ocrx_word' id='word_1_251' title='bbox 741 2168 794 2214; x_wconf 86' lang='lat' dir='ltr'>ad</span> <span class='ocrx_word' id='word_1_252' title='bbox 815 2186 884 2214; x_wconf 91' lang='lat' dir='ltr'>eos</span> <span class='ocrx_word' id='word_1_253' title='bbox 906 2185 1025 2214; x_wconf 88' lang='lat' dir='ltr'>nunc</span> <span class='ocrx_word' id='word_1_254' title='bbox 1050 2185 1187 2213; x_wconf 90' lang='lat' dir='ltr'>sermo</span> <span class='ocrx_word' id='word_1_255' title='bbox 1222 2167 1349 2213; x_wconf 89' lang='lat' dir='ltr'>nobis</span> <span class='ocrx_word' id='word_1_256' title='bbox 1369 2179 1444 2215; x_wconf 90' lang='lat' dir='ltr'>est.</span> <span class='ocrx_word' id='word_1_257' title='bbox 1471 2168 1561 2225; x_wconf 86' lang='lat' dir='ltr'>Qui</span> <span class='ocrx_word' id='word_1_258' title='bbox 1587 2178 1732 2219; x_wconf 83' lang='lat' dir='ltr'>autem</span> 
     </span>
     <span class='ocr_line' id='line_1_29' title="bbox 347 2237 1734 2302; baseline -0.002 -16"><span class='ocrx_word' id='word_1_259' title='bbox 347 2240 429 2286; x_wconf 83' lang='lat' dir='ltr'>ista</span> <span class='ocrx_word' id='word_1_260' title='bbox 449 2238 660 2294; x_wconf 83' lang='lat' dir='ltr'>credunt,</span> <span class='ocrx_word' id='word_1_261' title='bbox 691 2255 739 2284; x_wconf 87' lang='lat' dir='ltr'>ex</span> <span class='ocrx_word' id='word_1_262' title='bbox 759 2238 828 2284; x_wconf 92' lang='lat' dir='ltr'>his</span> <span class='ocrx_word' id='word_1_263' title='bbox 851 2238 981 2284; x_wconf 87' lang='lat' dir='ltr'>etiam</span> <span class='ocrx_word' id='word_1_264' title='bbox 999 2238 1072 2284; x_wconf 87' lang='lat' dir='ltr'>illa</span> <span class='ocrx_word' id='word_1_265' title='bbox 1095 2249 1334 2301; x_wconf 87' lang='lat' dir='ltr'>utcumque</span> <span class='ocrx_word' id='word_1_266' title='bbox 1351 2237 1607 2297; x_wconf 80' lang='lat' dir='ltr'>conjiciant,</span> <span class='ocrx_word' id='word_1_267' title='bbox 1629 2254 1734 2302; x_wconf 76' lang='lat' dir='ltr'>quae</span> 
     </span>
     <span class='ocr_line' id='line_1_30' title="bbox 348 2306 1739 2372; baseline -0.001 -16"><span class='ocrx_word' id='word_1_268' title='bbox 348 2310 534 2356; x_wconf 89' lang='lat' dir='ltr'>fideliter</span> <span class='ocrx_word' id='word_1_269' title='bbox 551 2319 770 2372; x_wconf 76' lang='lat' dir='ltr'>quaerunt.</span> <span class='ocrx_word' id='word_1_270' title='bbox 792 2308 918 2355; x_wconf 90' lang='lat' dir='ltr'>Valet</span> <span class='ocrx_word' id='word_1_271' title='bbox 946 2308 1079 2369; x_wconf 82' lang='lat' dir='ltr'>igitur</span> <span class='ocrx_word' id='word_1_272' title='bbox 1102 2307 1251 2353; x_wconf 80' lang='lat' dir='ltr'>divina</span> <span class='ocrx_word' id='word_1_273' title='bbox 1275 2308 1468 2371; x_wconf 88' lang='lat' dir='ltr'>potentia</span> <span class='ocrx_word' id='word_1_274' title='bbox 1489 2306 1543 2354; x_wconf 90' lang='lat' dir='ltr'>de</span> <span class='ocrx_word' id='word_1_275' title='bbox 1567 2307 1648 2362; x_wconf 78' lang='lat' dir='ltr'>ista</span> <span class='ocrx_word' id='word_1_276' title='bbox 1663 2307 1739 2354; x_wconf 46' lang='lat' dir='ltr'>vi*</span> 
     </span>
     <span class='ocr_line' id='line_1_31' title="bbox 351 2377 1735 2445; baseline -0.002 -18"><span class='ocrx_word' id='word_1_277' title='bbox 351 2381 467 2427; x_wconf 90' lang='lat' dir='ltr'>sibili</span> <span class='ocrx_word' id='word_1_278' title='bbox 507 2391 637 2445; x_wconf 87' lang='lat' dir='ltr'>atque</span> <span class='ocrx_word' id='word_1_279' title='bbox 683 2379 905 2426; x_wconf 86' lang='lat' dir='ltr'>tractabili</span> <span class='ocrx_word' id='word_1_280' title='bbox 945 2390 1099 2426; x_wconf 83' lang='lat' dir='ltr'>natura</span> <span class='ocrx_word' id='word_1_281' title='bbox 1139 2395 1380 2441; x_wconf 87' lang='lat' dir='ltr'>corporum</span> <span class='ocrx_word' id='word_1_282' title='bbox 1408 2414 1419 2435; x_wconf 92' lang='lat'><strong><em>‚</em></strong></span> <span class='ocrx_word' id='word_1_283' title='bbox 1465 2377 1735 2442; x_wconf 71' lang='lat' dir='ltr'>quibusdam</span> 
     </span>
     <span class='ocr_line' id='line_1_32' title="bbox 341 2447 1734 2513; baseline -0.001 -16"><span class='ocrx_word' id='word_1_284' title='bbox 341 2451 618 2498; x_wconf 84' lang='lat' dir='ltr'>manentibus</span> <span class='ocrx_word' id='word_1_285' title='bbox 633 2488 644 2507; x_wconf 82' lang='lat'><strong><em>,</em></strong></span> <span class='ocrx_word' id='word_1_286' title='bbox 667 2450 831 2497; x_wconf 88' lang='lat' dir='ltr'>auferre</span> <span class='ocrx_word' id='word_1_287' title='bbox 854 2466 962 2513; x_wconf 88' lang='lat' dir='ltr'>quas</span> <span class='ocrx_word' id='word_1_288' title='bbox 980 2449 1166 2495; x_wconf 85' lang='lat' dir='ltr'>voluerit</span> <span class='ocrx_word' id='word_1_289' title='bbox 1185 2448 1416 2513; x_wconf 86' lang='lat' dir='ltr'>qualitates</span> <span class='ocrx_word' id='word_1_290' title='bbox 1437 2466 1448 2494; x_wconf 87' lang='lat'><strong>:</strong></span> <span class='ocrx_word' id='word_1_291' title='bbox 1473 2465 1523 2495; x_wconf 86' lang='lat' dir='ltr'>ac</span> <span class='ocrx_word' id='word_1_292' title='bbox 1544 2465 1623 2512; x_wconf 77' lang='lat' dir='ltr'>per</span> <span class='ocrx_word' id='word_1_293' title='bbox 1641 2447 1734 2505; x_wconf 64' lang='lat' dir='ltr'>hee</span> 
     </span>
     <span class='ocr_line' id='line_1_33' title="bbox 346 2518 1735 2574; baseline -0.003 -6"><span class='ocrx_word' id='word_1_294' title='bbox 346 2522 461 2568; x_wconf 87' lang='lat' dir='ltr'>valet</span> <span class='ocrx_word' id='word_1_295' title='bbox 487 2522 615 2567; x_wconf 82' lang='lat' dir='ltr'>etiam</span> <span class='ocrx_word' id='word_1_296' title='bbox 635 2521 832 2567; x_wconf 84' lang='lat' dir='ltr'>membra</span> <span class='ocrx_word' id='word_1_297' title='bbox 853 2520 1055 2567; x_wconf 85' lang='lat' dir='ltr'>mortalia</span> <span class='ocrx_word' id='word_1_298' title='bbox 1077 2520 1230 2565; x_wconf 72' lang='lat' dir='ltr'>f&#39;ormae</span> <span class='ocrx_word' id='word_1_299' title='bbox 1253 2518 1528 2566; x_wconf 85' lang='lat' dir='ltr'>lineamentis</span> <span class='ocrx_word' id='word_1_300' title='bbox 1549 2534 1735 2574; x_wconf 74' lang='lat' dir='ltr'>manen—</span> 
     </span>
     <span class='ocr_line' id='line_1_34' title="bbox 344 2587 1757 2654; baseline -0.001 -17"><span class='ocrx_word' id='word_1_301' title='bbox 344 2591 462 2638; x_wconf 90' lang='lat' dir='ltr'>tibus</span> <span class='ocrx_word' id='word_1_302' title='bbox 481 2629 492 2649; x_wconf 85' lang='lat'><strong>,</strong></span> <span class='ocrx_word' id='word_1_303' title='bbox 523 2591 805 2654; x_wconf 87' lang='lat' dir='ltr'>corruptione</span> <span class='ocrx_word' id='word_1_304' title='bbox 830 2607 932 2637; x_wconf 73' lang='lat' dir='ltr'>vero</span> <span class='ocrx_word' id='word_1_305' title='bbox 953 2590 1229 2636; x_wconf 83' lang='lat' dir='ltr'>mortalitatis</span> <span class='ocrx_word' id='word_1_306' title='bbox 1251 2600 1471 2647; x_wconf 88' lang='lat' dir='ltr'>emortua,</span> <span class='ocrx_word' id='word_1_307' title='bbox 1497 2588 1644 2637; x_wconf 84' lang='lat' dir='ltr'>stabili</span> <span class='ocrx_word' id='word_1_308' title='bbox 1661 2587 1732 2635; x_wconf 86' lang='lat' dir='ltr'>vi·</span> <span class='ocrx_word' id='word_1_309' title='bbox 1753 2600 1757 2621; x_wconf 71' lang='lat'><em>⁶</em></span> 
     </span>
    </p>
   </div>
   <div class='ocr_carea' id='block_1_3' title="bbox 1749 2868 1755 3229">
    <p class='ocr_par' dir='ltr' id='par_1_4' title="bbox 1749 2868 1755 3229">
     <span class='ocr_line' id='line_1_35' title="bbox 1751 2868 1755 2895; baseline 0 0"><span class='ocrx_word' id='word_1_310' title='bbox 1751 2868 1755 2895; x_wconf 82' lang='lat' dir='ltr'>l</span> 
     </span>
     <span class='ocr_line' id='line_1_36' title="bbox 1752 2905 1754 2921; baseline 0 0"><span class='ocrx_word' id='word_1_311' title='bbox 1752 2905 1754 2921; x_wconf 65' lang='lat' dir='ltr'>l</span> 
     </span>
     <span class='ocr_line' id='line_1_37' title="bbox 1750 3021 1754 3098; baseline 0 0"><span class='ocrx_word' id='word_1_312' title='bbox 1750 3021 1754 3098; x_wconf 64' lang='grc' dir='ltr'>ἕ</span> 
     </span>
     <span class='ocr_line' id='line_1_38' title="bbox 1749 3103 1753 3186; baseline 0 0"><span class='ocrx_word' id='word_1_313' title='bbox 1749 3103 1753 3186; x_wconf 73' lang='grc' dir='ltr'><strong><em>ἒ</em></strong></span> 
     </span>
     <span class='ocr_line' id='line_1_39' title="bbox 1749 3194 1753 3229; baseline 0 0"><span class='ocrx_word' id='word_1_314' title='bbox 1749 3194 1753 3229; x_wconf 71' lang='grc' dir='ltr'>ἶ</span> 
     </span>
    </p>
   </div>
  </div>
 </body>
</html>
