1769 3235
341 270 427 319 180
737 283 771 314 s.
817 279 1062 314 AUGUSTINI
1098 284 1299 315 EPISCOPI
1756 327 1757 330 Ἴ

335 354 438 417 quia
461 368 547 397 non
572 351 821 411 corrigitur,
844 360 886 396 et
905 350 1108 414 deinceps
1129 369 1215 398 non
1252 351 1383 397 faciat
1400 352 1527 409 illud,
1552 354 1596 400 in
1617 373 1705 420 quo
1755 379 1758 419 ἓ

331 428 446 483 Juste
473 422 756 485 reprehensus
772 431 834 466 est
852 457 864 476 ‚
889 431 931 466 et
949 433 1162 485 quantum
1185 422 1279 467 odit
1302 433 1531 485 peccatum
1557 442 1701 484 suum,
1755 449 1758 486 2

334 505 506 540 tantum
532 493 685 552 diligat
716 491 909 548 fratrem,
933 509 1062 555 quem
1089 493 1218 538 sensit
1248 492 1414 538 hostem
1449 497 1620 557 peccati
1638 499 1704 544 sui

334 566 381 612 Si
403 576 545 612 autem
567 566 621 610 de
640 564 716 610 illo
734 581 915 609 numero
943 575 1025 620 est,
1051 564 1104 610 de
1123 581 1211 627 quo
1235 564 1404 611 dictum
1429 577 1490 611 est
1517 584 1527 611 ε
1549 589 1569 609 «
1600 569 1704 614 Cor·
1755 622 1757 624 q

332 637 461 700 »ripe
475 636 674 692 stultum,
693 646 736 682 et
754 635 926 695 adjiciet
946 646 994 681 ut
1007 635 1146 681 oderit
1162 646 1200 681 te
1217 635 1233 664 1
1251 653 1261 680 :
1278 658 1297 677 »
1316 654 1402 682 non
1421 636 1475 681 de
1491 637 1704 686 charitate
1755 656 1757 685 ῑ

335 707 450 753 illius
471 707 677 753 dissensio
697 707 904 762 nascitur,
931 706 1004 751 sed
1029 717 1173 751 tamen
1193 706 1449 753 charitatem
1470 709 1703 771 reprehen-
1755 737 1757 761 ς

333 778 439 824 soris
471 778 538 824 sui
562 789 726 824 exercet
754 789 796 824 et
816 778 1004 841 probat3
1040 777 1142 840 quia
1179 794 1265 823 non
1308 779 1345 824 ei
1369 779 1704 842 reprehenditur

339 849 490 895 odium
506 888 516 907 ,
545 850 616 896 sed
643 850 818 896 dilectio
842 866 944 913 quae.
961 849 1075 908 cogit
1101 849 1433 911 reprehendere,
1464 851 1702 913 impertur-

330 920 434 966 bata
454 921 679 984 perdurat,
701 921 830 966 etiam
855 937 955 965 cum
982 919 1052 964 ille
1080 920 1156 982 qui
1180 920 1466 982 reprehensus
1490 932 1568 977 est,
1589 922 1696 969 odit.
1756 949 1757 953 =

335 992 380 1036 Si
399 1002 538 1037 autem
555 991 625 1036 ille
645 991 721 1053 qui
744 991 939 1053 corripit,
973 989 1151 1035 reddere
1177 990 1273 1037 vult
1305 991 1468 1037 malum
1490 1009 1572 1055 pro
1589 993 1704 1038 malo
1754 1037 1756 1041 .

333 1062 388 1116 ei,
412 1062 487 1125 qui
512 1062 764 1125 corripienti
793 1062 1063 1122 indignatur,
1107 1078 1195 1107 non
1231 1061 1316 1107 fuit
1334 1061 1490 1122 dignus
1506 1064 1578 1126 qui
1602 1081 1702 1109 cor-
1754 1095 1769 1115 ,-

326 1133 505 1195 riperet,
537 1133 609 1178 sed
628 1133 785 1193 dignus
803 1133 933 1197 plane
952 1133 1030 1197 qui
1053 1133 1181 1179 etiam
1200 1133 1293 1196 ipse
1323 1134 1484 1197 corripi
1504 1134 1695 1182 deberet.

330 1204 439 1249 Haec
474 1204 583 1263 agite
624 1215 674 1250 ut
699 1205 810 1250 inter
834 1222 909 1250 vos
939 1215 1012 1249 aut
1042 1221 1129 1249 non
1165 1205 1345 1249 existant
1364 1203 1698 1263 indignationes,

332 1285 405 1320 aut
445 1285 636 1324 exaortae
676 1275 821 1321 statim
868 1275 1088 1321 celerrima
1124 1292 1233 1337 pace
1274 1275 1561 1338 perimantur.
1615 1277 1703 1321 Ma-
1753 1303 1755 1307 <

326 1349 461 1405 jorem
504 1346 603 1391 date
649 1363 826 1409 operam
866 1345 1185 1391 concordandis
1217 1346 1342 1390 vobis
1382 1362 1512 1408 quam
1550 1346 1702 1391 redar-

328 1416 522 1475 guendis.
553 1417 667 1474 Quia
686 1418 799 1462 sicut
826 1428 996 1462 acetum
1014 1417 1259 1480 corrumpit
1283 1433 1374 1465 vas.
1403 1416 1434 1460 si
1456 1415 1622 1462 diutius
1641 1418 1704 1462 ihi
1753 1420 1755 1426 ’

328 1486 483 1541 fuerit;
511 1487 572 1532 sic
602 1488 665 1532 ira
687 1487 931 1550 corrumpit
950 1504 1042 1543 cor,
1067 1488 1164 1533 siin
1187 1487 1317 1532 alium
1338 1486 1452 1532 diem
1484 1486 1705 1533 duraverit
1752 1501 1769 1529 1:

328 1557 437 1604 Haec
454 1575 555 1618 ergo
573 1559 699 1618 agite,
724 1569 766 1604 et
787 1560 900 1604 Deus
918 1559 1039 1621 pacis
1060 1560 1139 1604 erit
1164 1559 1411 1614 vobiscum,
1442 1568 1612 1604 orantes
1645 1558 1704 1604 si-

328 1628 421 1674 mul
437 1639 478 1673 et
492 1646 573 1692 pro
591 1630 735 1686 nobis,
753 1640 800 1675 ut
824 1647 889 1686 ea,
915 1646 1015 1692 quae
1036 1630 1146 1675 bene
1163 1645 1388 1675 monemus
1409 1629 1705 1675 alacriterim-
1752 1646 1769 1687 j-

331 1699 542 1762 pleamu5.

378 1800 387 1822 ¹
407 1803 500 1832 Prov.
519 1810 565 1845 rx,
587 1801 617 1833 8.
