1769 3235
499 319 707 351 EPISTOLA
747 320 888 352 cctiv.
1293 302 1378 350 381

15 484 316 500 Μωωκὶω
325 482 500 495 mmm
508 482 627 494 mum
636 484 684 494 ιι,
702 482 1392 496 λνιοοᾋςιιςΏΜςΜΛΑΜ-κνιωωννῢ

461 602 723 646 EPISTOLA
757 602 917 645 CCLIV
935 602 964 644 ¹.

6 737 189 788 ‚Domino
208 736 433 775 beatissimo
449 745 488 774 et
505 734 719 775 venerabili
739 748 782 773 ac
803 733 1050 773 desiderabili
1069 734 1180 772 fratri
1202 742 1238 772 et
1255 746 1395 771 consa-

70 799 221 839 cerdoti
239 798 449 836 ΒΕΝΕΝΑΤΟ
466 827 475 845 ,
497 808 536 836 et
559 796 628 849 qui
649 806 781 835 tecum
801 804 894 834 sunt
917 795 1112 835 fratribus
1129 825 1138 843 ‚
1157 797 1399 834 Anotsrmus

71 869 110 900 et
128 862 200 913 qui
220 874 377 899 mecum
395 868 486 899 sunt
502 859 645 898 fratres
664 859 705 896 in
723 858 896 897 Domino
915 856 1099 897 salutem.

21 1002 298 1061 Augustinus
314 1001 372 1043 ad
388 1001 587 1043 eumdem
605 1001 879 1041 Benenatum
895 1031 904 1053 ,
924 998 1179 1057 pronubum
1199 1007 1400 1057 agentem

563 1068 732 1110 Rustici
754 1066 861 1124 Ῐίίίο.

89 1214 285 1268 PUELLA,
312 1211 366 1257 de
407 1228 492 1274 qua
515 1210 626 1256 mihi
648 1211 822 1274 scripsit
845 1210 1048 1255 sanctitas
1067 1220 1160 1263 tua,
1183 1209 1226 1254 in
1257 1225 1306 1253 ea
1328 1223 1404 1252 vo-

25 1284 191 1330 luntate
204 1293 281 1339 est,
307 1293 357 1328 ut
381 1282 415 1327 si
434 1293 538 1327 aetas
558 1280 699 1341 eijam
717 1292 887 1326 matura
909 1291 1029 1335 esset,
1050 1279 1158 1325 nulli
1182 1279 1226 1324 in
1244 1277 1411 1341 nuptiis

26 1353 291 1401 conveniret.
322 1354 372 1398 In
387 1370 433 1398 ea
454 1370 555 1398 vero
570 1363 696 1398 aetate
717 1362 796 1407 est,
814 1364 861 1397 ut
875 1351 908 1396 si
927 1351 1193 1396 voluntatem
1212 1348 1408 1394 nubendi

0 1471 1 1484 ¹
26 1425 227 1481 haberet,
248 1424 357 1470 nulli
382 1424 529 1469 adhuc
552 1423 646 1469 dari
670 1422 735 1468 vel
760 1423 961 1486 promitti
980 1422 1172 1467 deberet.
1196 1421 1298 1466 Huc
1330 1436 1408 1464 ac-

0 1495 1 1551 i
29 1495 162 1551 cedit,
188 1497 289 1559 quia
315 1513 409 1541 eam
437 1497 551 1540 Deus
592 1495 637 1540 in
665 1494 855 1539 Ecclesia
881 1494 941 1538 sic
966 1503 1110 1538 tuetur
1129 1530 1138 1548 ‚
1173 1502 1220 1537 ut
1258 1501 1410 1536 contra

0 1554 2 1582 '
33 1567 258 1630 improbos
277 1578 447 1612 tueatur
473 1586 483 1612 :
506 1583 594 1611 non
622 1576 668 1610 ut
702 1565 773 1611 cui
798 1564 974 1610 voluero
1008 1564 1117 1609 tradi
1152 1562 1316 1626 possit,
1340 1558 1413 1605 sed

0 1644 2 1664 ἰ
33 1649 81 1684 ut
100 1655 121 1683 a
140 1655 226 1701 quo
250 1655 335 1683 non
353 1649 543 1702 oportet,
572 1637 667 1700 rapi
692 1653 778 1681 non
802 1636 956 1699 possit,
1001 1635 1174 1680 domine
1199 1635 1414 1678 Benenate

33 1708 307 1755 dilectissime
331 1720 371 1754 et
390 1707 648 1754 venerabilis
676 1706 823 1753 frater.
857 1706 1064 1752 (Jonditio
1106 1707 1252 1768 itaque
1280 1719 1412 1766 quam

33 1779 252 1826 insinuare
275 1779 483 1843 dignatus
512 1796 554 1823 es
578 1796 663 1823 non
685 1778 792 1823 mihi
813 1777 1034 1840 displicet,
1063 1777 1096 1822 si
1121 1786 1310 1839 nuptura
1335 1783 1410 1819 est.

36 1851 193 1897 Utrum
217 1862 359 1896 autem
387 1861 580 1914 nuptura
604 1851 658 1894 sit
688 1850 764 1894 etsi
802 1848 909 1893 illud
948 1847 1067 1911 quod
1095 1849 1139 1893 in
1172 1863 1244 1892 ore
1283 1845 1419 1890 habet

36 1921 172 1982 magis
200 1932 420 1985 optamus,
442 1939 560 1967 nunc
586 1931 728 1966 tamen
750 1920 1001 1980 ignoramus
1023 1937 1033 1963 :
1052 1919 1153 1982 quia
1179 1918 1223 1963 in
1243 1917 1312 1962 his
1338 1933 1420 1960 an-

37 1991 102 2038 nis
119 2003 197 2046 est,
223 2003 271 2037 ut
297 2003 337 2037 et
362 1992 482 2055 quod
505 2009 546 2036 se
565 1991 673 2036 dicit
698 1990 805 2035 velle
830 2007 915 2035 esse
934 1987 1325 2041 sanctimonialem,
1345 1989 1419 2045 jo·-

40 2079 115 2109 cus
134 2063 348 2125 sitpotius
372 2062 614 2122 garrientis,
636 2078 766 2124 quam
781 2060 955 2123 sponsio
974 2059 1232 2122 profitentis
1255 2055 1423 2102 Deinde

41 2133 177 2179 habet
204 2144 498 2188 materteram,
544 2135 671 2191 cujus
713 2131 778 2176 vir
814 2130 1085 2176 honorabilis
1110 2130 1240 2175 frater
1280 2138 1423 2173 noster

42 2203 158 2249 Felix
182 2203 286 2249 dum
311 2204 468 2249 dehac
503 2221 546 2248 re
577 2201 851 2248 contulissem
892 2219 992 2246 cum
1022 2201 1096 2246 illo
1120 2201 1283 2264 (mque
1310 2197 1426 2243 enim
1452 2237 1456 2239 c

43 2291 212 2339 possem
239 2275 377 2330 aliter,
401 2274 465 2319 vel
479 2274 678 2319 deberem
705 2295 708 2319 ι
725 2290 810 2318 non
848 2272 1025 2336 quidem
1050 2272 1211 2317 invitus
1236 2268 1423 2331 accepit,

46 2347 133 2392 imo
154 2346 281 2391 etiam
307 2346 544 2407 gratulatus
562 2355 649 2398 est;
680 2343 750 2389 sed
772 2347 870 2403 jure
900 2343 1103 2388 amicitiae
1143 2359 1231 2388 non
1255 2341 1427 2403 impor-

50 2425 152 2461 tune
176 2415 335 2473 doluit,
358 2416 476 2480 quod
516 2419 574 2460 eis
600 2414 713 2460 nihil
736 2414 836 2459 inde
870 2414 922 2459 sit
951 2413 1183 2476 scriptum.
1224 2409 1430 2456 Fortassis

49 2487 163 2533 enim
186 2504 284 2550 qnae
310 2505 426 2534 nunc
447 2505 534 2533 non
561 2496 760 2549 apparet,
792 2484 1024 2549 apparebit
1043 2496 1084 2529 et
1115 2493 1272 2530 mater.
1309 2483 1435 2540 cujus

10 2614 14 2626 .
51 2557 323 2606 Voluntatem
349 2559 394 2605 in
423 2557 631 2604 tradenda
662 2556 749 2602 filia
776 2555 1009 2612 omnibus,
1035 2566 1083 2600 ut
1117 2553 1324 2608 arbitror,
1353 2568 1437 2597 ria-

110 2654 123 2678 ¹
145 2651 236 2688 Alias
253 2669 413 2691 ccxxxirr.
432 2670 503 2702 quae
522 2662 626 2689 autem
649 2659 710 2692 254
733 2662 810 2691 erat,
834 2666 917 2688 nunc
942 2662 1012 2692 κοί..
