1769 3235
445 302 848 340 RETRACTATIONUM
884 310 972 341 Lis.
1014 311 1045 343 1.
1343 299 1438 362 509

68 372 234 433 dagogo
250 369 455 436 parvulos
471 370 709 417 custoditos
723 372 756 420 ¹.
784 375 869 421 Sed
888 387 1030 439 potest
1048 394 1218 425 movere
1237 396 1315 426 cur
1333 380 1436 426 alibi

67 442 299 488 dixerimus
315 478 325 498 ,
351 441 573 488 Christum
597 442 642 487 in
663 445 826 502 generis
850 445 1034 493 humani
1055 459 1166 494 sexta
1191 460 1314 495 aetate
1336 461 1432 497 tan—

62 529 195 577 quam
216 514 261 558 in
283 522 500 559 senectute
516 512 678 559 venisse
696 513 729 559 2.
762 515 856 561 Hoc
874 534 976 576 ergo
997 518 1117 581 quod
1138 519 1190 564 de
1204 523 1434 578 juventute

67 584 236 630 dictum
260 594 322 630 est
339 620 349 637 ‚
372 582 428 629 ad
456 584 645 643 vigorem
669 583 970 650 fervoremque
995 588 1095 634 fidei
1123 589 1320 647 refertur,
1343 608 1443 654 quae

65 670 146 717 per
175 653 450 699 dilectionem
471 663 677 716 operatur
701 671 711 698 t
736 653 845 700 illud
872 667 1011 702 autem
1044 658 1097 703 de
1124 671 1360 719 senectute,
1389 662 1441 707 ad

66 733 318 786 temporum
341 740 586 770 numerum.
625 725 772 770 Potest
795 725 910 771 enim
933 727 1116 788 intelligi
1143 739 1377 795 utrumque
1396 732 1441 777 in

68 794 347 841 universitate
370 795 603 841 hominum
617 832 626 850 ‚
652 795 772 858 quod
793 813 883 842 non
903 808 1044 860 potest
1062 800 1107 844 in
1127 801 1330 847 aetatibus
1352 805 1443 849 sin-

68 865 269 925 gulorum
288 903 299 922 ,
337 866 449 911 sicut
478 865 523 911 in
553 883 733 929 corpore
776 884 863 913 non
885 879 1028 931 potest
1051 887 1135 916 esse
1158 871 1285 917 simul
1308 883 1348 918 et
1365 877 1444 933 ju-

66 947 221 982 ventus
243 947 286 982 et
312 947 507 982 senectus
525 974 536 993 ,
563 937 608 982 in
635 938 778 983 animo
800 949 943 985 autem
966 951 1107 1004 potest
1130 959 1140 987 ε
1165 941 1238 988 illa
1264 955 1446 1008 propter

69 1006 359 1063 alacritatem,
387 1007 468 1053 ista
494 1017 674 1071 propter
700 1008 969 1067 gravitatem.

133 1094 230 1125 xrv.
275 1077 492 1125 Adversus
515 1078 862 1126 mathematicos.

131 1164 254 1196 val.
297 1150 360 1194 De
388 1148 508 1195 ideis.

134 1237 270 1267 xcvii.
313 1221 470 1266 Utrum
511 1219 746 1283 aliquando
786 1221 1069 1280 cogitationes
1101 1234 1266 1270 nostras
1302 1226 1447 1272 videre

69 1290 298 1354 possimus.
327 1289 416 1336 Ubi
452 1289 573 1354 quod
603 1289 716 1345 dixi,
758 1291 991 1352 Angelica
1023 1309 1249 1356 corpora,
1278 1297 1445 1359 qualia

71 1378 153 1407 nos
175 1377 419 1424 speramus
453 1359 700 1406 habituros
719 1395 729 1416 ,
753 1360 1045 1407 lucidtksima
1065 1374 1209 1426 atque
1240 1367 1445 1413 (etherea

70 1449 170 1478 esse
202 1432 487 1477 credendam
516 1443 615 1487 est;
653 1431 688 1476 si
730 1430 817 1476 hoc
849 1431 938 1477 sine
969 1433 1176 1478 membris
1206 1452 1305 1497 quae
1328 1453 1447 1482 nunc

70 1501 308 1557 habemus,
351 1512 392 1547 et
425 1501 514 1547 sine
538 1500 779 1546 substantia
800 1537 810 1553 ‚
840 1502 1038 1563 quamvis
1063 1503 1415 1568 incorruptibilis
1434 1544 1444 1562 ‚

72 1583 214 1618 tamen
231 1571 372 1618 carnis
392 1572 651 1636 accipiatur,
679 1582 862 1619 erratur.
898 1572 1039 1618 Multo
1067 1584 1207 1619 autem
1235 1576 1384 1622 melius
1402 1580 1446 1622 in

71 1661 201 1707 opere
232 1643 286 1689 de
315 1643 502 1689 Civitate
545 1643 650 1699 Dei,
680 1642 864 1705 quaestio
903 1643 981 1689 ista
1025 1654 1206 1691 tractata
1245 1646 1351 1703 est-⁹²,
1396 1648 1448 1693 de

70 1713 270 1761 videndis
294 1714 632 1774 cogitationibus
657 1713 829 1760 nostris.

137 1801 295 1831 xrvm.
326 1786 390 1830 De
411 1783 711 1830 credibilibus.

137 1873 256 1902 xmx.
298 1856 444 1913 Quare
470 1855 548 1901 filii
572 1855 703 1900 lsrael
736 1855 1043 1901 sacrificabant
1071 1856 1297 1902 visibiliter
1316 1874 1449 1920 peco—

73 1943 171 1972 rum
196 1937 407 1973 victimas.

141 2016 177 2047 r„
221 2000 284 2044 De
307 1998 557 2062 aequalitate
582 1997 694 2044 Filii.

139 2086 197 2117 LI.
240 2071 303 2115 De
345 2070 523 2115 homine
554 2068 671 2115 facto
705 2068 760 2113 ad
797 2067 1027 2128 imaginem
1050 2079 1092 2114 et
1121 2067 1446 2118 similitudinem

76 2140 172 2187 Dei.
215 2140 303 2185 Ubi
341 2139 449 2203 quid
485 2151 572 2195 est,
603 2138 722 2203 quod
747 2137 862 2194 dixi,
909 2142 1067 2183 Homo
1097 2143 1199 2184 sine
1235 2144 1324 2186 vita
1356 2160 1448 2188 non

76 2221 196 2256 recte
220 2211 521 2273 appellatw·‚·
541 2226 641 2256 cum
665 2209 838 2254 dicatur
858 2209 992 2254 homo
1011 2209 1140 2254 etiam
1159 2209 1344 2257 cadaver
1362 2212 1448 2258 ho-

77 2281 218 2328 minis.
253 2282 365 2341 Ergo
394 2280 546 2326 saltem
583 2280 726 2326 dicere
762 2279 924 2331 debui,
952 2295 1039 2324 non
1063 2280 1239 2342 proprie
1263 2280 1443 2338 dicitur,

80 2351 157 2396 ubi
192 2350 301 2407 dixi,
335 2368 428 2396 non
453 2361 574 2396 recte
597 2348 776 2395 (licilm'.
820 2349 927 2394 Item
953 2348 1065 2402 dixi,
1101 2353 1263 2412 Neque
1287 2354 1448 2398 inscite

78 2421 403 2482 distinguitur,
430 2421 563 2485 quod
579 2420 715 2465 aliud
731 2424 792 2465 sit
817 2423 973 2481 imago
1000 2429 1043 2464 et
1065 2419 1323 2466 similitudo
1344 2426 1450 2481 Dei,

81 2491 221 2536 aliud
230 2490 296 2536 ad
310 2496 564 2555 imaginem
582 2502 628 2536 et
644 2491 1000 2536 similitudinem
1028 2493 1138 2544 Dei,
1165 2494 1289 2536 sicut
1309 2492 1453 2539 homi-

131 2593 140 2614 ¹
160 2589 267 2625 Galat.
286 2603 340 2634 111,
361 2595 417 2627 23,
438 2610 482 2617 -
505 2592 520 2614 2
539 2592 608 2627 Lib.
634 2606 643 2623 1
675 2593 712 2624 dt·
731 2594 811 2625 Gen.
836 2598 947 2623 contra
966 2589 1108 2624 Manich.
1125 2602 1153 2624 (⁸.
1177 2592 1205 2621 3-
1226 2590 1296 2614 ——3
1312 2593 1380 2629 Lib.
1401 2607 1455 2636 22,

83 2659 153 2692 cap.
176 2659 232 2688 29.
