1769 3235
429 287 861 321 .n1‹:TnAcrarioNUM
897 289 984 319 mn.
1026 287 1056 320 1.
1358 270 1449 332 487

78 355 209 404 modo
234 353 428 401 dixerim.
455 353 552 398 Non
577 353 690 398 enim
715 353 920 416 cuiquam
942 355 1169 417 provenire
1194 355 1238 401 in
1264 351 1349 401 hac
1369 348 1458 399 vita

78 437 236 492 potest,
253 424 370 471 utlex
384 440 628 487 repugnans
640 423 722 482 legi
737 425 892 469 mentis
911 425 1088 470 omnino
1101 426 1249 472 nonsit
1262 425 1305 471 in
1317 439 1458 470 mem-

79 498 184 545 bris.
216 494 583 558 Quandoquidem
607 493 736 538 ctiam
760 495 793 539 si
814 495 850 538 ei
869 496 929 540 sic
947 496 1156 541 resisteret
1181 496 1357 560 spiritus
1377 495 1457 546 ho-

81 569 232 623 minis,
259 577 306 612 ut
334 567 378 612 in
407 564 580 610 nullum
605 567 694 624 ejtis
722 564 943 610 laberetur
970 583 1213 620 assensum3
1250 583 1337 612 non
1361 565 1459 610 ideo

82 651 228 686 tamen
252 637 325 683 illa
363 653 451 682 non
476 645 750 698 repugnaret.
782 635 877 680 Hoc
910 652 1010 695 ergo
1038 636 1156 698 quod
1184 636 1352 682 dictum
1378 646 1457 691 est,

89 710 281 758 [Vallum
316 725 414 753 esse
447 717 623 752 motum
665 706 890 751 adversus
927 712 1160 753 rationem
1203 707 1459 761 rebellem,

85 791 199 828 recte
222 779 365 842 accipi
390 787 530 841 potest
548 777 593 823 id
614 794 732 823 nunc
755 777 982 837 agentibus
1008 778 1221 841 pacificiS,
1243 776 1464 823 domando

86 849 462 912 concupiscentias
484 848 649 904 carnis,
685 858 733 893 ut
757 847 811 893 ad
830 848 955 893 istam
979 865 1132 912 pacem
1169 846 1462 912 plenissimam

87 920 353 985 quandoque
376 918 590 965 veniatur.

155 992 215 1037 ΙΙ.
243 988 432 1035 Proinde
457 988 576 1051 quod
595 987 679 1033 alio
704 988 801 1034 loco
819 1025 829 1044 ,
869 1005 968 1035 cum
996 988 1192 1034 eamdem
1216 987 1475 1034 sententiam

93 1060 398 1120 Evangelicam
414 1069 609 1122 repetens
629 1058 845 1113 dixissem3
869 1080 889 1100 α
909 1060 1031 1104 Beati
1052 1059 1245 1123 pacifici,
1267 1058 1476 1123 quoniam

94 1155 114 1175 >³
135 1132 219 1195 ipsi
244 1132 322 1177 filii
351 1132 433 1176 Dei
459 1131 735 1176 vocabuntur
757 1130 775 1159 1
799 1150 810 1184 ;
837 1153 856 1172 n
894 1131 1071 1190 adjunxi
1091 1131 1241 1177 dicens
1261 1168 1272 1187 ,
1303 1134 1368 1175 Ec
1388 1134 1479 1174 ista

95 1203 287 1267 quidem
312 1209 359 1247 ὶιι
378 1202 469 1247 leac-
495 1207 593 1246 vila
617 1203 842 1265 compleri
852 1214 1076 1266 possunt,
1102 1207 1223 1248 sicut
1243 1201 1500 1265 completa'

96 1292 195 1320 esse
217 1279 264 1319 in
284 1273 524 1336 Apostolus*
550 1272 783 1318 credimus
807 1311 816 1327 ‚
852 1274 912 1319 sic
938 1272 1246 1337 accipiendum
1280 1283 1370 1327 est,
1395 1288 1482 1316 non

99 1355 148 1390 ut
168 1345 210 1390 in
235 1343 452 1407 Apostolis
472 1344 547 1402 hic
570 1343 820 1389 viventibus
853 1344 1023 1389 nullum
1056 1343 1196 1389 carnis
1220 1353 1388 1388 motum
1414 1359 1485 1386 ar-

99 1415 316 1461 bitremur
335 1415 506 1478 spiritui
527 1431 788 1476 repugnasse
807 1435 817 1467 ;
841 1415 911 1460 sed
928 1415 1142 1460 hactenus
1162 1414 1236 1459 hic
1264 1414 1342 1459 ista
1361 1429 1485 1476 posse

102 1484 561 1549 compleri‚quatenus
584 1485 629 1529 in
655 1485 875 1547 Apostolis
895 1484 1112 1531 credimus
1136 1501 1221 1530 esse
1243 1483 1480 1547 completa.

103 1573 151 1602 ea
177 1572 375 1601 mensura
397 1555 560 1600 scilicet
585 1555 864 1617 perfectionis
886 1556 1109 1611 humanae,
1143 1565 1306 1618 quanta
1330 1554 1376 1600 in
1402 1554 1488 1599 hac

105 1628 193 1674 vita
216 1636 360 1689 potest
384 1643 470 1671 esse
502 1625 724 1687 perfectio.
758 1627 856 1672 Non
881 1626 995 1672 enim
1023 1626 1192 1671 dictum
1217 1635 1279 1671 est
1297 1662 1308 1682 ‚
1337 1625 1424 1670 Ista
1444 1624 1489 1669 in

107 1697 192 1743 hac
218 1698 306 1742 vita
328 1696 540 1760 compleri
564 1707 773 1759 possunt,
798 1714 898 1742 nam
925 1696 1142 1760 completa
1163 1713 1249 1741 esse
1277 1695 1323 1741 in
1350 1697 1490 1759 Apos-

109 1767 206 1813 tolis
229 1767 448 1812 credimus
467 1785 478 1820 ;
499 1766 572 1811 sed
590 1767 757 1812 dictum
780 1777 841 1812 est
862 1804 872 1823 ‚
907 1774 1030 1812 sicut
1061 1767 1294 1830 completa
1323 1783 1423 1812 esse
1447 1772 1494 1811 in

111 1840 353 1902 Apostoll&
388 1837 647 1895 credimus,
677 1849 723 1884 ut
758 1838 816 1884 ita
853 1839 1161 1901 compleantur
1196 1837 1309 1884 sicut
1340 1838 1387 1883 in
1415 1836 1499 1883 illis

112 1909 331 1973 completa
357 1920 458 1955 sunt
479 1946 489 1964 ‚
512 1908 558 1954 id
579 1919 660 1965 est,
683 1910 872 1973 quadam
898 1909 1182 1972 perfectione,
1210 1912 1336 1970 cujus
1360 1925 1498 1972 capax

114 1992 177 2026 est
196 1981 277 2025 ista
297 1980 385 2026 vita
405 2000 416 2033 3
441 1996 527 2025 non
552 1979 664 2025 sicut
688 1980 950 2043 complenda
975 1991 1075 2026 sunt
1099 1979 1175 2025 illa
1192 1997 1324 2043 quam
1355 1996 1502 2043 spera-

114 2068 212 2096 mus
230 2068 339 2114 pace
370 2050 636 2113 plenissima,
665 2052 844 2114 quando
862 2050 1062 2108 dicetur,
1091 2051 1218 2097 «Ubi
1246 2062 1323 2110 est,
1356 2068 1491 2109 mors,

117 2144 138 2164 >³
156 2122 376 2169 contentio
396 2132 468 2167 tua
483 2122 500 2149 f'·
517 2126 535 2168 ἰ)
552 2145 572 2164 »

185 2194 270 2240 ΙΙΙ.
314 2193 411 2240 Alio
439 2193 537 2239 loco
576 2194 697 2259 quod
727 2194 969 2258 interposui
1003 2192 1298 2240 testimonium
1322 2231 1333 2250 ‚
1361 2214 1381 2234 «
1404 2194 1504 2240 Non

122 2287 143 2308 »
163 2265 279 2310 enim
297 2264 352 2310 ad
378 2282 621 2312 mensuram
648 2266 725 2312 dat
749 2267 865 2311 Deus
893 2265 1147 2328 spiritumss,
1172 2286 1191 2306 »
1216 2264 1414 2312 nondum
1438 2265 1504 2311 in-

123 2336 366 2382 tellexeram
384 2334 438 2380 de
460 2337 639 2383 Christo
671 2337 851 2400 proprie
869 2337 1009 2382 verius
1034 2336 1189 2400 accipi.
1211 2336 1318 2382 Aliis
1336 2335 1506 2401 quippe

125 2407 381 2453 hominibus
408 2407 488 2452 nisi
511 2409 565 2454 ad
594 2426 837 2454 mensuram
870 2408 1047 2453 daretur
1067 2408 1244 2471 spiritus
1266 2445 1276 2464 ‚
1315 2425 1400 2454 non
1421 2407 1509 2454 du-

126 2478 252 2542 plum
269 2487 430 2540 peteret
453 2478 634 2524 Elisaeus
654 2496 785 2542 quam
807 2478 891 2524 suit
908 2479 951 2524 in
974 2478 1081 2525 Elia.
1106 2479 1214 2523 Item
1234 2478 1354 2541 quod
1373 2479 1514 2542 scrip-

130 2558 222 2593 tum
245 2558 331 2604 cst,
361 2567 381 2588 (ε
403 2548 500 2594 lota
519 2565 655 2595 unum
678 2560 752 2595 aut
777 2566 888 2595 unus
915 2565 1024 2613 apex
1044 2565 1133 2594 non
1161 2550 1342 2595 transiet
1365 2567 1389 2596 a
1419 2548 1511 2610 lege

180 2630 192 2652 ¹
209 2626 330 2665 Matth.
349 2640 380 2670 ν,
399 2640 434 2671 9.
454 2647 500 2654 --
516 2628 532 2653 2
550 2642 564 2664 1
585 2632 664 2667 Cor.
683 2642 736 2671 xv,
754 2632 811 2666 51.
826 2648 874 2655 —-
887 2627 902 2654 3
917 2633 1082 2674 Joan.111,
1106 2631 1162 2666 33.
