1769 3235
336 275 427 323 288
755 288 790 316 s.
833 284 1077 315 AUGUSTINI
1111 283 1317 314 Eriscom

337 354 422 400 tilis
444 353 661 406 incursus,
699 366 846 395 omnes
875 348 1053 394 clericos
1073 359 1115 393 et
1139 365 1225 393 non
1251 348 1378 392 etiam
1400 363 1546 393 omnes
1572 347 1704 394 laicos
1760 379 1763 384 v

337 442 422 471 esse
440 422 688 476 morituros,
718 431 766 466 ut
787 419 916 465 simul
937 420 1091 464 finiant
1109 419 1224 463 hanc
1244 418 1394 472 vitam,
1413 418 1482 462 cui
1500 429 1599 463 sunt
1616 417 1705 463 cle-
1755 449 1758 455 -

336 496 417 542 rici
431 492 686 540 necessarii?
709 501 872 537 auteur
895 507 982 535 non
999 506 1218 553 speremus
1233 489 1344 534 sicut
1366 488 1499 533 laicos
1525 488 1704 552 aliqum,

335 566 396 611 sic
434 564 561 610 etiam
586 561 764 608 clericos
782 577 1066 616 remansuros,
1095 578 1117 606 a
1140 560 1301 622 quibus
1324 559 1382 604 eis
1422 575 1705 604 necessarlum
1744 563 1747 574 ⁴

333 633 622 681 ministerium
648 631 788 678 valeat
804 631 994 676 exhiberi
1008 634 1025 676 9

400 706 502 752 XII.
528 704 789 765 Quanquam
807 719 830 747 o
846 701 879 746 si
893 702 1004 746 inter
1024 700 1102 745 Dei
1123 699 1338 744 ministros
1353 698 1453 743 inde
1472 699 1524 744 sit
1541 698 1709 761 discep-
1744 685 1754 731 1

337 776 458 830 tatio,
475 775 711 838 quieorum
734 782 954 826 maneant,
973 787 1025 817 ne
1048 769 1149 828 suga
1165 770 1380 823 omnium,
1402 779 1442 813 et
1463 769 1538 831 qui
1559 785 1707 814 eorum

339 846 541 907 fugiant,
580 860 634 889 ne
673 852 810 887 morte
852 840 1047 885 omnium
1086 839 1305 884 deseratur
1346 838 1561 883 Ecclesia!
1606 837 1708 883 Tale
1745 844 1748 880 ἱ

331 917 499 980 quippe
525 925 740 960 certamen
762 911 842 957 erit
867 911 978 956 inter
1002 927 1089 966 eos,
1108 909 1183 955 ubi
1210 909 1380 972 utrique
1392 908 1708 954 ferveantcha-
1746 914 1749 927 “

331 987 474 1042 ritate,
500 995 540 1030 et
562 984 734 1046 utrique
764 981 966 1045 placeant
987 981 1204 1026 charitati.
1235 981 1348 1036 Quae
1393 979 1651 1042 disceptatio
1675 978 1709 1024 si
1747 999 1749 1006 ¹

335 1057 459 1102 aliter
476 1072 562 1100 non
585 1052 777 1116 potuerit
791 1051 1031 1107 terminari,
1049 1061 1262 1113 quantum
1281 1049 1388 1094 mihi
1417 1048 1606 1106 videtur,
1635 1049 1709 1111 qui

335 1135 536 1171 maneant
555 1134 596 1169 et
610 1123 686 1186 qui
709 1121 894 1181 fugiant,
916 1121 1026 1166 forte
1046 1119 1449 1180 legentlisunt.:Qui
1471 1119 1582 1164 enim
1598 1117 1710 1164 dixe·
1754 1168 1756 1171 ,

333 1197 422 1243 rint
441 1213 483 1242 se
499 1195 645 1259 potius
667 1192 813 1253 fugere
830 1191 1004 1247 debere,
1027 1202 1101 1236 aut
1133 1190 1273 1236 timidi
1305 1190 1590 1245 videbuntur,
1610 1189 1711 1253 quia

335 1266 564 1312 imminens
602 1262 765 1309 malum
798 1261 1003 1307 sustinere
1043 1261 1299 1316 nolucrunt;
1326 1271 1401 1305 aut
1443 1271 1707 1319 arrogantes,

335 1337 438 1400 quia
455 1353 497 1381 se
524 1334 658 1393 magis
685 1333 761 1396 qui
792 1331 990 1378 servandi
1015 1342 1169 1385 essent,
1213 1330 1470 1376 necessarios
1507 1330 1712 1375 Ecclesiae
1747 1329 1750 1345 ²

330 1407 600 1468 judicarunt.
636 1402 798 1448 Deinde
821 1402 1009 1448 fortassis
1026 1402 1072 1457 ii,
1096 1402 1170 1464 qui
1195 1401 1387 1446 meliores
1413 1410 1530 1455 sunt,
1554 1399 1712 1459 eligent
1747 1389 1750 1410 ’

337 1495 418 1542 pro
433 1475 642 1523 fratribus
658 1475 820 1519 animas
843 1488 1028 1535 ponere;
1053 1483 1095 1516 et
1115 1472 1162 1516 hi
1183 1471 1473 1517 servabuntur
1490 1469 1712 1529 fugiendo,

333 1563 519 1611 quorum
533 1555 595 1591 est
612 1543 752 1589 minus
766 1542 881 1587 utilis
902 1543 1008 1597 vita,
1027 1541 1131 1604 quia
1146 1541 1289 1586 minor
1308 1539 1562 1586 consulendi
1581 1550 1623 1585 et
1637 1557 1711 1599 gu-

335 1616 549 1665 bernandi
562 1613 731 1678 peritia.
763 1613 851 1669 Qui
872 1623 1013 1657 tamen
1027 1612 1061 1656 si
1083 1612 1156 1674 pie
1176 1613 1373 1674 sapiunt,
1412 1609 1712 1656 contradicent

335 1687 410 1744 eis,
432 1703 542 1750 quos
565 1684 715 1732 vident
733 1693 774 1728 et
798 1682 941 1728 vivere
965 1683 1111 1745 potius
1136 1692 1336 1744 oportere
1357 1718 1367 1735 ,
1395 1691 1435 1726 et
1454 1680 1587 1740 magis
1602 1680 1711 1725 mori

338 1757 482 1813 malle,
504 1773 635 1821 quam
660 1754 821 1814 fugere.
855 1753 957 1798 ldeo
982 1754 1093 1798 sicut
1127 1755 1337 1816 scriptum
1354 1763 1417 1797 est
1442 1770 1452 1796 z
1474 1773 1491 1793 (ι
1518 1752 1709 1796 Contra-

335 1850 356 1872 »
375 1828 589 1874 dictiones
602 1824 720 1871 sedat
738 1824 922 1878 sortitio,
939 1824 1307 1886 etinterpotentes
1320 1821 1508 1868 definiu.
1528 1820 1710 1866 »Melius
1756 1840 1759 1843 ·

334 1899 447 1945 enim
484 1899 601 1943 Deus
638 1896 681 1941 in
706 1893 1011 1953 hujuscemodi
1037 1894 1313 1953 ambagibus,
1343 1909 1472 1955 quam
1514 1892 1710 1937 homines
1754 1909 1758 1913 ·

327 1968 519 2029 Judicat,
547 1967 632 2012 sive
655 1965 858 2025 dignetur
872 1964 925 2009 ad
943 1964 1151 2027 passionis
1170 1964 1364 2009 fructum
1382 1979 1537 2008 vocare
1556 1961 1709 2007 melio-

334 2057 418 2095 res,
438 2049 480 2084 et
519 2053 695 2100 parcere
713 2034 915 2090 infirmis,
946 2035 1034 2081 sive
1054 2035 1155 2080 istos
1184 2033 1324 2079 facere
1349 2032 1404 2078 ad
1428 2031 1540 2077 mala
1559 2031 1707 2095 perfe—

334 2108 466 2155 renda
489 2107 704 2160 fortiores,
726 2115 767 2149 et
804 2103 908 2149 huic
938 2104 1037 2150 vitae
1066 2103 1323 2149 subtrahere
1345 2140 1355 2155 ,
1399 2118 1586 2166 quorum
1621 2118 1709 2147 non
1762 2098 1764 2102 ’

334 2189 478 2245 potest
514 2177 593 2223 Dei
635 2175 842 2221 Ecclesiae
869 2185 1037 2220 tantum
1058 2185 1269 2238 quantum
1291 2173 1465 2219 illorum
1488 2173 1577 2219 vita
1599 2189 1706 2236 pro·
1748 2185 1769 2209 2⁴

333 2251 465 2298 desse.
493 2250 578 2295 Res
591 2245 771 2311 quidem
799 2245 872 2290 fiet
897 2245 1038 2291 minus
1060 2247 1213 2290 usitata
1229 2281 1239 2300 ‚
1267 2245 1299 2290 si
1321 2245 1397 2289 fiat
1419 2244 1500 2289 ista
1522 2242 1708 2298 sortiti03
1749 2263 1753 2272 ν

334 2322 408 2370 sed
433 2321 467 2366 si
484 2319 599 2364 facta
617 2316 764 2371 fuerit,
786 2317 882 2379 quis
912 2333 1004 2361 eam
1030 2315 1347 2378 reprehendere
1371 2313 1578 2360 audebit?
1599 2313 1708 2369 Quis
1748 2330 1753 2346 ³

332 2411 419 2441 non
440 2407 532 2438 eam
559 2389 641 2434 nisi
670 2387 912 2450 imperitus,
940 2397 1014 2432 aut
1048 2386 1220 2432 invidus
1239 2423 1249 2441 ,
1281 2402 1472 2445 congrua
1495 2383 1706 2448 praedica·
1762 2403 1764 2406 ·

329 2465 444 2510 tione
460 2458 690 2506 laudabit?
716 2459 753 2513 Q
763 2456 848 2502 uod
875 2457 907 2502 si
925 2474 1010 2502 non
1030 2456 1173 2519 placet
1188 2457 1344 2511 facere,
1363 2459 1487 2514 cujus
1502 2453 1606 2500 facti
1620 2471 1705 2500 non
1764 2470 1769 2506 1

324 2530 514 2581 occurrit
536 2527 799 2590 exemplum,
827 2526 988 2573 nullius
1010 2525 1111 2586 fuga
1150 2526 1280 2572 faciat
1302 2537 1348 2571 ut
1372 2524 1578 2570 Ecclesiae
1617 2524 1704 2570 mi-
1748 2538 1769 2557 ¹«

326 2602 570 2655 nisterium‚
598 2597 780 2644 maxime
799 2597 843 2643 in
858 2597 987 2643 tantis
1010 2596 1214 2660 periculis
1247 2594 1532 2641 necessarium
1557 2610 1605 2640 ac
1627 2593 1706 2640 de-
1762 2621 1769 2627 ·

373 2690 381 2710 ¹
405 2689 498 2719 Prov.
521 2692 611 2719 xvni,
630 2682 681 2710 18.
