1769 3235
475 290 874 323 RETRACTATIONUM
910 292 997 324 1113.
1041 293 1091 322 11.
1369 278 1462 326 553

89 353 195 400 mias
218 354 286 402 vel
302 371 462 402 errores
488 355 623 401 libros
644 357 697 402 de
730 360 923 402 Ciuitate
950 361 1035 403 Dei
1060 357 1247 403 scribere
1269 359 1452 408 institui.

91 425 223 481 Quod
254 443 364 490 opus
397 444 476 490 per
499 427 666 490 aliquot
701 445 834 473 annos
855 445 923 473 me
960 430 1124 486 tenuit,
1160 447 1208 475 eo
1234 432 1353 494 quod
1377 432 1460 478 alia

89 496 226 541 multa
253 498 629 553 intercurrebant,
654 514 754 560 quae
781 498 951 543 differre
970 516 1058 544 non
1079 510 1314 562 oporteret,
1334 513 1375 547 et
1394 519 1460 547 me

88 567 210 629 prius
229 567 283 613 ad
303 567 557 613 solvendum
582 568 879 630 occupabant.
909 569 1004 614 Hoc
1028 580 1172 615 autem
1195 570 1248 615 de
1272 576 1461 618 Cc'vc‘tale

87 641 181 683 Dec·
200 639 362 698 grande
383 656 492 702 opus
514 638 687 684 tandem
709 638 1060 697 viginti-duobus
1085 640 1207 686 libris
1224 652 1285 687 est
1309 643 1461 688 termi-

88 718 254 756 natum.
290 710 487 766 Quorum
507 709 699 772 quinque
717 708 848 772 primi
869 725 940 754 eos
956 709 1171 766 refellunt,
1198 712 1275 774 qui
1292 729 1358 757 res
1378 713 1462 758 hu-

87 795 237 824 manas
259 780 318 825 ita
340 780 589 843 prosperari
612 780 793 834 volunt,
821 789 870 824 ut
896 779 948 824 ad
982 780 1069 825 hoc
1094 781 1331 827 multorum
1354 782 1463 828 deo-

86 865 184 893 rum
211 848 376 894 cultum
402 866 510 912 quos
534 850 696 909 Pagani
715 848 855 895 colere
876 860 1158 903 consuerunt,
1176 852 1462 898 necessarium

87 935 173 963 esse
209 919 505 965 arbitrentur:
537 931 578 965 et
613 920 716 982 quia
742 919 1006 983 prohibetur
1025 957 1034 974 ,
1071 919 1182 965 mala
1209 921 1288 966 ista
1312 922 1466 967 exoriri

87 998 218 1051 atque
245 990 469 1035 abundare
494 990 780 1036 contendunt.
823 989 1057 1052 Sequentes
1090 1000 1232 1035 autem
1271 991 1466 1054 quinque

88 1058 290 1104 adversus
329 1077 397 1105 eos
439 1059 682 1123 loquuntur
707 1097 717 1115 ,
748 1059 824 1122 qui
861 1058 1050 1104 fatentur
1093 1059 1192 1104 haec
1229 1060 1341 1105 mala
1384 1077 1463 1106 nec

86 1128 271 1175 defuisse
306 1147 498 1193 unquam
519 1168 528 1186 ,
572 1147 651 1175 nec
675 1130 877 1175 defutura
914 1130 1191 1185 mortalibus,
1215 1141 1256 1175 et
1279 1128 1325 1175 ea
1348 1148 1465 1176 nunc

86 1217 267 1259 magna,
307 1218 425 1247 nunc
459 1218 625 1263 parva,
669 1201 805 1255 locis,
848 1200 1144 1263 temporibus,
1186 1202 1464 1263 personisque

85 1271 242 1316 variari
271 1288 282 1315 :
305 1271 378 1316 sed
402 1271 584 1317 deorum
610 1270 848 1316 multorum
873 1270 1067 1332 cultum,
1097 1287 1184 1333 quo
1207 1271 1266 1315 eis
1294 1271 1463 1315 sacrifi-

86 1351 233 1396 catur,
272 1352 453 1404 propter
481 1342 615 1387 vitam
647 1351 747 1403 post
772 1351 954 1391 mortem
983 1340 1175 1385 futuram
1199 1357 1285 1385 esse
1313 1340 1462 1385 utilem

85 1411 328 1474 disputant.
351 1413 429 1457 His
449 1429 548 1472 ergo
567 1412 726 1467 decem,
742 1411 866 1456 libris
890 1411 990 1456 duae
1019 1411 1112 1455 istae
1136 1427 1259 1455 vanae
1284 1411 1459 1473 opinio-

85 1499 157 1528 nes
176 1483 439 1533 Christianae
464 1482 656 1542 religioni
677 1482 932 1527 adversariae
957 1480 1228 1526 refelluntur.

150 1553 209 1599 ll.
241 1553 326 1598 Sed
352 1570 406 1598 ne
437 1552 668 1615 quisquam
693 1569 769 1597 nos
797 1551 931 1597 aliena
965 1562 1134 1596 tantum
1163 1550 1430 1610 redarguisse
1448 1588 1459 1606 ,

84 1639 174 1668 non
196 1633 339 1669 autem
363 1634 509 1668 nostra
535 1623 759 1668 asseruisse
783 1621 1149 1685 reprehenderet,
1186 1620 1231 1666 id
1254 1621 1340 1680 agit
1363 1638 1463 1684 pars

85 1691 218 1738 altera
252 1693 393 1757 operis
436 1693 569 1753 hujus
609 1710 710 1756 quae
747 1693 871 1738 libris
913 1692 1149 1738 duodecim
1193 1694 1456 1739 continetur.

84 1764 352 1827 Quanquam
388 1763 467 1809 ubi
498 1780 610 1827 opus
646 1773 741 1819 est,
774 1774 816 1809 et
849 1764 894 1809 in
928 1762 1152 1826 prioribus
1188 1761 1337 1807 decem
1360 1778 1462 1825 quae

84 1845 231 1880 nostra
249 1845 351 1880 sunt
370 1850 605 1880 asseramus
628 1871 639 1890 ,
667 1845 709 1879 et
737 1835 782 1879 in
801 1833 1033 1880 duodecim
1061 1832 1374 1896 posterioribus
1390 1849 1462 1878 re-

85 1905 348 1965 darguamus
374 1905 565 1952 adversa.
610 1905 854 1951 Duodecim
893 1922 993 1965 ergo
1027 1904 1242 1950 librorum
1276 1920 1463 1966 sequen-

84 1976 193 2021 tium
216 1976 348 2039 primi
371 1986 561 2040 quatuor
590 1976 816 2021 continent
846 1987 1042 2021 exortum
1077 1974 1266 2020 duarum
1304 1973 1463 2019 civita-

84 2056 179 2091 tum
198 2082 208 2103 ,
225 2063 412 2110 quarum
434 2057 496 2091 est
521 2063 606 2091 una
633 2047 736 2102 Dei,
765 2046 896 2092 altera
920 2046 1054 2105 hujus
1074 2044 1241 2091 mundi.
1271 2043 1464 2090 Secundi

83 2127 273 2180 quatuor
296 2134 521 2162 excursum
560 2134 707 2163 earum
733 2117 820 2163 sive
852 2132 1131 2180 procursum.
1163 2115 1299 2160 Tertii
1333 2131 1463 2172 vero,

84 2188 162 2250 qui
187 2198 228 2233 et
251 2187 488 2252 postremi,
517 2187 689 2234 debitos
714 2189 833 2235 fines.
868 2190 933 2233 Ita
956 2203 1104 2232 omnes
1130 2183 1284 2246 viginti
1310 2195 1351 2230 et
1375 2184 1463 2230 duo

84 2258 187 2304 libri
212 2276 312 2304 cum
353 2259 437 2304 sint
475 2258 527 2304 de
565 2270 749 2322 utraque
777 2259 952 2305 civitate
981 2257 1246 2319 conscripti,
1284 2255 1462 2301 titulum

85 2339 228 2374 tamen
253 2347 276 2374 a
303 2329 477 2375 meliore
503 2340 797 2393 acceperunt,
824 2341 871 2375 ut
902 2330 959 2374 (le
989 2330 1181 2373 &vitate
1204 2331 1294 2372 Dec·
1316 2326 1463 2389 potius

84 2410 360 2446 vocarentur.
408 2401 456 2444 In
485 2417 674 2462 quorum
717 2400 888 2446 decimo
926 2399 1039 2443 libro
1068 2415 1154 2442 non
1192 2396 1345 2442 debuit
1382 2414 1463 2458 pro

86 2467 297 2515 miraculo
338 2470 440 2532 poni
481 2470 525 2514 in
564 2470 757 2515 Abrahae
793 2469 1003 2515 sacrificio
1043 2468 1262 2512 flammam
1291 2466 1466 2511 coelitus

85 2539 244 2584 factam
275 2540 385 2584 inter
414 2539 572 2584 divisas
606 2541 802 2585 victimas
838 2539 1080 2585 cucurrisse
1110 2555 1120 2582 t
1149 2536 1353 2600 quoniam
1378 2536 1465 2582 hoc

86 2608 150 2655 illi
169 2609 215 2655 in
244 2609 406 2657 visione
425 2620 715 2656 monstratum
735 2620 811 2657 est.
839 2611 890 2655 ln
911 2607 1297 2672 septimo—decimo
1320 2606 1434 2652 libro
1453 2643 1465 2659 ,
