<?xml version="1.0" encoding="UTF-8"?>
<!DOCTYPE html PUBLIC "-//W3C//DTD XHTML 1.0 Transitional//EN"
    "http://www.w3.org/TR/xhtml1/DTD/xhtml1-transitional.dtd">
<html xmlns="http://www.w3.org/1999/xhtml" xml:lang="en" lang="en">
 <head>
  <title>
</title>
<meta http-equiv="Content-Type" content="text/html;charset=utf-8" />
  <meta name='ocr-system' content='tesseract 3.04.00' />
  <meta name='ocr-capabilities' content='ocr_page ocr_carea ocr_par ocr_line ocrx_word'/>
</head>
<body>
  <div class='ocr_page' id='page_1' title='image "./operaomniaaccura41auguuoft/operaomniaaccura41auguuoft_0569.png"; bbox 0 0 1769 3235; ppageno 0'>
   <div class='ocr_carea' id='block_1_1' title="bbox 453 284 1433 346">
    <p class='ocr_par' dir='ltr' id='par_1_1' title="bbox 453 284 1433 346">
     <span class='ocr_line' id='line_1_1' title="bbox 453 284 1433 346; baseline 0.003 -20"><span class='ocrx_word' id='word_1_1' title='bbox 453 297 856 328; x_wconf 74' lang='lat' dir='ltr'><strong>RETRACTATIONUM</strong></span> <span class='ocrx_word' id='word_1_2' title='bbox 893 299 978 328; x_wconf 76' lang='lat' dir='ltr'>Lm.</span> <span class='ocrx_word' id='word_1_3' title='bbox 1023 299 1073 328; x_wconf 87' lang='lat'>11.</span> <span class='ocrx_word' id='word_1_4' title='bbox 1340 284 1433 346; x_wconf 68' lang='grc'>549</span> 
     </span>
    </p>
   </div>
   <div class='ocr_carea' id='block_1_2' title="bbox 56 362 1439 1689">
    <p class='ocr_par' dir='ltr' id='par_1_2' title="bbox 56 362 1439 1689">
     <span class='ocr_line' id='line_1_2' title="bbox 61 362 1434 420; baseline 0.001 -11"><span class='ocrx_word' id='word_1_5' title='bbox 61 363 147 409; x_wconf 85' lang='lat' dir='ltr'>hac</span> <span class='ocrx_word' id='word_1_6' title='bbox 175 363 264 408; x_wconf 88' lang='lat' dir='ltr'>vita</span> <span class='ocrx_word' id='word_1_7' title='bbox 297 362 364 408; x_wconf 89' lang='lat' dir='ltr'>vel</span> <span class='ocrx_word' id='word_1_8' title='bbox 394 362 549 418; x_wconf 84' lang='lat' dir='ltr'>fuerit,</span> <span class='ocrx_word' id='word_1_9' title='bbox 577 362 645 407; x_wconf 87' lang='lat' dir='ltr'>vel</span> <span class='ocrx_word' id='word_1_10' title='bbox 678 363 756 417; x_wconf 89' lang='lat' dir='ltr'>sit,</span> <span class='ocrx_word' id='word_1_11' title='bbox 794 362 862 407; x_wconf 90' lang='lat' dir='ltr'>vel</span> <span class='ocrx_word' id='word_1_12' title='bbox 898 362 1071 409; x_wconf 87' lang='lat' dir='ltr'>futurus</span> <span class='ocrx_word' id='word_1_13' title='bbox 1107 363 1177 410; x_wconf 88' lang='lat' dir='ltr'>sit.</span> <span class='ocrx_word' id='word_1_14' title='bbox 1219 364 1434 420; x_wconf 84' lang='lat' dir='ltr'>Quaesivit</span> 
     </span>
     <span class='ocr_line' id='line_1_3' title="bbox 60 432 1431 496; baseline 0.001 -18"><span class='ocrx_word' id='word_1_15' title='bbox 60 433 175 479; x_wconf 92' lang='lat' dir='ltr'>enim</span> <span class='ocrx_word' id='word_1_16' title='bbox 197 432 418 496; x_wconf 88' lang='lat' dir='ltr'>quomodo</span> <span class='ocrx_word' id='word_1_17' title='bbox 442 432 619 478; x_wconf 81' lang='lat' dir='ltr'>dixerim</span> <span class='ocrx_word' id='word_1_18' title='bbox 648 449 772 495; x_wconf 88' lang='lat' dir='ltr'>posse</span> <span class='ocrx_word' id='word_1_19' title='bbox 795 433 904 488; x_wconf 84' lang='lat' dir='ltr'>fieri,</span> <span class='ocrx_word' id='word_1_20' title='bbox 932 438 1055 493; x_wconf 89' lang='lat' dir='ltr'>cujus</span> <span class='ocrx_word' id='word_1_21' title='bbox 1076 434 1135 479; x_wconf 87' lang='lat' dir='ltr'>rei</span> <span class='ocrx_word' id='word_1_22' title='bbox 1160 434 1267 479; x_wconf 83' lang='lat' dir='ltr'><strong>desit</strong></span> <span class='ocrx_word' id='word_1_23' title='bbox 1287 452 1431 480; x_wconf 78' lang='lat' dir='ltr'>exem-</span> 
     </span>
     <span class='ocr_line' id='line_1_4' title="bbox 60 503 1429 567; baseline 0.002 -19"><span class='ocrx_word' id='word_1_24' title='bbox 60 503 201 567; x_wconf 87' lang='lat' dir='ltr'>plum.</span> <span class='ocrx_word' id='word_1_25' title='bbox 232 505 419 567; x_wconf 80' lang='lat' dir='ltr'>Propter</span> <span class='ocrx_word' id='word_1_26' title='bbox 443 504 560 549; x_wconf 84' lang='lat' dir='ltr'>hanc</span> <span class='ocrx_word' id='word_1_27' title='bbox 584 507 675 563; x_wconf 91' lang='lat' dir='ltr'>ejus</span> <span class='ocrx_word' id='word_1_28' title='bbox 703 503 1025 565; x_wconf 82' lang='lat' dir='ltr'>inquisitionem</span> <span class='ocrx_word' id='word_1_29' title='bbox 1048 505 1200 567; x_wconf 86' lang='lat' dir='ltr'>scripsi</span> <span class='ocrx_word' id='word_1_30' title='bbox 1233 505 1395 551; x_wconf 83' lang='lat' dir='ltr'>librum</span> <span class='ocrx_word' id='word_1_31' title='bbox 1415 542 1429 563; x_wconf 93' lang='lat'>‚</span> 
     </span>
     <span class='ocr_line' id='line_1_5' title="bbox 62 574 1431 639; baseline 0.002 -20"><span class='ocrx_word' id='word_1_32' title='bbox 62 577 188 633; x_wconf 82' lang='lat' dir='ltr'>cujus</span> <span class='ocrx_word' id='word_1_33' title='bbox 212 585 274 619; x_wconf 92' lang='lat' dir='ltr'>est</span> <span class='ocrx_word' id='word_1_34' title='bbox 300 574 450 620; x_wconf 85' lang='lat' dir='ltr'>titulus</span> <span class='ocrx_word' id='word_1_35' title='bbox 466 574 519 620; x_wconf 90' lang='lat' dir='ltr'>de</span> <span class='ocrx_word' id='word_1_36' title='bbox 538 575 713 636; x_wconf 70' lang='lat' dir='ltr'>Spiritu</span> <span class='ocrx_word' id='word_1_37' title='bbox 737 585 782 618; x_wconf 75' lang='lat' dir='ltr'>et</span> <span class='ocrx_word' id='word_1_38' title='bbox 804 574 976 628; x_wconf 68' lang='lat' dir='ltr'>littera,</span> <span class='ocrx_word' id='word_1_39' title='bbox 1000 586 1269 637; x_wconf 80' lang='lat' dir='ltr'>pertractans</span> <span class='ocrx_word' id='word_1_40' title='bbox 1295 578 1431 639; x_wconf 90' lang='lat' dir='ltr'>Apos-</span> 
     </span>
     <span class='ocr_line' id='line_1_6' title="bbox 61 643 1435 709; baseline 0.003 -21"><span class='ocrx_word' id='word_1_41' title='bbox 61 643 237 689; x_wconf 82' lang='lat' dir='ltr'>tolicam</span> <span class='ocrx_word' id='word_1_42' title='bbox 262 645 517 690; x_wconf 89' lang='lat' dir='ltr'>sententiam</span> <span class='ocrx_word' id='word_1_43' title='bbox 549 645 625 689; x_wconf 86' lang='lat' dir='ltr'>ubi</span> <span class='ocrx_word' id='word_1_44' title='bbox 664 643 750 688; x_wconf 82' lang='lat' dir='ltr'>ait:</span> <span class='ocrx_word' id='word_1_45' title='bbox 790 644 994 689; x_wconf 79' lang='lat' dir='ltr'>«Littera</span> <span class='ocrx_word' id='word_1_46' title='bbox 1033 645 1221 701; x_wconf 85' lang='lat' dir='ltr'>occidit,</span> <span class='ocrx_word' id='word_1_47' title='bbox 1258 647 1435 709; x_wconf 87' lang='lat' dir='ltr'>spiritus</span> 
     </span>
     <span class='ocr_line' id='line_1_7' title="bbox 63 712 1432 776; baseline 0.004 -21"><span class='ocrx_word' id='word_1_48' title='bbox 63 732 84 754; x_wconf 63' lang='grc' dir='ltr'>υ</span> <span class='ocrx_word' id='word_1_49' title='bbox 107 723 250 758; x_wconf 86' lang='lat' dir='ltr'>autern</span> <span class='ocrx_word' id='word_1_50' title='bbox 286 714 481 759; x_wconf 83' lang='lat' dir='ltr'>vivificat</span> <span class='ocrx_word' id='word_1_51' title='bbox 493 713 527 760; x_wconf 76' lang='lat'>1.</span> <span class='ocrx_word' id='word_1_52' title='bbox 554 735 573 755; x_wconf 87' lang='lat'>»</span> <span class='ocrx_word' id='word_1_53' title='bbox 600 715 650 758; x_wconf 91' lang='lat' dir='ltr'>In</span> <span class='ocrx_word' id='word_1_54' title='bbox 671 729 759 776; x_wconf 91' lang='lat' dir='ltr'>quo</span> <span class='ocrx_word' id='word_1_55' title='bbox 786 712 900 758; x_wconf 90' lang='lat' dir='ltr'>libro</span> <span class='ocrx_word' id='word_1_56' title='bbox 923 724 1137 776; x_wconf 86' lang='lat' dir='ltr'>quantum</span> <span class='ocrx_word' id='word_1_57' title='bbox 1163 717 1276 760; x_wconf 90' lang='lat' dir='ltr'>Deus</span> <span class='ocrx_word' id='word_1_58' title='bbox 1301 716 1432 775; x_wconf 88' lang='lat' dir='ltr'>adju-</span> 
     </span>
     <span class='ocr_line' id='line_1_8' title="bbox 62 783 1436 847; baseline 0.002 -20"><span class='ocrx_word' id='word_1_59' title='bbox 62 783 149 838; x_wconf 85' lang='lat' dir='ltr'>vit,</span> <span class='ocrx_word' id='word_1_60' title='bbox 191 783 346 828; x_wconf 83' lang='lat' dir='ltr'>aeriter</span> <span class='ocrx_word' id='word_1_61' title='bbox 375 783 595 846; x_wconf 80' lang='lat' dir='ltr'>disputavi</span> <span class='ocrx_word' id='word_1_62' title='bbox 635 794 787 829; x_wconf 85' lang='lat' dir='ltr'>contra</span> <span class='ocrx_word' id='word_1_63' title='bbox 823 783 1020 828; x_wconf 82' lang='lat' dir='ltr'>inimicos</span> <span class='ocrx_word' id='word_1_64' title='bbox 1059 784 1208 842; x_wconf 82' lang='lat' dir='ltr'>gratiae</span> <span class='ocrx_word' id='word_1_65' title='bbox 1244 785 1321 829; x_wconf 89' lang='lat' dir='ltr'>Dei</span> <span class='ocrx_word' id='word_1_66' title='bbox 1350 802 1436 847; x_wconf 89' lang='lat' dir='ltr'>qua</span> 
     </span>
     <span class='ocr_line' id='line_1_9' title="bbox 56 853 1435 916; baseline 0.001 -18"><span class='ocrx_word' id='word_1_67' title='bbox 56 853 326 912; x_wconf 76' lang='lat' dir='ltr'>justificatur</span> <span class='ocrx_word' id='word_1_68' title='bbox 345 854 519 916; x_wconf 87' lang='lat' dir='ltr'>impius.</span> <span class='ocrx_word' id='word_1_69' title='bbox 551 854 664 899; x_wconf 88' lang='lat' dir='ltr'>Cum</span> <span class='ocrx_word' id='word_1_70' title='bbox 700 863 843 898; x_wconf 85' lang='lat' dir='ltr'>autem</span> <span class='ocrx_word' id='word_1_71' title='bbox 866 871 1031 913; x_wconf 83' lang='lat' dir='ltr'>agerem</span> <span class='ocrx_word' id='word_1_72' title='bbox 1050 854 1102 899; x_wconf 87' lang='lat' dir='ltr'>de</span> <span class='ocrx_word' id='word_1_73' title='bbox 1122 854 1435 900; x_wconf 84' lang='lat' dir='ltr'>observationi-</span> 
     </span>
     <span class='ocr_line' id='line_1_10' title="bbox 64 923 1435 987; baseline 0.002 -20"><span class='ocrx_word' id='word_1_74' title='bbox 64 923 146 968; x_wconf 88' lang='lat' dir='ltr'>bus</span> <span class='ocrx_word' id='word_1_75' title='bbox 177 924 434 969; x_wconf 83' lang='lat' dir='ltr'>Judaeorum</span> <span class='ocrx_word' id='word_1_76' title='bbox 456 961 466 979; x_wconf 86' lang='lat'><strong><em>‚</em></strong></span> <span class='ocrx_word' id='word_1_77' title='bbox 508 943 529 970; x_wconf 86' lang='lat' dir='ltr'>a</span> <span class='ocrx_word' id='word_1_78' title='bbox 566 924 830 987; x_wconf 84' lang='lat' dir='ltr'>quibusdam</span> <span class='ocrx_word' id='word_1_79' title='bbox 854 925 958 970; x_wconf 87' lang='lat' dir='ltr'>escis</span> <span class='ocrx_word' id='word_1_80' title='bbox 983 924 1221 970; x_wconf 87' lang='lat' dir='ltr'>secundum</span> <span class='ocrx_word' id='word_1_81' title='bbox 1250 936 1435 970; x_wconf 89' lang='lat' dir='ltr'>veterem</span> 
     </span>
     <span class='ocr_line' id='line_1_11' title="bbox 62 993 1436 1054; baseline 0.002 -16"><span class='ocrx_word' id='word_1_82' title='bbox 62 993 196 1053; x_wconf 85' lang='lat' dir='ltr'>legem</span> <span class='ocrx_word' id='word_1_83' title='bbox 235 995 548 1040; x_wconf 84' lang='lat' dir='ltr'>abstinentium</span> <span class='ocrx_word' id='word_1_84' title='bbox 566 1032 576 1050; x_wconf 89' lang='lat'><strong>‚</strong></span> <span class='ocrx_word' id='word_1_85' title='bbox 606 995 692 1041; x_wconf 86' lang='lat' dir='ltr'>dixi</span> <span class='ocrx_word' id='word_1_86' title='bbox 718 1013 728 1041; x_wconf 90' lang='lat'>:</span> <span class='ocrx_word' id='word_1_87' title='bbox 762 995 1085 1054; x_wconf 73' lang='lat' dir='ltr'>Quorumdam.</span> <span class='ocrx_word' id='word_1_88' title='bbox 1106 1014 1321 1041; x_wconf 74' lang='lat' dir='ltr'>escarum</span> <span class='ocrx_word' id='word_1_89' title='bbox 1344 1014 1436 1041; x_wconf 78' lang='lat' dir='ltr'>coe-</span> 
     </span>
     <span class='ocr_line' id='line_1_12' title="bbox 65 1065 1436 1127; baseline 0.003 -19"><span class='ocrx_word' id='word_1_90' title='bbox 65 1065 334 1109; x_wconf 51' lang='lat' dir='ltr'>remorare-‘22</span> <span class='ocrx_word' id='word_1_91' title='bbox 350 1065 467 1127; x_wconf 90' lang='lat' dir='ltr'>quod</span> <span class='ocrx_word' id='word_1_92' title='bbox 489 1083 644 1111; x_wconf 88' lang='lat' dir='ltr'>nomen</span> <span class='ocrx_word' id='word_1_93' title='bbox 658 1084 746 1111; x_wconf 87' lang='lat' dir='ltr'>non</span> <span class='ocrx_word' id='word_1_94' title='bbox 766 1077 826 1111; x_wconf 91' lang='lat' dir='ltr'>est</span> <span class='ocrx_word' id='word_1_95' title='bbox 841 1067 884 1111; x_wconf 91' lang='lat' dir='ltr'>in</span> <span class='ocrx_word' id='word_1_96' title='bbox 908 1083 985 1112; x_wconf 90' lang='lat' dir='ltr'>usu</span> <span class='ocrx_word' id='word_1_97' title='bbox 1002 1066 1240 1112; x_wconf 77' lang='lat' dir='ltr'>litterarum</span> <span class='ocrx_word' id='word_1_98' title='bbox 1261 1078 1436 1112; x_wconf 83' lang='lat' dir='ltr'>sancta-</span> 
     </span>
     <span class='ocr_line' id='line_1_13' title="bbox 64 1134 1437 1199; baseline 0.003 -21"><span class='ocrx_word' id='word_1_99' title='bbox 64 1150 161 1178; x_wconf 85' lang='lat' dir='ltr'>rum</span> <span class='ocrx_word' id='word_1_100' title='bbox 179 1134 297 1179; x_wconf 90' lang='lat' dir='ltr'>:ideo</span> <span class='ocrx_word' id='word_1_101' title='bbox 312 1135 571 1180; x_wconf 86' lang='lat' dir='ltr'>tamenmihi</span> <span class='ocrx_word' id='word_1_102' title='bbox 588 1137 973 1194; x_wconf 79' lang='lat' dir='ltr'>congruensvisum</span> <span class='ocrx_word' id='word_1_103' title='bbox 985 1146 1063 1192; x_wconf 81' lang='lat' dir='ltr'>est,</span> <span class='ocrx_word' id='word_1_104' title='bbox 1079 1136 1231 1199; x_wconf 84' lang='lat' dir='ltr'>quoda</span> <span class='ocrx_word' id='word_1_105' title='bbox 1245 1137 1437 1182; x_wconf 83' lang='lat' dir='ltr'>cavendo</span> 
     </span>
     <span class='ocr_line' id='line_1_14' title="bbox 66 1204 1436 1268; baseline 0.003 -20"><span class='ocrx_word' id='word_1_106' title='bbox 66 1204 303 1266; x_wconf 82' lang='lat' dir='ltr'>appellatas</span> <span class='ocrx_word' id='word_1_107' title='bbox 323 1205 600 1250; x_wconf 83' lang='lat' dir='ltr'>caeremonias</span> <span class='ocrx_word' id='word_1_108' title='bbox 614 1243 623 1261; x_wconf 84' lang='lat'><strong><em>‚</em></strong></span> <span class='ocrx_word' id='word_1_109' title='bbox 642 1206 765 1268; x_wconf 81' lang='lat' dir='ltr'>quasi</span> <span class='ocrx_word' id='word_1_110' title='bbox 785 1206 1076 1252; x_wconf 84' lang='lat' dir='ltr'>charimonias</span> <span class='ocrx_word' id='word_1_111' title='bbox 1101 1208 1303 1252; x_wconf 84' lang='lat' dir='ltr'>memoria</span> <span class='ocrx_word' id='word_1_112' title='bbox 1320 1218 1436 1252; x_wconf 87' lang='lat' dir='ltr'>tene-</span> 
     </span>
     <span class='ocr_line' id='line_1_15' title="bbox 64 1274 1436 1340; baseline 0.003 -22"><span class='ocrx_word' id='word_1_113' title='bbox 64 1274 165 1318; x_wconf 85' lang='lat' dir='ltr'>bam</span> <span class='ocrx_word' id='word_1_114' title='bbox 184 1311 194 1329; x_wconf 87' lang='lat'><em>‚</em></span> <span class='ocrx_word' id='word_1_115' title='bbox 224 1291 273 1319; x_wconf 89' lang='lat' dir='ltr'>co</span> <span class='ocrx_word' id='word_1_116' title='bbox 307 1275 426 1337; x_wconf 86' lang='lat' dir='ltr'>quod</span> <span class='ocrx_word' id='word_1_117' title='bbox 456 1275 732 1321; x_wconf 82' lang='lat' dir='ltr'>observantes</span> <span class='ocrx_word' id='word_1_118' title='bbox 767 1287 942 1321; x_wconf 85' lang='lat' dir='ltr'>careant</span> <span class='ocrx_word' id='word_1_119' title='bbox 966 1277 1034 1322; x_wconf 92' lang='lat' dir='ltr'>his</span> <span class='ocrx_word' id='word_1_120' title='bbox 1063 1277 1191 1322; x_wconf 88' lang='lat' dir='ltr'>rebus</span> <span class='ocrx_word' id='word_1_121' title='bbox 1225 1295 1245 1322; x_wconf 84' lang='lat' dir='ltr'>a</span> <span class='ocrx_word' id='word_1_122' title='bbox 1276 1278 1436 1340; x_wconf 88' lang='lat' dir='ltr'>quibus</span> 
     </span>
     <span class='ocr_line' id='line_1_16' title="bbox 65 1344 1438 1410; baseline 0.001 -21"><span class='ocrx_word' id='word_1_123' title='bbox 65 1360 107 1389; x_wconf 89' lang='lat' dir='ltr'>se</span> <span class='ocrx_word' id='word_1_124' title='bbox 130 1344 359 1391; x_wconf 85' lang='lat' dir='ltr'>abstinent.</span> <span class='ocrx_word' id='word_1_125' title='bbox 388 1344 519 1402; x_wconf 85' lang='lat' dir='ltr'>Quod</span> <span class='ocrx_word' id='word_1_126' title='bbox 539 1345 573 1390; x_wconf 91' lang='lat' dir='ltr'>si</span> <span class='ocrx_word' id='word_1_127' title='bbox 597 1356 657 1391; x_wconf 84' lang='lat' dir='ltr'>est</span> <span class='ocrx_word' id='word_1_128' title='bbox 688 1347 805 1406; x_wconf 85' lang='lat' dir='ltr'>origo</span> <span class='ocrx_word' id='word_1_129' title='bbox 842 1345 925 1390; x_wconf 83' lang='lat' dir='ltr'>alia</span> <span class='ocrx_word' id='word_1_130' title='bbox 947 1346 1079 1406; x_wconf 85' lang='lat' dir='ltr'>hujus</span> <span class='ocrx_word' id='word_1_131' title='bbox 1099 1346 1285 1391; x_wconf 90' lang='lat' dir='ltr'>nominis</span> <span class='ocrx_word' id='word_1_132' title='bbox 1306 1384 1316 1401; x_wconf 87' lang='lat'><strong><em>‚</em></strong></span> <span class='ocrx_word' id='word_1_133' title='bbox 1338 1364 1438 1410; x_wconf 79' lang='lat' dir='ltr'>quae</span> 
     </span>
     <span class='ocr_line' id='line_1_17' title="bbox 66 1414 1438 1476; baseline 0.002 -18"><span class='ocrx_word' id='word_1_134' title='bbox 66 1414 273 1460; x_wconf 85' lang='lat' dir='ltr'>abhorret</span> <span class='ocrx_word' id='word_1_135' title='bbox 298 1433 321 1460; x_wconf 86' lang='lat' dir='ltr'>a</span> <span class='ocrx_word' id='word_1_136' title='bbox 342 1433 440 1460; x_wconf 82' lang='lat' dir='ltr'>vera</span> <span class='ocrx_word' id='word_1_137' title='bbox 464 1415 667 1475; x_wconf 83' lang='lat' dir='ltr'>religione</span> <span class='ocrx_word' id='word_1_138' title='bbox 687 1454 697 1471; x_wconf 87' lang='lat'>‚</span> <span class='ocrx_word' id='word_1_139' title='bbox 723 1416 961 1461; x_wconf 82' lang='lat' dir='ltr'>secundum</span> <span class='ocrx_word' id='word_1_140' title='bbox 983 1417 1099 1461; x_wconf 86' lang='lat' dir='ltr'>hanc</span> <span class='ocrx_word' id='word_1_141' title='bbox 1127 1434 1203 1476; x_wconf 85' lang='lat' dir='ltr'>ego</span> <span class='ocrx_word' id='word_1_142' title='bbox 1228 1434 1313 1461; x_wconf 91' lang='lat' dir='ltr'>non</span> <span class='ocrx_word' id='word_1_143' title='bbox 1344 1434 1438 1462; x_wconf 88' lang='lat' dir='ltr'>sum</span> 
     </span>
     <span class='ocr_line' id='line_1_18' title="bbox 64 1484 1434 1549; baseline 0.001 -20"><span class='ocrx_word' id='word_1_144' title='bbox 64 1484 238 1530; x_wconf 90' lang='lat' dir='ltr'>loeutus</span> <span class='ocrx_word' id='word_1_145' title='bbox 255 1522 266 1541; x_wconf 83' lang='lat'>‚</span> <span class='ocrx_word' id='word_1_146' title='bbox 304 1485 377 1530; x_wconf 87' lang='lat' dir='ltr'>sed</span> <span class='ocrx_word' id='word_1_147' title='bbox 415 1486 653 1531; x_wconf 85' lang='lat' dir='ltr'>secundum</span> <span class='ocrx_word' id='word_1_148' title='bbox 693 1486 819 1530; x_wconf 83' lang='lat' dir='ltr'>istam</span> <span class='ocrx_word' id='word_1_149' title='bbox 843 1502 975 1548; x_wconf 80' lang='lat' dir='ltr'>quam</span> <span class='ocrx_word' id='word_1_150' title='bbox 1011 1503 1143 1549; x_wconf 86' lang='lat' dir='ltr'>supra</span> <span class='ocrx_word' id='word_1_151' title='bbox 1183 1486 1434 1532; x_wconf 79' lang='lat' dir='ltr'>memoravi.</span> 
     </span>
     <span class='ocr_line' id='line_1_19' title="bbox 68 1555 1439 1620; baseline 0.001 -20"><span class='ocrx_word' id='word_1_152' title='bbox 68 1555 153 1600; x_wconf 89' lang='lat' dir='ltr'>Hic</span> <span class='ocrx_word' id='word_1_153' title='bbox 173 1556 285 1601; x_wconf 88' lang='lat' dir='ltr'>liber</span> <span class='ocrx_word' id='word_1_154' title='bbox 303 1557 364 1601; x_wconf 88' lang='lat' dir='ltr'>sic</span> <span class='ocrx_word' id='word_1_155' title='bbox 387 1556 576 1620; x_wconf 80' lang='lat' dir='ltr'>incipit:</span> <span class='ocrx_word' id='word_1_156' title='bbox 607 1560 753 1601; x_wconf 79' lang='lat' dir='ltr'>Lectis</span> <span class='ocrx_word' id='word_1_157' title='bbox 789 1557 1028 1619; x_wconf 74' lang='lat' dir='ltr'>opusculis</span> <span class='ocrx_word' id='word_1_158' title='bbox 1051 1574 1159 1620; x_wconf 76' lang='lat' dir='ltr'>quoe</span> <span class='ocrx_word' id='word_1_159' title='bbox 1180 1556 1246 1601; x_wconf 79' lang='lat' dir='ltr'>acl</span> <span class='ocrx_word' id='word_1_160' title='bbox 1276 1569 1317 1602; x_wconf 83' lang='lat' dir='ltr'>tc</span> <span class='ocrx_word' id='word_1_161' title='bbox 1346 1574 1439 1602; x_wconf 76' lang='grc' dir='ltr'>ηα-</span> 
     </span>
     <span class='ocr_line' id='line_1_20' title="bbox 57 1627 1128 1689; baseline 0.003 -18"><span class='ocrx_word' id='word_1_162' title='bbox 57 1643 156 1689; x_wconf 82' lang='lat' dir='ltr'>per</span> <span class='ocrx_word' id='word_1_163' title='bbox 172 1627 429 1683; x_wconf 76' lang='lat' dir='ltr'>elaboravi,</span> <span class='ocrx_word' id='word_1_164' title='bbox 443 1627 534 1686; x_wconf 81' lang='lat' dir='ltr'>fili</span> <span class='ocrx_word' id='word_1_165' title='bbox 554 1627 829 1673; x_wconf 50' lang='lat' dir='ltr'>charissime</span> <span class='ocrx_word' id='word_1_166' title='bbox 846 1627 1128 1674; x_wconf 74' lang='lat' dir='ltr'>Marcelline.</span> 
     </span>
    </p>
   </div>
   <div class='ocr_carea' id='block_1_3' title="bbox 67 1803 1434 1819">
    <p class='ocr_par' dir='ltr' id='par_1_3' title="bbox 67 1803 1434 1819">
     <span class='ocr_line' id='line_1_21' title="bbox 67 1803 1434 1819; baseline 0 -3"><span class='ocrx_word' id='word_1_167' title='bbox 67 1804 810 1819; x_wconf 47' lang='lat' dir='ltr'>§meovaewvmmwtmmwmmm</span> <span class='ocrx_word' id='word_1_168' title='bbox 820 1803 1289 1817; x_wconf 53' lang='grc' dir='ltr'>Μωωωωωωὶἱ</span> <span class='ocrx_word' id='word_1_169' title='bbox 1301 1803 1308 1807; x_wconf 88' lang='grc'><em>“</em></span> <span class='ocrx_word' id='word_1_170' title='bbox 1320 1805 1434 1816; x_wconf 61' lang='lat' dir='ltr'>mm</span> 
     </span>
    </p>
   </div>
   <div class='ocr_carea' id='block_1_4' title="bbox 528 1923 980 1968">
    <p class='ocr_par' dir='ltr' id='par_1_4' title="bbox 528 1923 980 1968">
     <span class='ocr_line' id='line_1_22' title="bbox 528 1923 980 1968; baseline -0.002 -1"><span class='ocrx_word' id='word_1_171' title='bbox 528 1923 703 1967; x_wconf 88' lang='lat' dir='ltr'>CAPUT</span> <span class='ocrx_word' id='word_1_172' title='bbox 735 1924 980 1968; x_wconf 86' lang='lat' dir='ltr'><strong>XXXVIII.</strong></span> 
     </span>
    </p>
   </div>
   <div class='ocr_carea' id='block_1_5' title="bbox 341 2050 1166 2109">
    <p class='ocr_par' dir='ltr' id='par_1_5' title="bbox 341 2050 1166 2109">
     <span class='ocr_line' id='line_1_23' title="bbox 341 2050 1166 2109; baseline 0.004 -18"><span class='ocrx_word' id='word_1_173' title='bbox 341 2051 404 2094; x_wconf 79' lang='lat' dir='ltr'>De</span> <span class='ocrx_word' id='word_1_174' title='bbox 425 2050 540 2093; x_wconf 74' lang='lat' dir='ltr'>Fido</span> <span class='ocrx_word' id='word_1_175' title='bbox 560 2060 600 2093; x_wconf 76' lang='lat' dir='ltr'>ot</span> <span class='ocrx_word' id='word_1_176' title='bbox 624 2050 840 2109; x_wconf 73' lang='lat' dir='ltr'>Operibus</span> <span class='ocrx_word' id='word_1_177' title='bbox 860 2084 869 2100; x_wconf 90' lang='lat'><em>,</em></span> <span class='ocrx_word' id='word_1_178' title='bbox 902 2050 1010 2093; x_wconf 76' lang='lat' dir='ltr'>liber</span> <span class='ocrx_word' id='word_1_179' title='bbox 1040 2067 1166 2094; x_wconf 80' lang='lat' dir='ltr'>unus.</span> 
     </span>
    </p>
   </div>
   <div class='ocr_carea' id='block_1_6' title="bbox 70 2196 1446 2404">
    <p class='ocr_par' dir='ltr' id='par_1_6' title="bbox 70 2196 1446 2404">
     <span class='ocr_line' id='line_1_24' title="bbox 134 2196 1446 2261; baseline -0.002 -15"><span class='ocrx_word' id='word_1_180' title='bbox 134 2202 329 2246; x_wconf 74' lang='lat' dir='ltr'><strong>INTEREA</strong></span> <span class='ocrx_word' id='word_1_181' title='bbox 347 2198 472 2243; x_wconf 82' lang='lat' dir='ltr'>missa</span> <span class='ocrx_word' id='word_1_182' title='bbox 488 2207 590 2243; x_wconf 90' lang='lat' dir='ltr'>sunt</span> <span class='ocrx_word' id='word_1_183' title='bbox 613 2196 723 2242; x_wconf 88' lang='lat' dir='ltr'>mihi</span> <span class='ocrx_word' id='word_1_184' title='bbox 740 2215 761 2242; x_wconf 89' lang='lat' dir='ltr'>a</span> <span class='ocrx_word' id='word_1_185' title='bbox 779 2196 1045 2261; x_wconf 81' lang='lat' dir='ltr'>quibusdam</span> <span class='ocrx_word' id='word_1_186' title='bbox 1071 2197 1298 2253; x_wconf 83' lang='lat' dir='ltr'>fratribus,</span> <span class='ocrx_word' id='word_1_187' title='bbox 1326 2197 1446 2244; x_wconf 74' lang='lat' dir='ltr'>laicis</span> 
     </span>
     <span class='ocr_line' id='line_1_25' title="bbox 70 2268 1446 2336; baseline -0.002 -18"><span class='ocrx_word' id='word_1_188' title='bbox 70 2272 267 2336; x_wconf 86' lang='lat' dir='ltr'>quidem,</span> <span class='ocrx_word' id='word_1_189' title='bbox 285 2269 358 2316; x_wconf 89' lang='lat' dir='ltr'>sed</span> <span class='ocrx_word' id='word_1_190' title='bbox 374 2269 624 2315; x_wconf 87' lang='lat' dir='ltr'>divinorum</span> <span class='ocrx_word' id='word_1_191' title='bbox 644 2268 917 2332; x_wconf 89' lang='lat' dir='ltr'>eloquiorum</span> <span class='ocrx_word' id='word_1_192' title='bbox 940 2268 1138 2314; x_wconf 88' lang='lat' dir='ltr'>studiosis</span> <span class='ocrx_word' id='word_1_193' title='bbox 1157 2269 1317 2332; x_wconf 85' lang='lat' dir='ltr'>scripta</span> <span class='ocrx_word' id='word_1_194' title='bbox 1337 2287 1446 2315; x_wconf 91' lang='lat' dir='ltr'>non-</span> 
     </span>
     <span class='ocr_line' id='line_1_26' title="bbox 70 2339 1444 2404; baseline -0.002 -16"><span class='ocrx_word' id='word_1_195' title='bbox 70 2342 191 2388; x_wconf 86' lang='lat' dir='ltr'>nulla</span> <span class='ocrx_word' id='word_1_196' title='bbox 216 2379 226 2397; x_wconf 95' lang='lat'>‚</span> <span class='ocrx_word' id='word_1_197' title='bbox 253 2357 353 2404; x_wconf 85' lang='lat' dir='ltr'>quae</span> <span class='ocrx_word' id='word_1_198' title='bbox 374 2340 434 2386; x_wconf 85' lang='lat' dir='ltr'>ita</span> <span class='ocrx_word' id='word_1_199' title='bbox 460 2339 775 2399; x_wconf 83' lang='lat' dir='ltr'>distinguerent</span> <span class='ocrx_word' id='word_1_200' title='bbox 796 2357 817 2385; x_wconf 83' lang='lat' dir='ltr'>a</span> <span class='ocrx_word' id='word_1_201' title='bbox 840 2339 967 2384; x_wconf 92' lang='lat' dir='ltr'>bonis</span> <span class='ocrx_word' id='word_1_202' title='bbox 992 2339 1198 2402; x_wconf 87' lang='lat' dir='ltr'>operibus</span> <span class='ocrx_word' id='word_1_203' title='bbox 1234 2339 1444 2385; x_wconf 76' lang='lat' dir='ltr'>Christia-</span> 
     </span>
    </p>
   </div>
   <div class='ocr_carea' id='block_1_7' title="bbox 69 2444 1453 2658">
    <p class='ocr_par' dir='ltr' id='par_1_7' title="bbox 69 2444 1453 2658">
     <span class='ocr_line' id='line_1_27' title="bbox 119 2444 1449 2487; baseline -0.001 -10"><span class='ocrx_word' id='word_1_204' title='bbox 119 2448 128 2470; x_wconf 85' lang='lat'>¹</span> <span class='ocrx_word' id='word_1_205' title='bbox 150 2458 168 2476; x_wconf 83' lang='lat'>2</span> <span class='ocrx_word' id='word_1_206' title='bbox 188 2448 263 2479; x_wconf 86' lang='lat' dir='ltr'>Cor.</span> <span class='ocrx_word' id='word_1_207' title='bbox 286 2457 326 2477; x_wconf 85' lang='lat' dir='ltr'>m</span> <span class='ocrx_word' id='word_1_208' title='bbox 344 2472 353 2487; x_wconf 88' lang='lat'>‚</span> <span class='ocrx_word' id='word_1_209' title='bbox 380 2447 412 2479; x_wconf 90' lang='grc'>6.</span> <span class='ocrx_word' id='word_1_210' title='bbox 441 2463 487 2469; x_wconf 93' lang='lat'>—-</span> <span class='ocrx_word' id='word_1_211' title='bbox 510 2444 525 2466; x_wconf 80' lang='lat'>²</span> <span class='ocrx_word' id='word_1_212' title='bbox 546 2446 640 2476; x_wconf 83' lang='lat' dir='ltr'>Certe</span> <span class='ocrx_word' id='word_1_213' title='bbox 671 2445 754 2476; x_wconf 69' lang='lat' dir='ltr'>istud</span> <span class='ocrx_word' id='word_1_214' title='bbox 785 2457 902 2477; x_wconf 80' lang='lat' dir='ltr'>nomen</span> <span class='ocrx_word' id='word_1_215' title='bbox 933 2446 1100 2486; x_wconf 75' lang='lat' dir='ltr'>quaesitum</span> <span class='ocrx_word' id='word_1_216' title='bbox 1129 2445 1298 2485; x_wconf 71' lang='lat' dir='ltr'>diligenter</span> <span class='ocrx_word' id='word_1_217' title='bbox 1320 2445 1351 2476; x_wconf 89' lang='lat' dir='ltr'>in</span> <span class='ocrx_word' id='word_1_218' title='bbox 1376 2456 1449 2476; x_wconf 80' lang='lat' dir='ltr'>ver-</span> 
     </span>
     <span class='ocr_line' id='line_1_28' title="bbox 69 2500 1451 2544; baseline -0.002 -11"><span class='ocrx_word' id='word_1_219' title='bbox 69 2503 160 2534; x_wconf 87' lang='lat' dir='ltr'>sione</span> <span class='ocrx_word' id='word_1_220' title='bbox 178 2513 254 2538; x_wconf 82' lang='lat' dir='ltr'>Lxx,</span> <span class='ocrx_word' id='word_1_221' title='bbox 273 2513 429 2544; x_wconf 85' lang='lat' dir='ltr'>nusquam</span> <span class='ocrx_word' id='word_1_222' title='bbox 445 2501 538 2532; x_wconf 85' lang='lat' dir='ltr'>nobis</span> <span class='ocrx_word' id='word_1_223' title='bbox 556 2501 711 2540; x_wconf 78' lang='lat' dir='ltr'>occurrit;</span> <span class='ocrx_word' id='word_1_224' title='bbox 728 2502 781 2533; x_wconf 81' lang='lat' dir='ltr'>sed</span> <span class='ocrx_word' id='word_1_225' title='bbox 799 2503 914 2543; x_wconf 80' lang='lat' dir='ltr'>quibus</span> <span class='ocrx_word' id='word_1_226' title='bbox 932 2501 1007 2531; x_wconf 80' lang='lat' dir='ltr'>locis</span> <span class='ocrx_word' id='word_1_227' title='bbox 1024 2501 1161 2542; x_wconf 75' lang='lat' dir='ltr'>Vuigata</span> <span class='ocrx_word' id='word_1_228' title='bbox 1180 2500 1277 2531; x_wconf 67' lang='lat' dir='ltr'>habet</span> <span class='ocrx_word' id='word_1_229' title='bbox 1295 2512 1451 2531; x_wconf 68' lang='lat' dir='ltr'>ecel-emo-</span> 
     </span>
     <span class='ocr_line' id='line_1_29' title="bbox 70 2555 1453 2601; baseline -0.002 -13"><span class='ocrx_word' id='word_1_230' title='bbox 70 2559 153 2599; x_wconf 84' lang='lat' dir='ltr'>nias,</span> <span class='ocrx_word' id='word_1_231' title='bbox 174 2558 205 2588; x_wconf 89' lang='lat' dir='ltr'>in</span> <span class='ocrx_word' id='word_1_232' title='bbox 225 2558 276 2589; x_wconf 81' lang='lat' dir='ltr'>itta</span> <span class='ocrx_word' id='word_1_233' title='bbox 291 2558 466 2601; x_wconf 75' lang='lat' dir='ltr'>reperimus</span> <span class='ocrx_word' id='word_1_234' title='bbox 480 2555 686 2594; x_wconf 69' lang='grc' dir='ltr'>ὃικαςιῶματκ</span> <span class='ocrx_word' id='word_1_235' title='bbox 696 2558 943 2601; x_wconf 74' lang='lat' dir='ltr'>justficationes</span> <span class='ocrx_word' id='word_1_236' title='bbox 957 2580 964 2593; x_wconf 85' lang='lat'><strong>‚</strong></span> <span class='ocrx_word' id='word_1_237' title='bbox 982 2557 1031 2586; x_wconf 79' lang='lat' dir='ltr'>vel</span> <span class='ocrx_word' id='word_1_238' title='bbox 1046 2556 1255 2596; x_wconf 68' lang='grc' dir='ltr'>προςοίγματα</span> <span class='ocrx_word' id='word_1_239' title='bbox 1266 2564 1431 2598; x_wconf 77' lang='lat' dir='ltr'>praecepca</span> <span class='ocrx_word' id='word_1_240' title='bbox 1444 2581 1453 2597; x_wconf 78' lang='lat'>,</span> 
     </span>
     <span class='ocr_line' id='line_1_30' title="bbox 71 2608 1104 2658; baseline 0.004 -17"><span class='ocrx_word' id='word_1_241' title='bbox 71 2616 120 2648; x_wconf 66' lang='lat' dir='ltr'>vel</span> <span class='ocrx_word' id='word_1_242' title='bbox 143 2610 280 2653; x_wconf 75' lang='grc' dir='ltr'>φυλακάς</span> <span class='ocrx_word' id='word_1_243' title='bbox 296 2614 472 2658; x_wconf 80' lang='lat' dir='ltr'>custodias,</span> <span class='ocrx_word' id='word_1_244' title='bbox 489 2615 539 2646; x_wconf 84' lang='lat' dir='ltr'>vel</span> <span class='ocrx_word' id='word_1_245' title='bbox 554 2612 693 2655; x_wconf 80' lang='grc' dir='ltr'>λατρείαν</span> <span class='ocrx_word' id='word_1_246' title='bbox 712 2615 905 2653; x_wconf 76' lang='lat' dir='ltr'>servitutem,</span> <span class='ocrx_word' id='word_1_247' title='bbox 924 2608 1025 2653; x_wconf 74' lang='grc' dir='ltr'>νόμον,</span> <span class='ocrx_word' id='word_1_248' title='bbox 1043 2619 1104 2646; x_wconf 83' lang='lat' dir='ltr'>etc.</span> 
     </span>
    </p>
   </div>
  </div>
 </body>
</html>
