1769 3235
332 252 425 310 408
730 269 766 296 s.
811 267 1057 300 AUGUSTIM
1095 271 1295 300 Episcopi

334 331 485 376 melius
527 330 751 377 demutata
791 332 1038 390 firmentum
1077 334 1274 398 profecto
1313 337 1452 394 major
1489 344 1550 380 est
1575 350 1704 381 causa

333 400 633 460 gratulationis
652 401 697 446 in
718 401 1120 464 speinaestimabilis
1140 403 1407 458 aeternitatis,
1428 420 1556 466 quam
1575 420 1704 449 causa

331 471 532 517 moeroris
556 472 599 517 iu
625 489 670 517 re
689 472 930 518 brevissimi
955 475 1175 538 temporis.
1204 476 1329 520 Hanc
1361 492 1480 537 spem
1509 491 1596 520 non
1618 474 1704 519 ha-

330 542 437 587 bent
465 553 611 601 gentes
634 543 867 589 nescientes
902 545 1153 609 Scripturas
1188 562 1327 609 neque
1349 545 1554 591 virtutem
1584 544 1666 590 Dei
1689 581 1700 599 ‚

327 613 403 674 qui
429 622 570 675 potest
593 612 765 674 perdita
786 631 986 677 reparare
1008 626 1049 660 et
1066 615 1287 660 vivificare
1310 613 1530 671 mortua¹‚
1553 625 1594 660 et
1612 613 1705 659 red-

324 683 536 743 integrare
557 695 764 747 corrupta
781 722 791 739 ‚
819 697 861 730 et
890 697 1086 749 separata
1113 687 1267 731 iterum
1300 691 1505 746 jungere,
1529 696 1571 731 et
1603 702 1700 731 cor-

326 765 454 816 rupta
477 764 606 817 atque
635 755 756 800 finita
775 755 982 818 deinceps
1000 756 1089 801 sine
1116 757 1200 801 fine
1224 774 1404 803 servare.
1433 757 1540 801 Haec
1561 755 1701 801 factu»

324 840 422 869 rum
444 841 486 870 se
513 842 598 871 esse
621 826 821 888 promisit
841 863 851 881 ‚
886 827 962 889 qui
987 844 1032 871 ex
1068 827 1135 872 his
1171 827 1300 872 tidem
1327 827 1451 884 feeit,
1488 843 1589 890 quae
1608 830 1698 886 jam

319 895 531 957 promissa
567 896 762 959 perfecit.
803 897 910 942 Haec
945 907 1088 943 tecum
1114 899 1428 943 sermocinetur
1453 897 1559 943 fides
1592 907 1663 942 tua
1689 934 1700 953 ‚

324 967 531 1029 quoniam
565 984 653 1012 non
674 966 955 1013 fraudabitur
987 985 1083 1032 spes
1112 979 1183 1014 tua
1200 1006 1211 1025 ,
1233 969 1310 1014 etsi
1341 985 1460 1015 nunc
1481 968 1706 1014 differatur

323 1037 517 1082 charitas
540 1047 629 1084 tua.
663 1038 772 1084 Haec
799 1038 1008 1084 meditare
1028 1077 1038 1094 ‚
1072 1039 1141 1085 his
1169 1040 1346 1086 uberius
1369 1050 1411 1085 et
1434 1040 1574 1085 verius
1597 1056 1706 1085 con-

323 1108 473 1154 solare.
505 1108 549 1153 Si
566 1109 680 1154 enim
706 1108 805 1172 quia
824 1110 984 1156 vestior
1003 1111 1243 1175 (quoniam
1270 1111 1341 1156 ille
1361 1128 1448 1156 non
1470 1109 1635 1174 potuit)
1657 1127 1706 1155 ea

325 1189 464 1235 veste,
488 1196 619 1243 quam
641 1179 765 1225 fratri
780 1191 988 1238 texueras,
1011 1192 1048 1227 te
1068 1181 1233 1245 aliquid
1251 1181 1500 1228 consolatur
1515 1199 1525 1238 3
1541 1190 1706 1243 quanto

328 1248 458 1294 debes
480 1250 668 1312 amplius
694 1260 736 1295 et
760 1252 920 1297 certius
947 1252 1191 1309 consolari,
1224 1253 1327 1315 quia
1351 1252 1421 1297 cui
1440 1250 1579 1296 fuerat
1596 1266 1706 1314 prae-

326 1331 478 1383 parata
495 1358 505 1378 ‚
531 1331 634 1365 tuuc
663 1321 994 1386 incorruptibili
1015 1323 1276 1369 indumento
1300 1322 1421 1368 nullo
1451 1339 1602 1382 egens,
1634 1321 1706 1367 in·-

328 1393 610 1454 corruptione
635 1402 763 1455 atque
793 1393 1118 1439 immortalitate
1142 1394 1359 1440 vestietur.

379 1492 388 1513 ¹
412 1490 518 1523 Matth
549 1502 632 1533 xxv,
651 1504 706 1533 29.
