1769 3235
328 292 418 342 522
747 308 780 335 s.
827 306 1071 337 anansrrm
1110 307 1313 338 EPlscm’l

326 445 1264 457 mmmmmw-sssmsus==s=====sx=x=mNn·
1276 448 1388 457 0=s===
1400 440 1707 458 xsszs-§'**Qv-w

865 542 1042 584 ‹1AP1‘T
1079 543 1164 584 Vll.

393 656 560 698 Contra
591 656 805 697 Faustam
842 656 1160 700 dilaniabantur,
1198 655 1302 696 libr-s
1334 657 1636 712 triginta-tres.

394 781 431 825 Ι.
471 780 658 826 CONTRA
694 784 928 826 Faustum
969 781 1294 826 Mamelzaewn
1328 781 1708 844 blasphemantem

330 854 490 911 Legem
514 860 556 896 et
575 850 821 913 Prophetas
839 887 849 905 ‚
880 859 921 894 et
948 866 1097 895 eorum
1130 850 1267 895 Deum
1299 861 1340 896 et
1365 851 1709 896 incarnationem

331 920 497 966 Christi
518 940 531 974 3
553 919 806 983 Scripturas
825 926 967 966 autem
993 920 1105 965 Novi
1126 921 1389 966 Testamenti
1413 920 1577 983 quibus
1603 928 1713 967 co'n-

331 991 546 1048 vincitur,
582 990 756 1036 falsatas
790 1006 876 1036 esse
901 990 1116 1036 dicentem
1135 1029 1144 1045 ‚
1173 991 1327 1054 scripsi
1360 989 1522 1051 grande
1552 991 1680 1056 Opus
1699 1028 1709 1046 ‚

332 1061 478 1107 verbis
503 1064 595 1121 ejus
619 1061 857 1125 propositis
893 1060 1077 1107 reddens
1108 1061 1407 1124 responsiones
1444 1078 1574 1108 measa
1618 1061 1714 1106 Tri-

333 1132 452 1192 ginta
477 1141 518 1177 et
547 1142 631 1177 tres
657 1131 974 1195 disputationes
1003 1142 1135 1187 sunt,
1168 1147 1276 1194 quas
1307 1132 1438 1177 etiam
1468 1131 1605 1178 libros
1636 1148 1717 1178 cur

332 1219 422 1249 non
442 1202 655 1248 dixerim?
683 1203 795 1249 Nam
820 1202 896 1248 etsi
921 1213 1021 1248 sunt
1052 1202 1097 1248 in
1117 1202 1175 1248 eis
1199 1202 1335 1266 aliqui
1354 1202 1586 1266 perbreves
1607 1240 1617 1256 ‚
1647 1212 1716 1248 ta-

332 1291 430 1319 men
453 1271 558 1319 libri
583 1283 698 1319 sunt.
738 1274 860 1319 Unus
893 1288 995 1318 vero
1032 1289 1182 1318 eorum
1207 1312 1217 1328 ‚
1244 1273 1323 1318 ubi
1346 1291 1370 1319 a
1405 1273 1533 1319 nobis
1556 1272 1715 1319 adver-

332 1360 428 1390 sum
461 1346 553 1404 ejus
576 1342 901 1389 criminationes
929 1342 1290 1388 patriarcharum
1319 1342 1408 1389 vita
1438 1342 1714 1399 defenditur,

334 1423 470 1459 tantae
490 1412 751 1477 prolixitatis
769 1423 850 1469 est,
880 1423 1059 1476 quantae
1079 1413 1224 1459 nullus
1246 1412 1333 1458 fere
1356 1413 1570 1460 librorum
1597 1418 1717 1460 meo-

341 1501 457 1531 rum.

403 1556 463 1601 II.
503 1555 554 1600 In
595 1554 711 1600 libro
745 1571 847 1616 ergo
881 1556 1006 1601 tertio
1040 1572 1141 1602 cum
1166 1555 1373 1601 solverem
1396 1555 1678 1620 quaestionem
1704 1593 1715 1611 ‚

337 1624 563 1689 quomodo
588 1625 782 1688 potuerit
808 1625 918 1672 duos
940 1627 1085 1689 patres
1102 1626 1265 1672 habere
1288 1626 1449 1690 Joseph
1467 1663 1481 1682 ,
1517 1625 1603 1672 dixi
1623 1626 1720 1689 qui-

338 1696 437 1742 dem
463 1694 596 1759 qaod
622 1714 682 1740 eac
705 1696 804 1741 alio
831 1708 974 1741 natus
995 1734 1006 1752 ,
1031 1697 1094 1741 ab
1118 1696 1212 1741 alio
1238 1698 1399 1755 fuerit
1431 1698 1721 1760 adoptatu55

338 1765 413 1812 sed
432 1778 565 1826 genus
587 1782 762 1829 quoque
787 1765 1038 1829 adoptionis
1069 1766 1212 1811 dicere
1231 1765 1365 1811 debui
1388 1784 1398 1811 :
1435 1767 1495 1813 sic
1515 1767 1629 1812 enirn
1648 1783 1694 1812 so
1709 1794 1721 1802 ·

340 1845 415 1882 nat
433 1835 555 1900 quod
579 1836 666 1881 dixi
687 1872 696 1892 ‚
724 1847 932 1900 tanquam
952 1854 1050 1882 eum
1077 1837 1202 1882 vivus
1222 1837 1497 1901 adoptaverit
1511 1837 1619 1884 alius
1639 1855 1723 1901 pa-

342 1906 450 1953 terl.
476 1909 562 1952 Lex
587 1917 730 1952 autem
760 1907 872 1954 filios
894 1909 1021 1954 etiam
1048 1908 1231 1953 mortuis
1263 1907 1504 1972 adoptabat
1522 1945 1533 1964 ‚
1565 1909 1725 1969 jubens

341 1988 393 2024 ut
410 1977 554 2023 fratris
569 1977 658 2022 sine
683 1977 782 2023 filiis
804 1978 964 2024 mortui
984 1978 1160 2024 duceret
1182 1978 1312 2024 frater
1332 1995 1524 2034 uxorem,
1542 1989 1583 2024 et
1604 1978 1725 2025 fratri

343 2047 550 2093 defuncto
589 2063 732 2093 semen
773 2065 820 2093 ex
858 2048 1006 2094 eadem
1035 2049 1292 2094 suscitaret:
1318 2061 1419 2113 quae
1442 2047 1639 2112 profecto
1671 2048 1725 2094 de

345 2118 519 2164 duobus
556 2118 685 2163 unius
708 2118 900 2164 hominis
926 2119 1128 2182 patribus
1153 2119 1396 2183 expeditior
1430 2120 1492 2165 ibi
1528 2119 1726 2165 redditur

344 2188 470 2235 ratio.
490 2189 657 2234 Uterini
681 2200 824 2235 autem
852 2190 1006 2236 fratres
1041 2190 1216 2235 fuerunt
1246 2191 1288 2235 in
1310 2191 1472 2254 quibus
1506 2191 1592 2235 hoc
1616 2207 1723 2235 con-

350 2259 473 2319 tigre,
518 2270 566 2304 ut
604 2260 731 2305 unius
772 2259 971 2306 defuncti
1006 2261 1081 2324 qui
1112 2262 1352 2306 vocabatur
1389 2260 1516 2315 Heli,
1540 2260 1725 2306 'duceret
1768 2295 1769 2322 ᾗ

345 2329 454 2375 alter
470 2323 646 2375 {uorem
663 2367 674 2384 ,
700 2330 744 2375 id
765 2341 827 2376 est
849 2331 1014 2387 Jacob,
1051 2349 1072 2376 a
1093 2348 1180 2394 quo
1212 2331 1450 2376 Matthaeus
1475 2340 1623 2376 narrat
1648 2346 1724 2389 ge·
1767 2348 1769 2354 ’

345 2400 487 2446 nitum
511 2417 599 2447 esse
621 2401 785 2465 Joseph
811 2420 820 2447 :
859 2402 932 2449 sed
952 2403 1122 2448 uterino
1144 2402 1267 2448 fratri
1297 2419 1373 2448 suo
1407 2419 1504 2448 eum
1539 2401 1688 2462 genuit
1710 2438 1720 2456 ‚
1767 2399 1769 2438 ἶ

345 2474 470 2531 cujus
491 2471 629 2518 filium
648 2473 790 2519 Lucas
814 2473 923 2520 dicit
946 2473 1076 2520 fuisse
1100 2473 1264 2537 Joseph
1283 2509 1294 2529 ,
1322 2490 1408 2519 non
1433 2473 1584 2535 utique
1602 2472 1725 2533 geni-

346 2551 439 2587 tum
457 2577 468 2597 ,
498 2541 571 2587 sed
594 2560 641 2588 ex
665 2544 777 2604 Lege
801 2544 1072 2608 adoptivum.
1102 2545 1196 2590 Hoc
1227 2545 1271 2590 in
1297 2561 1446 2590 eorum
1473 2543 1625 2589 litteris
1650 2543 1724 2589 in-

392 2633 401 2655 ¹
423 2635 517 2665 Deut.
542 2644 619 2672 xxv,
642 2637 674 2668 5.
