1769 3235
572 294 785 326 mus‘rom
822 295 889 327 ce.
1342 279 1430 341 ¹39

44 460 228 478 mmm
244 456 1426 473 masmunmtqu-wuxmmfflmwumnw*mua-§W

525 568 792 614 EPISTOLA
827 567 894 611 CC
909 568 939 610 ¹.

41 696 212 740 Domino
241 694 386 736 illustri
417 703 457 733 et
488 694 632 733 merito
651 693 978 746 praestantissimo
998 701 1118 746 atque
1137 694 1176 731 in
1196 694 1342 732 Christi
1364 693 1427 732 di-

93 759 258 798 lectione
286 757 515 797 charissimo
549 755 631 794 filio
665 755 872 801 vimmo,
907 755 1148 793 Auousrmus
1183 755 1221 792 in
1255 755 1428 795 Domino

97 818 279 862 salutem.

43 944 319 1002 Augustinus
357 941 538 983 Valerio
567 941 746 989 comici,
780 939 1085 981 transmittens
1114 951 1424 996 nuncupatum

109 1012 194 1067 ipsi
217 1011 382 1055 librum
400 1010 605 1067 primum
628 1009 678 1050 de
699 1007 883 1065 Nuptiis
903 1018 942 1049 ec
967 1007 1355 1064 Concupiscentia.

104 1147 140 1192 I.
172 1146 275 1191 Cen
299 1145 375 1190 diu
412 1144 588 1190 moleste
625 1144 831 1190 haberem
864 1144 987 1208 quod
1023 1144 1250 1208 aliquoties
1279 1144 1420 1208 scrip-

40 1216 182 1271 serim,
209 1226 251 1261 et
273 1215 392 1261 nulla
410 1225 498 1260 tuae
518 1214 800 1260 sublimitatis
829 1215 1040 1278 rescripta
1076 1215 1328 1269 meruerim,
1352 1232 1424 1260 re-

39 1297 169 1350 pente
189 1285 404 1349 Epistolas
424 1296 507 1331 tres
528 1296 614 1330 tuae
628 1284 908 1345 benignitatis
925 1286 1090 1348 accepi,
1110 1286 1244 1329 Unam
1263 1302 1351 1330 non
1367 1285 1420 1330 acl

39 1374 107 1403 me
125 1356 261 1402 solum
285 1357 431 1402 datam
453 1374 532 1420 per
559 1357 877 1420 coepiscopum
907 1373 1051 1402 meum
1068 1355 1383 1402 Vindemialem
1400 1393 1409 1409 ‚

39 1438 80 1473 et
97 1444 187 1473 non
210 1427 337 1487 longe
366 1438 466 1491 post
490 1429 896 1490 compresbyterum
942 1428 1138 1473 Firmum
1186 1427 1312 1482 duas,
1345 1428 1422 1491 qui

40 1498 105 1544 vir
131 1508 305 1543 sanctus
328 1499 540 1561 nobisque
573 1509 620 1544 ut
641 1499 696 1544 ab
715 1498 791 1543 illo
831 1498 939 1543 scire
960 1498 1161 1561 potuisti,
1183 1497 1420 1543 familaris-

39 1569 143 1614 sima
167 1569 379 1614 charitate
396 1574 673 1629 conjunctus,
696 1568 832 1615 multa
852 1569 1081 1614 nobiscum
1105 1568 1158 1613 de
1180 1580 1253 1614 tua
1279 1568 1420 1613 excel-

37 1639 168 1685 lentia
192 1639 499 1703 colloquendo,
525 1651 567 1685 et
585 1641 792 1685 veraciter
811 1639 1094 1697 insinuando,
1113 1639 1286 1703 qualem
1312 1650 1353 1684 te
1374 1640 1419 1684 in

40 1710 207 1756 Christi
228 1711 466 1756 visceribus
495 1711 679 1767 noverit,
706 1728 793 1756 non
821 1709 957 1755 solum
988 1727 1055 1756 eas
1076 1727 1184 1774 quas
1203 1726 1420 1755 memora-

38 1791 108 1826 tus
133 1780 383 1844 episcopus,
403 1781 466 1827 vel
487 1798 594 1844 quas
612 1781 705 1844 ipse
731 1780 894 1836 attulit,
917 1780 990 1826 sed
1017 1781 1147 1825 etiam
1174 1780 1269 1825 illas
1312 1797 1420 1843 quas

37 1868 126 1897 non
147 1852 362 1915 accepisse
400 1852 718 1915 querebamur,
749 1852 915 1897 litteras
938 1851 1057 1898 vicit.
1088 1853 1143 1897 Et
1167 1851 1264 1896 ideo
1288 1850 1342 1896 de
1379 1861 1418 1895 te

38 1922 228 1969 narratio
246 1927 338 1983 ejus
353 1923 528 1970 suavior
543 1923 670 1969 nobis
693 1933 800 1978 erat,
825 1924 929 1986 quia
952 1939 998 1968 ea
1013 1922 1190 1968 dicebat
1209 1938 1310 1985 quae
1327 1920 1419 1984 ipse

37 2009 125 2038 non
149 2010 310 2056 posses,
332 2010 385 2039 ne
397 1993 575 2057 quidem
608 1994 951 2057 meinquirente‚
974 1993 1229 2048 rescribere,
1252 2009 1304 2037 ne
1318 2003 1419 2037 tua-

37 2079 135 2110 rum
154 2063 352 2120 laudum,
368 2081 456 2127 quo
482 2075 629 2110 sancta
650 2065 877 2128 Scriptura
898 2064 1125 2128 prohibet,
1147 2064 1270 2109 fieres
1300 2079 1420 2125 pree-

37 2132 207 2179 dicator
224 2131 256 2180 ².
295 2134 561 2198 Quanquam
595 2145 637 2180 et
663 2152 741 2195 ego
763 2152 912 2181 verear
928 2134 1027 2180 haec
1056 2135 1110 2180 ad
1133 2145 1174 2180 te
1198 2133 1386 2180 scrihere
1402 2171 1412 2189 ‚

38 2221 91 2249 ne
113 2204 404 2268 suspicionem
428 2205 645 2251 adulantis
676 2206 917 2263 incurram,
951 2206 1136 2251 Domine
1161 2204 1340 2251 illustris
1377 2215 1418 2249 et

39 2275 190 2322 merito
220 2276 592 2338 praestantissime,
625 2287 756 2340 atque
787 2278 832 2323 in
861 2276 1028 2323 Christi
1048 2276 1280 2322 dilectione
1307 2274 1418 2320 cha—

37 2346 201 2391 rissime
225 2345 301 2393 fili.

104 2416 163 2463 ΙΙ.
194 2416 367 2463 Laudes
404 2417 553 2482 itaque
577 2428 674 2464 tuas
708 2418 755 2464 in
799 2418 996 2475 Christo,
1033 2418 1121 2465 sive
1145 2418 1282 2478 magis
1306 2418 1349 2463 in
1380 2426 1420 2462 te

87 2515 96 2537 ¹
118 2517 167 2546 Ex
187 2528 215 2556 7.
244 2519 347 2548 Tomo
365 2518 508 2559 priorum
531 2517 608 2552 edit.
630 2518 758 2561 praefixa
783 2519 841 2551 lib.
860 2530 887 2551 1.
906 2519 945 2550 de
963 2518 1116 2561 Nuptiis3
1143 2529 1213 2561 qnae
1232 2528 1329 2560 porro
1352 2527 1417 2547 200

39 2575 106 2601 erat
121 2595 128 2608 ‚
147 2581 231 2602 nune
254 2573 330 2612 196,
351 2591 394 2597 —-
416 2573 552 2619 Scripta}
570 2574 694 2607 videtur
713 2581 851 2607 exeunte
874 2585 926 2608 an.
951 2575 1017 2611 418
1052 2580 1106 2607 aut
1133 2575 1264 2606 ineunte
1280 2578 1357 2612 4¹9·
1379 2590 1423 2596 -—-

38 2623 158 2659 2Ρνογ.
180 2637 279 2665 xxvu,
299 2640 330 2660 2.
