1769 3235
535 298 745 329 EPISTOLA
781 299 878 331 cxc.
1324 287 1385 335 33

17 377 163 415 catum
187 367 314 415 fuerit
342 375 438 411 ante
462 363 685 427 captivus,
716 364 830 411 sicut
853 364 1065 428 scriptum
1083 377 1146 412 est
1169 386 1179 412 ε
1209 389 1229 409 «
1249 368 1294 414 Si
1313 383 1389 415 vos

19 460 40 482 >³
63 438 198 485 Filius
217 436 496 492 liberaverit,
522 452 620 483 vere
642 435 767 482 liberi
789 435 948 482 eritis¹.
971 457 992 477 ³>
1009 437 1092 482 Per
1109 437 1251 500 ipsum
1271 441 1386 487 enim

17 509 281 556 renascimur
301 505 568 571 spiritaliter,
593 523 671 569 per
695 506 841 569 ipsum
875 506 1177 567 crucifigimur
1200 510 1382 559 mundo.

19 579 161 643 Ipsius
179 591 316 626 morte
335 577 483 623 mortis
512 577 566 622 ab
585 576 723 622 Adam
746 577 950 623 omnibus
974 578 1100 623 nobis
1124 578 1390 629 introductae

21 660 147 712 atque
178 648 434 695 transmissae
463 647 674 693 universae
700 647 856 692 animae
874 647 986 693 illud
1016 650 1257 712 propagine
1284 668 1392 698 con-

20 730 206 766 tractum
227 719 574 782 chirographum
600 718 840 781 rumpitur,
863 717 906 763 in
936 735 1023 782 quo
1047 719 1193 765 nullus
1217 723 1395 770 omnino

21 801 223 838 natorum
243 828 254 846 ,
275 800 506 853 antequam
534 806 612 852 per
632 788 899 852 baptismum
918 789 1145 847 liberetur,
1170 808 1256 838 non
1277 803 1399 840 tene-

23 872 93 908 tur
108 862 332 908 obnoxius.
350 860 365 924 ]
391 863 441 905 ln
455 859 524 906 his
545 859 688 907 verbis
707 859 956 923 apostolicae
977 859 1099 906 Sedis
1117 871 1203 907 tam
1220 865 1399 929 antiqua

25 942 150 996 atque
167 931 349 978 fundata
371 941 486 977 certa
501 941 542 976 et
559 930 674 976 clara
699 941 762 976 est
780 930 998 977 catholica
1018 931 1124 978 fides
1144 943 1190 979 ut
1210 934 1327 982 nefas
1347 937 1401 983 sit

25 1003 79 1049 de
98 1003 171 1049 illa
192 1003 397 1050 dubitare
422 1002 688 1049 Christiano,

91 1074 251 1121 XXIV.
284 1073 502 1130 Quoniam
531 1090 629 1134 ergo
660 1083 798 1119 morte
832 1073 1016 1131 Christi,
1047 1091 1134 1120 non
1165 1076 1291 1123 unius
1329 1089 1407 1125 aut

28 1144 290 1209 aliquarum,
315 1144 389 1189 sed
422 1144 633 1189 universae
658 1144 816 1189 animae
849 1144 1092 1208 propagine
1131 1157 1408 1194 contractum

29 1214 177 1262 mortis
194 1213 541 1277 chirographum
575 1215 814 1276 rumpitur,
839 1215 873 1258 si
899 1225 1018 1276 potes
1040 1216 1203 1262 animas
1222 1217 1283 1263 sic
1304 1219 1412 1264 alie-

0 1298 2 1354 ρ
31 1303 106 1333 nas
127 1304 149 1331 a
174 1285 414 1349 propagine
439 1283 699 1339 defendere,
742 1294 791 1329 ut
817 1294 959 1330 tamen
984 1285 1068 1331 hoc
1087 1286 1406 1352 chirographo,

33 1355 153 1422 quod
177 1356 265 1402 sola
298 1355 462 1401 Christi
496 1365 630 1400 morte
657 1355 953 1418 rumpendum
976 1366 1054 1411 est,
1080 1357 1316 1404 rectissima
1335 1376 1410 1405 ra-

1 1382 7 1492 i
34 1427 148 1474 tione
182 1426 532 1472 demonstrentur
573 1425 812 1481 obstrictae,
842 1442 921 1470 nec
952 1442 1028 1471 sua
1057 1427 1313 1490 propagine,
1337 1430 1412 1476 sed

5 1502 9 1561 ξ
36 1497 177 1545 carnis
203 1497 290 1542 hoc
311 1496 460 1542 debito
489 1500 605 1557 juste
627 1506 869 1559 appareant
892 1495 1125 1556 obligatae3
1155 1514 1242 1543 non
1270 1499 1410 1547 solum

8 1591 11 1632 'Q
36 1568 205 1615 nemine
228 1567 493 1631 prohibente
520 1566 719 1621 defende,
760 1566 1042 1613 verumetiam
1066 1567 1111 1613 id
1147 1569 1275 1615 nobis
1297 1587 1414 1634 quo-

10 1661 14 1703 y
37 1638 168 1687 modo
190 1649 333 1685 tecum
362 1638 817 1716 defcnderepossimus
841 1637 1032 1687 ostende.
1060 1638 1103 1685 Si
1124 1650 1266 1687 autem
1294 1642 1416 1689 aliter

13 1715 124 1798 *non
153 1720 274 1774 potes
296 1709 415 1774 quod
448 1709 501 1755 de
526 1710 768 1754 animarum
803 1708 995 1754 novitate
1032 1709 1178 1767 sentis,
1212 1728 1410 1771 asserere,

39 1798 119 1829 11151
144 1791 273 1827 uteas
306 1780 425 1827 dicas
448 1791 631 1845 peccato
657 1779 789 1845 primi
813 1779 1005 1825 hominis
1039 1797 1126 1826 non
1161 1784 1322 1837 teneri3
1342 1795 1418 1831 aut

40 1871 117 1918 per
137 1854 420 1918 propaginem
440 1871 525 1900 non
550 1870 691 1909 suam,
719 1852 792 1898 sed
824 1853 983 1908 carnis,
1011 1864 1187 1901 auctore
1214 1856 1322 1914 Deo,
1350 1859 1419 1906 vel

40 1924 184 1970 nescio
201 1941 288 1989 qua
309 1924 410 1971 mali
430 1935 603 1979 natura,
622 1923 993 1970 innocentissimas
1010 1924 1098 1970 fieri
1119 1928 1381 1989 peccatrices
1401 1947 1412 1975 ε

41 1994 192 2041 melius
213 1994 334 2055 origo
359 1995 513 2041 animae
537 1994 659 2051 latet,
692 1993 799 2040 dum
831 2004 975 2040 tamen
995 2012 1087 2041 eam
1120 2013 1209 2043 non
1232 1997 1414 2047 dubite-

41 2081 137 2111 mus
158 2065 233 2111 Dei
269 2083 354 2111 esse
377 2076 619 2111 creaturam
661 2081 792 2129 quam
818 2064 886 2111 vel
925 2065 1038 2111 Deus
1074 2068 1416 2129 peccatiauctor

0 2171 3 2195 ι
44 2135 231 2192 dicatur,
254 2136 320 2182 vel
338 2148 491 2183 contra
514 2139 653 2183 Deum
689 2136 827 2182 aliena
852 2135 953 2181 mali
978 2148 1131 2183 natura
1153 2138 1415 2189 introduca-

0 2238 7 2266 3
45 2216 130 2262 tur,
147 2206 211 2252 vel
236 2207 454 2270 baptisma
475 2206 944 2271 parvulorumirritum
965 2206 1169 2257 ducatur.

108 2278 250 2324 XXV.
276 2279 335 2324 Ut
353 2289 494 2324 autem
513 2289 553 2324 et
572 2297 594 2323 ι
616 2295 681 2323 me
706 2289 778 2324 tua
800 2277 977 2323 dilectio
1002 2278 1157 2325 dehac
1178 2284 1418 2344 quaestione

2 2391 13 2399 ,
48 2346 210 2414 aliquid
246 2349 395 2395 audiat
422 2349 673 2401 definitum,
697 2366 783 2394 non
808 2348 931 2412 parvi
969 2349 1282 2409 aetimandum,
1329 2354 1419 2402 imo

0 2420 268 2489 praecipue
294 2421 577 2466 necessarium
606 2430 734 2483 atque
772 2419 1066 2477 retinendum,
1088 2423 1422 2484 quomodolibet

0 2524 18 2554 m
50 2506 91 2537 se
112 2491 231 2552 origo
251 2491 413 2538 habeat
436 2492 699 2547 animarum,
724 2492 811 2537 sive
831 2508 877 2537 ex
906 2491 979 2537 illa
1002 2508 1105 2548 una,
1128 2493 1214 2541 sive
1234 2513 1280 2541 ex
1300 2498 1420 2545 nulia

0 2580 22 2625 i·
54 2559 130 2609 alia
150 2573 471 2626 propagentur3
490 2561 743 2609 Mediatoris
761 2572 900 2609 tamen
918 2562 1160 2611 animarum
1180 2565 1350 2616 nullum
1370 2586 1420 2617 ex

2 2668 22 2696 Π,
99 2643 109 2667 ¹
128 2645 222 2677 Joan.
243 2656 312 2682 vm,
328 2647 384 2678 36.

181 2716 364 2747 cxm'm.
1272 2706 1298 2751 3
