1769 3235
11 348 14 351 .
43 245 51 356 i
426 303 831 338 RETRACTATIONUM
865 307 953 338 Liss.
995 308 1028 338 1.
1342 297 1437 360 439

9 370 15 436 j
71 371 236 436 criptus
262 381 345 427 est,
374 387 454 416 nec
479 369 627 415 adhuc
662 370 780 434 apud
807 371 994 436 aliquem
1018 373 1235 436 integrum
1258 377 1439 424 invene-

8 490 12 507 ἰ
69 459 160 489 ram
178 479 190 498 ‚
216 459 263 488 ex
294 458 382 506 quo
406 439 677 486 emendarem
703 478 714 496 ,
745 442 923 505 quando
949 443 1048 490 haec
1077 448 1323 495 retractavi.
1353 448 1439 496 Hic

2 571 10 577 -
69 511 184 560 liber
213 513 273 559 sic
290 511 448 576 incipit
469 528 480 556 ε
506 516 554 558 Sc
575 510 968 576 adplzc‘losoplzc'ce
990 527 1198 578 porcum.

0 700 6 709 ,‚
65 687 1434 706 mmmmmmmmmmmmmmmmmnsmmmm

597 799 772 844 CAPUT
804 800 874 844 111.

472 932 537 975 De
572 931 742 974 Ordine
776 932 882 975 libri
913 933 1012 977 duo.

121 1075 156 1122 I.
197 1075 291 1125 PER
329 1075 446 1124 idem
489 1088 663 1142 tempus
702 1079 814 1125 inter
849 1079 945 1126 illos
981 1078 1059 1143 qui
1085 1077 1138 1125 de
1165 1078 1437 1127 Academicis

56 1146 207 1210 scripti
246 1159 375 1205 sunt,
405 1148 515 1195 duos
540 1150 666 1196 etiam
706 1150 842 1197 libros
879 1152 938 1196 cle
975 1151 1155 1197 Ordine
1182 1151 1364 1215 scripsi,
1389 1151 1436 1197 in

55 1217 216 1285 quibus
249 1236 403 1279 magna
432 1221 615 1283 quaestio
643 1231 837 1267 versatur
855 1259 865 1277 ,
902 1232 1048 1266 utrum
1076 1223 1220 1267 omnia
1249 1221 1368 1266 bona
1392 1232 1435 1266 et

55 1287 166 1334 mala
197 1288 358 1336 divinae
392 1292 681 1354 providentiae
706 1292 814 1338 ordo
839 1292 1074 1338 contineat.
1106 1291 1190 1337 Sed
1214 1308 1315 1336 cum
1340 1308 1432 1337 rem

54 1357 244 1405 viderem
265 1360 321 1406 ad
343 1361 673 1423 intelligendum
692 1362 932 1417 difficilem,
958 1363 1057 1408 satis
1078 1379 1190 1422 aegre
1211 1361 1266 1407 ad
1281 1378 1431 1407 eorum

52 1422 401 1492 Perceptione1n,
446 1450 545 1478 cum
582 1433 743 1496 quibus
772 1433 951 1492 agebam
971 1469 983 1487 ,
1011 1431 1278 1495 disputando
1306 1448 1430 1494 posse

51 1500 253 1563 perduci,
280 1502 333 1547 de
350 1502 503 1549 ordine
527 1503 729 1550 studendi
747 1501 1034 1567 loquimalui‚
1059 1519 1148 1566 quo
1170 1519 1193 1548 a
1213 1519 1428 1566 corpora-

50 1570 166 1617 libus
191 1571 243 1617 ad
268 1572 559 1636 incorporalia
580 1584 721 1637 potest
744 1573 917 1637 profici.

115 1642 174 1689 Il.
216 1643 376 1689 Verum
401 1655 443 1690 et
476 1645 522 1691 in
547 1645 615 1691 his
635 1644 758 1690 libris
780 1643 984 1708 displicet
1002 1643 1118 1690 mihi
1149 1660 1264 1707 saepe
1287 1644 1427 1690 inter·-

47 1712 241 1777 positum
264 1717 486 1774 fortulae
519 1715 801 1762 vocabulum.
837 1716 893 1760 Et
929 1714 1051 1778 quod
1085 1731 1173 1760 non
1210 1713 1428 1761 addebam

49 1787 280 1848 corporis,
322 1785 501 1848 quando
539 1803 686 1831 sensus
721 1785 919 1848 corporis
948 1784 1185 1831 nominavi.
1227 1786 1282 1830 Et
1306 1785 1427 1849 quod

47 1855 236 1901 multum
259 1857 393 1902 tribui
413 1857 671 1903 liberalibus
697 1856 969 1920 disciplinis,
1000 1873 1107 1919 quas
1133 1855 1261 1902 multi
1286 1857 1424 1903 sancti

47 1926 231 1974 multum
254 1929 452 1989 nesciunt
472 1949 484 1983 3
510 1927 691 1991 quidam
712 1927 842 1972 etiam
863 1964 873 1984 ,
896 1927 973 1991 qui
992 1926 1136 1973 sciunt
1167 1944 1261 1983 eas,
1286 1927 1425 1973 sancti

46 2015 130 2043 non
159 2010 273 2045 sunt.
307 2003 360 2044 Et
383 1999 502 2062 quod
534 2004 697 2044 illusas
722 1999 847 2063 quasi
872 1998 1036 2062 aliquas
1060 1997 1159 2043 deas
1180 2035 1190 2054 ‚
1224 1998 1424 2061 quamvis

0 2050 2 2130 l
39 2068 244 2129 Jocando‚
257 2069 611 2115 commemoravi.
634 2069 691 2115 Et
705 2068 824 2132 quod
840 2069 1229 2123 mltnimtimzenz,
1250 2072 1423 2114 vitium

0 2134 1 2138 ¹
44 2135 313 2203 nuncupavi.
346 2141 400 2185 Et
426 2140 544 2204 quod
572 2139 862 2203 philosophos
891 2157 979 2185 non
1000 2155 1099 2184 vera
1121 2139 1280 2202 pietate
1299 2156 1423 2202 prae*

44 2209 175 2265 ditos,
206 2209 292 2256 dixi
314 2210 488 2256 virtutis
513 2211 610 2256 luce
630 2209 810 2257 fulsisse.
841 2210 894 2255 Et
912 2209 1030 2273 quod
1051 2211 1172 2255 duos
1192 2210 1417 2266 mundos,

45 2279 191 2326 mmm
217 2282 483 2327 sensibilem
497 2320 507 2337 ,
529 2282 733 2327 alterum
753 2281 1108 2345 intellcgz‘bilem,
1133 2297 1221 2326 non
1240 2297 1287 2326 ex
1311 2280 1419 2326 Pla-

42 2353 155 2399 tonis
175 2353 241 2399 vel
268 2371 315 2399 ex
339 2354 669 2400 Platonicorum
693 2370 895 2417 persona,
924 2352 997 2398 sed
1017 2370 1064 2399 ex
1092 2369 1186 2398 mea
1213 2352 1272 2398 sic
1295 2369 1418 2399 com-

41 2424 268 2482 mendavi,
308 2437 516 2489 tanquam
538 2426 627 2472 hoc
660 2425 789 2471 etiam
814 2424 1026 2470 Dominus
1053 2423 1296 2483 significare
1328 2440 1412 2469 vo-

41 2493 195 2552 luerit,
224 2498 328 2560 quia
351 2514 436 2543 non
461 2498 518 2542 ait
539 2514 548 2541 :
577 2497 776 2557 Regnum
802 2512 947 2541 meum
967 2511 1055 2540 non
1073 2504 1134 2539 est
1149 2493 1203 2540 de
1220 2493 1414 2540 mundo:

42 2566 138 2625 sed,
163 2587 184 2608 «
206 2569 406 2628 Regnum
440 2585 583 2613 meum
613 2585 701 2614 non
732 2578 794 2614 est
818 2566 870 2613 de
898 2566 985 2612 hoc
1021 2565 1186 2613 mundo
1204 2565 1248 2621 13
1270 2588 1291 2609 »
1317 2583 1418 2614 cum

90 2652 100 2673 ¹
128 2654 222 2684 Joan.
241 2662 338 2689 Χῖαι,
355 2653 409 2684 36.
