1769 3235
325 279 418 336 364
745 294 780 322 5.
822 291 1067 323 Aususrmt
1102 293 1304 324 EPISCOPI

320 377 419 405 rum
450 376 502 405 ne
535 358 627 404 auri
654 357 830 422 quidem
860 358 1072 422 vestisque
1092 376 1284 423 pompa,
1319 359 1390 405 sed
1419 378 1555 407 mores
1589 360 1695 409 boni
1734 406 1738 415 ,
1766 395 1769 411 ,

323 440 437 476 sunt.

386 501 443 545 Il.
478 498 727 545 Execranda
752 510 894 546 autem
915 502 1165 564 superstitio
1184 501 1466 561 ligaturarum
1487 540 1498 557 ‚
1520 503 1564 548 in
1589 503 1691 567 qui·
1767 540 1769 549 Α

320 570 402 615 bus
426 570 552 614 etiam
587 570 756 617 inaures
781 570 971 616 virorum
995 573 1037 616 in
1068 572 1245 617 summis
1264 589 1309 616 ex
1332 589 1414 617 una
1437 584 1559 635 parte
1577 574 1695 619 auri·
1738 597 1741 629 J

321 641 430 687 culis
454 658 672 704 suspensae
709 641 994 704 deputantur.
1021 659 1107 686 non
1139 641 1189 686 ad
1212 642 1471 704 placendum
1500 644 1694 690 homini-

321 712 404 757 bus
421 749 431 767 ‚
470 711 542 757 sed
577 711 630 757 ad
667 712 940 758 serviendum
979 713 1257 758 daemonibus
1296 713 1547 762 adhibetur.
1587 715 1696 770 Quis
1740 729 1743 776 ξ

323 793 463 827 autem
491 782 624 846 possit
646 782 850 845 speciales
868 781 1130 827 nefariarum
1152 783 1511 845 superstitionum
1534 784 1694 847 prohi-
1741 817 1744 823 ,.

320 852 506 898 bitiones
523 853 565 898 in
580 854 818 916 Scripturis
836 852 1051 904 invenire,
1075 869 1175 897 cum
1195 853 1449 912 generaliter
1465 853 1695 916 Apostolus
1742 878 1745 910 3

321 924 439 969 dicat
458 961 467 979 ‚
493 945 512 964 «
542 923 650 968 Nolo
686 940 760 968 vos
796 922 934 968 socios
967 923 1058 967 sieri
1097 922 1413 968 daemoniorum
1432 923 1483 969 tp
1507 946 1526 965 υ
1550 935 1590 969 et
1612 924 1695 970 ite-
1742 927 1746 947 ²

319 1011 446 1050 rum,
487 1014 507 1035 «
539 994 651 1050 Quae
677 995 791 1039 enim
832 994 1114 1038 consonantia
1148 993 1312 1039 Christi
1341 993 1394 1039 ad
1435 993 1640 1040 Belial².³
1674 1017 1694 1036 υ
1744 1032 1746 1037 .

318 1066 408 1110 Nisi
439 1064 550 1110 forte
579 1065 682 1127 quia
706 1064 837 1109 Belial
863 1063 1135 1114 nominavit,
1175 1073 1216 1109 et
1253 1064 1491 1124 generalem
1512 1065 1695 1110 societa-
1745 1094 1769 1108 .-

318 1145 401 1180 tem
423 1135 741 1181 daemoniorum
767 1134 1023 1198 prohibuit,
1047 1134 1148 1180 licet
1174 1135 1431 1180 Christianis
1455 1136 1695 1181 sacrificare
1746 1166 1747 1174 κ

319 1206 524 1268 Neptuno
543 1242 552 1257 ,
590 1205 692 1268 quia
724 1204 836 1250 nihil
861 1205 1039 1268 proprie
1068 1204 1121 1250 cle
1147 1205 1352 1268 Neptuno
1376 1204 1555 1250 vetitum
1585 1205 1694 1265 legi-

318 1292 427 1322 mus,
473 1277 733 1321 Moneantur
755 1275 928 1321 interim
950 1275 1121 1331 miseri,
1156 1287 1204 1321 ut
1227 1276 1260 1320 si
1290 1276 1590 1338 obtemperare
1610 1292 1694 1320 no·

317 1346 413 1392 lunt
442 1347 674 1410 praeceptis
706 1346 1050 1401 salubrioribus,
1078 1346 1227 1392 saltem
1261 1345 1480 1406 sacrilegia
1510 1362 1586 1392 sua
1607 1361 1694 1392 non

317 1417 574 1470 defendant,
601 1435 654 1463 ne
679 1417 830 1477 majori
862 1434 904 1462 se
939 1417 1096 1463 scelere
1120 1416 1364 1479 implicent.
1397 1415 1518 1474 Quid
1549 1426 1693 1463 autem

316 1504 416 1534 curn
439 1489 496 1534 eis
521 1488 735 1549 agendum
756 1488 829 1534 sit.
849 1488 882 1534 si
901 1488 1063 1534 solvere
1087 1488 1256 1533 inaures
1274 1488 1449 1542 timent,
1470 1496 1512 1532 et
1535 1503 1695 1551 corpus

319 1559 483 1605 Christi
510 1576 608 1604 curn
626 1560 747 1620 signo
769 1558 932 1605 diaboli
963 1559 1162 1622 accipere
1182 1575 1268 1603 non
1288 1558 1472 1603 timent?
1494 1561 1559 1603 De
1578 1556 1694 1603 ordi-

317 1629 463 1676 nando
485 1640 626 1675 autem
648 1632 724 1694 qui
750 1630 792 1676 in
813 1641 936 1694 parte
956 1630 1115 1675 Donati
1147 1630 1393 1693 baptizatus
1411 1628 1521 1684 est-³,
1542 1640 1694 1675 auctor

319 1702 398 1747 tibi
421 1717 506 1746 esse
537 1717 624 1746 non
655 1719 848 1765 possum.
887 1701 1018 1748 Aliud
1047 1712 1108 1748 est
1140 1702 1252 1747 enim
1271 1700 1410 1747 facere
1436 1700 1469 1745 si
1493 1699 1689 1760 cogaris,

317 1772 435 1819 aliud
455 1771 677 1819 consulere
701 1784 749 1819 ut
771 1772 916 1820 facias,

367 1876 376 1897 ¹
402 1887 413 1906 1
449 1876 526 1906 Cor.
556 1885 588 1908 x,
610 1885 662 1905 20.
691 1893 729 1898 —-
750 1872 830 1906 ²1d.
863 1885 918 1913 vr,
953 1875 1006 1907 15.
1023 1891 1068 1897 -
1094 1870 1109 1895 3
1137 1872 1222 1904 vide
1247 1872 1305 1904 lib.
1327 1883 1359 1905 2.
1390 1876 1501 1903 contra
1517 1871 1664 1903 Crescon.
1681 1895 1691 1912 ‚

314 1942 383 1976 cap.
404 1932 457 1963 13.

1747 1355 1751 1424 ἱ

1748 1434 1752 1504 l

1748 1506 1753 1584 ἰ

1749 1585 1753 1653 l

1750 1659 1754 1734 ἱ

1751 1753 1755 1829 ἓ

1752 1835 1756 1887 l

1752 1890 1757 1926 ε

1753 1932 1757 2016 ἓ
