1769 3235
8 378 12 406 Ι

7 466 11 538 ξ

7 539 11 608 ὲ

534 280 746 318 nmsrotA
783 287 929 322 ccxix.
1328 278 1419 345 239

55 446 1050 468 mummmmuumxmmumnszmsnmaezzz-«1
1056 459 1212 471 νιιινιιι
1218 461 1354 472 ινιιιπι
1361 462 1419 474 m

478 564 742 610 EPISTOLA
777 565 959 611 CCXIX
977 570 1006 612 ¹.

50 692 313 733 Dilectissimis
339 701 379 731 et
397 692 655 731 honoralibus
678 693 869 733 fratribus
896 703 935 733 et
954 697 1298 737 consacerdotibus
1316 699 1423 736 Pao-

101 768 194 793 οπο
216 762 256 792 et
274 753 481 802 CrmNNIo,
518 755 712 793 Annemus
731 784 739 799 ,
770 756 1014 796 Auousmus
1034 770 1069 802 22
1083 763 1113 806 ι)
1127 785 1137 804 ‚
1154 758 1396 797 Fromzurms
1410 789 1421 809 ‚

101 822 140 854 et
160 816 403 854 Srcumnmus
425 816 465 854 in
489 816 660 855 Domino
682 816 864 856 salutem.

51 956 322 1014 Augustinus
343 957 512 1010 aliique
536 954 754 1010 Africani
781 966 929 1012 patres
952 957 1188 1001 Gallicanis
1213 961 1423 1017 episcopis

107 1023 292 1066 Proculo
311 1033 350 1064 et
377 1023 583 1081 Cylinnz'o
600 1056 609 1074 ‚
639 1024 717 1078 (μιί
732 1023 967 1080 Leporium
985 1027 1251 1069 monachum
1270 1029 1317 1069 in
1335 1028 1424 1085 side

106 1092 432 1133 incarnationis
463 1091 601 1132 Verbi
631 1102 856 1132 errantem
883 1095 1122 1148 ejecerant,
1160 1106 1206 1138 αι
1233 1098 1421 1154 amplec-

108 1169 262 1201 tamar
272 1161 379 1215 jam
397 1158 480 1201 Dei
499 1158 650 1215 gratia
668 1159 954 1215 paenitentem
976 1171 1015 1202 et
1037 1172 1293 1205 correctum.

114 1311 149 1359 I.
184 1310 352 1358 Fuluii
375 1320 572 1357 nostrum
602 1309 838 1372 Leporium
864 1309 982 1373 apud
1003 1322 1186 1357 vestram
1212 1313 1422 1360 sanctita—

51 1393 135 1429 tem
153 1400 237 1446 pro
254 1383 319 1429 sui
344 1383 499 1428 erroris
517 1381 862 1445 praesumptione
882 1382 1035 1428 merito
1060 1382 1301 1446 idoneeque
1319 1402 1421 1430 cor—

49 1464 223 1517 reptum
242 1489 255 1511 ,
284 1471 383 1500 cum
404 1453 458 1500 ad
477 1470 554 1498 nos
573 1488 584 1508 ‚
609 1462 899 1516 posteaquam
927 1452 1027 1498 inde
1050 1454 1303 1500 exturbatus
1325 1466 1388 1502 est
1407 1494 1418 1514 ‚

52 1524 254 1581 venisset,
279 1524 511 1570 salubriter
543 1522 851 1586 perturbatum
872 1559 884 1578 ‚
924 1523 1231 1583 corrigendum
1264 1541 1424 1571 sanan-

50 1595 242 1660 dumque
265 1595 548 1658 suscepimus.
579 1594 690 1640 Nam
721 1593 833 1638 sicut
865 1610 940 1639 vos
971 1594 1179 1640 obedistis
1213 1596 1422 1659 Apostolo

51 1661 627 1728 utcorriperetisinquietos²
652 1681 662 1708 ε
686 1663 747 1709 ita
764 1673 805 1709 et
828 1680 905 1708 nos
926 1673 974 1709 ut
992 1664 1317 1712 consolaremur
1333 1683 1422 1730 pu—

48 1737 281 1782 sillanimes
307 1753 356 1781 ac
378 1735 695 1798 susciperemus
723 1732 935 1779 infirmos.
967 1735 1080 1780 Cum
1106 1736 1219 1781 enim
1252 1753 1423 1799 praeoc-

50 1817 234 1870 cupatus
262 1816 367 1851 esset
389 1806 501 1851 sicut
531 1805 665 1850 homo
701 1805 747 1851 in
786 1804 933 1867 aliquo
959 1803 1150 1862 delicto,
1184 1806 1422 1871 eodemque

46 1893 132 1922 non
155 1893 309 1940 parvo,
329 1886 376 1921 ut
393 1876 447 1921 (le
471 1876 692 1935 unigenito
713 1874 823 1919 Filio
847 1874 952 1930 Dei,
979 1875 1100 1938 quod
1122 1879 1275 1922 eratin
1294 1879 1417 1940 prin-

49 1947 167 2010 cipio
196 1946 419 2002 Verbum,
459 1956 502 1991 ct
526 1946 721 1991 Verbum
755 1955 845 1990 erat
880 1945 999 2008 apud
1041 1947 1202 2003 Deum,
1226 1958 1268 1993 et
1307 1950 1421 1994 Deus

0 2055 2 2061 ,
50 2029 140 2063 erat
163 2018 356 2064 Verbum
372 2016 408 2074 3,
429 2033 531 2062 cum
552 2026 697 2062 autem
715 2015 832 2061 venit
848 2015 1077 2078 plenitudo
1094 2018 1303 2080 temporis
1319 2018 1423 2064 Ver-

49 2088 155 2134 bum
184 2105 286 2134 caro
310 2088 474 2134 factum
499 2098 585 2143 est,
615 2096 656 2132 et
682 2086 903 2133 habitavit
928 2086 973 2132 in
1010 2088 1139 2133 nobis
1156 2124 1167 2143 ‚
1196 2106 1283 2134 non
1306 2101 1423 2135 recta

50 2158 252 2222 quaedam
268 2169 460 2223 saperet,
484 2175 564 2204 nec
584 2174 684 2203 vera
706 2157 879 2203 sentiret
900 2177 912 2210 3
941 2174 1098 2217 negans
1123 2158 1264 2204 Deum
1284 2160 1427 2206 homi-

49 2246 146 2275 nem
170 2228 354 2285 factum,
373 2247 428 2275 ne
446 2227 646 2275 videlicet
666 2227 922 2273 substantiae
939 2227 1118 2283 divinae,
1137 2244 1227 2290 qua
1244 2230 1425 2293 aequalis

50 2309 111 2344 est
134 2299 278 2355 Patri,
304 2299 484 2359 indigna
503 2309 621 2347 muta
631 2298 690 2342 tio
709 2297 775 2343 vel
802 2297 1030 2361 corruptio
1051 2310 1300 2362 sequeretur
1315 2321 1326 2355 3
1343 2318 1423 2347 nec

0 2383 1 2427 ]
51 2368 199 2416 videns
219 2379 419 2432 quartam
431 2386 474 2415 se
491 2367 852 2414 subintroducere
872 2369 919 2413 in
938 2368 1153 2414 Trinitate
1172 2386 1419 2432 personam,

0 2456 1 2467 ¹
50 2439 168 2504 quod
192 2458 215 2486 a
231 2441 413 2486 sanitate
434 2440 639 2503 symboli,
661 2439 979 2503 catholicaeque
996 2440 1188 2487 veritatis
1207 2477 1220 2497 ‚
1246 2459 1422 2505 prorsus

97 2539 109 2563 ¹
138 2543 219 2582 Quae
244 2551 310 2583 2¹9
331 2546 423 2583 erat,
445 2551 532 2573 nunc
549 2542 629 2572 252.
654 2555 697 2565 -·
728 2539 853 2583 Scripta
875 2538 1000 2572 videtur
1027 2550 1081 2572 an.
1109 2542 1178 2577 426
1201 2546 1258 2574 aut
1279 2547 1360 2583 4²7·
1375 2560 1422 2568 -—-

0 2594 1 2612 ³
52 2591 69 2616 2
88 2606 102 2626 1
118 2594 234 2631 Thess.
251 2606 283 2636 v,
301 2603 413 2634 24.-·
434 2592 559 2631 ³Joan.
585 2606 618 2640 ι,
636 2596 668 2628 3.
