1769 3235
567 266 776 298 EPIsToLA
813 267 909 298 CXC.
1358 268 1408 298 21

50 330 123 378 sed
155 345 202 378 ex
235 341 417 379 vocante
449 329 681 387 diceretur,
720 331 877 377 minori
907 331 1168 379 serviturum
1201 348 1284 379 esse
1316 349 1412 378 ma-

44 405 197 462 Jorem.

114 471 165 519 V.
191 472 269 519 His
285 473 418 533 igitur
435 472 676 518 firmissime
694 472 955 529 constitutiS‚
980 473 1015 518 si
1033 483 1123 518 tam
1144 472 1420 520 reconditum

49 551 178 604 atque
201 542 400 588 abditum
415 543 539 588 estin
555 542 737 588 occultis
761 542 966 605 operibus
991 543 1089 597 Dei,
1114 553 1252 588 utnec
1272 543 1414 606 Scrip-

49 621 247 658 turarum
270 613 519 659 divinarum
538 612 764 658 manifesto
782 612 954 675 eloquio
974 611 1218 658 declaretur
1234 650 1244 668 ‚
1269 624 1417 659 utrum

47 692 277 745 propterea
291 683 402 728 nihil
418 684 525 729 boni
540 683 605 729 vel
625 682 724 728 mali
745 682 939 727 nondum
958 682 1045 727 nati
1067 682 1195 741 egisse
1215 682 1422 728 credendi

47 752 162 808 sint,
205 754 307 816 quia
341 770 429 798 non
459 770 506 798 ex
540 752 632 798 aliis
656 762 914 815 propagatas
937 789 948 808 ‚
986 751 1059 797 sed
1084 769 1181 797 mox
1213 769 1261 798 ex
1284 752 1426 798 nihilo

47 831 210 867 creatas
228 822 390 868 animas
410 822 566 881 singuli
585 822 832 885 accipiunt3
858 839 912 867 an
931 822 1033 884 quia
1058 838 1158 867 cum
1184 832 1322 867 essent
1341 822 1426 868 ori-

51 890 251 950 ginaliter
273 892 319 937 in
343 892 597 955 parentibus
618 928 629 947 ‚
663 891 810 937 adhuc
839 891 924 954 ipsi
946 891 1055 936 nulli
1089 902 1211 936 erant
1230 892 1309 955 qui
1329 908 1427 938 suas

51 971 94 1006 et
110 962 309 1025 proprias
331 963 441 1009 vitas
468 972 639 1022 agerent
662 979 672 1006 ε
700 962 774 1008 illa
792 972 935 1007 tamen
960 961 1014 1006 sit
1036 961 1142 1006 fides
1166 961 1283 1007 salva
1301 998 1311 1017 ‚
1338 978 1426 1024 qua

52 1030 270 1077 credimus
293 1032 465 1077 nullum
485 1031 715 1077 hominum
734 1068 744 1086 ‚
775 1033 861 1077 sive
884 1031 1060 1091 majoris
1083 1068 1094 1084 ‚
1120 1031 1206 1077 sive
1228 1031 1428 1094 parvulae

51 1100 295 1162 quamlibet
318 1112 360 1146 et
386 1103 569 1147 recentis
588 1102 726 1146 aetatis
745 1101 923 1147 liberari
946 1118 969 1146 a
995 1101 1253 1161 contagione
1274 1101 1424 1146 mortis

51 1170 244 1233 antiquae
277 1182 320 1217 et
349 1171 615 1231 obligatione
646 1172 845 1234 peccati,
880 1171 998 1233 quod
1030 1172 1172 1234 prima
1203 1171 1428 1217 nativitate

51 1240 266 1286 contraxit
281 1277 293 1296 ,
319 1241 401 1286 nisi
422 1258 501 1304 per
523 1257 658 1287 unum
683 1240 965 1286 mediatorem
987 1241 1068 1286 Dei
1089 1252 1132 1286 et
1161 1241 1395 1287 hominum
1412 1278 1424 1297 ,

50 1307 274 1356 hominem
297 1311 524 1357 Christum
543 1316 563 1357 J
570 1328 690 1357 esum
706 1310 742 1356 4,

116 1378 190 1426 VI.
223 1380 358 1440 Cujus
377 1381 568 1427 hominis
591 1380 871 1443 ejusdemque
900 1380 980 1426 Dei
1003 1380 1287 1427 saluberrima
1307 1380 1394 1426 fide
1410 1418 1421 1437 ,

49 1449 179 1496 etiam
203 1450 266 1496 illi
288 1451 396 1511 justi
421 1451 527 1497 salvi
548 1451 653 1496 facti
675 1461 791 1506 sunt,
815 1450 892 1514 qui
914 1450 1169 1515 priusquam
1190 1450 1355 1498 veniret
1378 1452 1424 1496 in

48 1536 206 1577 carne,
235 1521 515 1567 crediderunt
543 1522 590 1567 in
614 1539 742 1567 carne
769 1531 1017 1568 venturum.
1046 1521 1210 1567 Eadem
1234 1538 1425 1585 namque

47 1589 156 1636 fides
180 1602 242 1637 est
263 1603 305 1638 et
323 1602 469 1638 nostra
493 1603 534 1638 et
558 1592 734 1638 illorum
756 1628 768 1648 ,
799 1591 1008 1655 quoniam
1029 1591 1116 1637 hoc
1135 1591 1200 1637 illi
1219 1591 1423 1637 credide-

47 1672 152 1707 runt
183 1661 384 1709 futurum
403 1700 414 1719 ,
442 1663 562 1727 quod
596 1681 673 1709 nos
699 1662 919 1709 credimus
948 1662 1128 1709 sactum.
1161 1662 1287 1708 Unde
1313 1662 1422 1708 dicit

49 1732 268 1795 apostolus
296 1734 459 1780 Paulus
477 1771 488 1791 ,
524 1734 781 1780 «Habentes
808 1744 952 1780 autem
977 1733 1178 1779 eumdem
1204 1733 1420 1796 Spiritum

47 1822 68 1844 »
86 1803 217 1860 fidei,
240 1805 482 1851 secundum
506 1805 626 1868 quod
656 1806 869 1868 scriptum
893 1816 980 1850 est:
1009 1803 1216 1860 Credidi,
1239 1815 1422 1867 propter

47 1894 68 1915 »
90 1873 211 1937 quod
232 1875 406 1921 locutus
427 1892 523 1921 sum
539 1913 550 1930 ‚
579 1886 620 1921 et
653 1893 731 1921 nos
756 1875 973 1921 credimus
990 1912 1000 1931 ,
1029 1886 1211 1938 propter
1242 1874 1363 1938 quod
1380 1886 1421 1921 et

46 1963 68 1985 »
90 1942 355 2006 loquimur2.
377 1967 396 1987 ›>
416 1946 461 1990 Si
481 1962 581 2005 ergo
600 1946 801 1991 eumdem
829 1945 1044 2008 Spiritum
1068 1945 1169 1990 fidei
1191 1954 1232 1990 et
1252 1944 1316 1990 illi
1336 1945 1415 1991 ha-

44 2011 233 2069 bebant,
259 2015 336 2077 qui
371 2026 607 2062 venturum
638 2016 683 2061 in
716 2033 845 2061 carne
885 2015 1110 2061 Christum
1143 2015 1420 2078 praenuntia-

44 2096 174 2139 runt,
205 2100 335 2147 quem
360 2085 491 2130 etiam
514 2085 578 2131 illi
605 2086 683 2149 qui
714 2103 811 2132 eum
838 2086 1000 2132 venisse
1031 2086 1322 2142 nuntiarunt,
1348 2103 1419 2132 sa-

45 2164 264 2199 cramenta
274 2171 360 2200 esse
369 2166 697 2219 potueruntpro
713 2167 959 2219 temporum
973 2155 1219 2202 diversitate
1229 2156 1394 2202 diversa
1404 2194 1414 2212 ,

45 2223 98 2269 ad
124 2225 334 2271 unitatem
361 2236 505 2272 tamen
541 2227 731 2287 eJ'usdem
765 2227 868 2272 fidei
896 2226 1233 2272 concordissime
1269 2244 1420 2273 recur—

43 2295 195 2341 rentia.
241 2295 464 2359 Scriptum
487 2308 549 2343 est
580 2298 626 2342 in
661 2298 844 2343 Actibus
879 2297 1188 2360 Apostolorum
1213 2297 1418 2361 loquente

44 2365 240 2428 apostolo
263 2368 393 2413 Petro
411 2405 422 2424 ‚
450 2389 469 2409 <‹
492 2370 620 2414 Nunc
640 2385 739 2428 ergo
759 2367 869 2431 quid
897 2368 1069 2413 tentatis
1099 2370 1238 2414 Deum
1264 2369 1414 2432 impo—

44 2456 66 2478 »
88 2453 189 2483 nere
206 2441 363 2499 jugum
387 2456 521 2503 supra
555 2440 716 2486 collum
739 2439 1055 2502 discipulorum
1076 2476 1086 2495 ‚
1128 2439 1247 2503 quod
1273 2456 1413 2503 neque

44 2517 228 2571 »patres
261 2509 429 2565 nostri,
456 2526 596 2574 neque
629 2527 706 2556 nos
739 2520 915 2573 portare
944 2511 1200 2573 potuimus?
1239 2510 1311 2557 sed
1342 2528 1421 2574 per

92 2590 104 2636 ἢ
129 2601 142 2623 1
165 2590 250 2624 Tim.
269 2602 305 2631 11,
323 2592 356 2627 5,
372 2609 417 2616 -
431 2590 447 2615 ²
466 2604 484 2624 2
502 2593 575 2626 Cor.
594 2604 643 2637 ιν,
667 2594 720 2633 13,
735 2598 766 2626 et
783 2594 948 2632 Psalmxv,
971 2606 1001 2629 1.
