1769 3235
327 259 419 305 358
748 283 782 310 s.
829 282 1073 314 Aoousrim
1109 284 1315 315 Erlscorl

326 350 368 384 et
395 339 541 385 adhuc
562 352 744 388 veterem
764 344 986 392 hominem
1011 359 1148 395 sonat.
1174 349 1305 395 Hunc
1323 350 1540 397 carnalem
1564 352 1697 398 affec·-

331 419 421 454 tum
437 444 448 465 ‚
477 419 519 455 et
547 411 592 457 in
616 413 742 458 nobis
763 426 805 459 et
837 417 881 462 in
902 418 1055 464 nostris
1072 455 1084 475 ,
1105 419 1259 465 militia
1282 419 1531 467 Christiana
1550 432 1599 468 ut
1619 439 1697 485 pe-

328 479 535 526 rimamus
557 482 758 530 hortatur
780 503 790 530 :
817 503 897 532 nec
916 497 1059 534 tamen
1080 489 1141 535 ita
1164 500 1211 535 ut
1232 490 1426 550 ingratus
1446 491 1499 537 sit
1515 491 1700 555 quisque

327 551 606 612 parentibus,
640 565 682 599 et
712 555 861 602 eadem
899 558 992 621 ipsa
1027 559 1267 616 beneficia,
1306 561 1467 624 quibus
1493 562 1540 607 in
1565 562 1702 608 vitam

326 619 443 667 hanc
481 622 622 670 editus
643 661 654 681 ,
687 638 912 691 susceptus
950 640 1078 692 atque
1103 631 1292 676 nutritus
1326 642 1415 687 est,
1452 643 1706 678 enumerata

326 689 537 738 derideat.
573 694 721 742 Servet
744 699 893 760 potius
932 700 1095 763 ubique
1131 702 1351 763 pietatem.
1386 702 1566 747 Habent
1606 701 1705 748 haec

326 761 474 808 locum
501 759 577 810 ubi
599 770 761 826 majora
784 786 871 814 non
896 780 1068 816 vocant.

394 834 512 881 VIII.
555 837 692 883 Mater
727 839 916 884 Ecclesia
939 877 948 893 ‚
986 849 1122 885 mater
1163 851 1226 886 est
1262 841 1389 886 etiam
1416 841 1565 887 matris
1590 852 1694 890 tuae.

1764 707 1769 753 -ῳ
1762 650 1769 692 ..4
1763 493 1769 616 Δ-ᾼ*
1761 318 1769 482 ,μμ-,Α

328 902 438 949 Haec
463 921 538 950 vos
560 905 614 951 de
639 907 816 953 Christo
847 910 1079 972 concepit,
1108 910 1207 956 haec
1234 911 1475 974 Martyrum
1501 913 1708 972 sanguine
1750 915 1769 962 i.

328 974 591 1036 parturivit,
632 977 730 1023 haec
763 978 807 1022 in
847 980 1153 1042 sempiternam
1193 981 1334 1026 lucem
1372 982 1568 1044 peperit‚
1609 982 1708 1028 haec

331 1044 432 1090 fidei
463 1045 575 1091 lacte
601 1049 783 1094 nutrivit
817 1058 857 1094 et
880 1053 1048 1105 nutrit,
1085 1052 1293 1114 cibosque
1319 1055 1500 1111 majores
1527 1069 1708 1116 praepa-

332 1132 454 1171 rans,
482 1117 603 1178 quod
626 1118 774 1164 adhuc
793 1121 965 1181 parvuli
987 1132 1028 1166 et
1052 1122 1143 1167 sine
1167 1122 1374 1167 dentibus
1391 1122 1534 1181 vagire.
1555 1122 1703 1178 vultis,
1753 1148 1769 1184 ς,

332 1186 557 1233 horrescit„
600 1189 707 1234 Haec
750 1201 883 1236 mater
920 1202 1011 1237 toto
1044 1193 1150 1238 orbe
1180 1192 1360 1247 diffusa,
1399 1203 1486 1238 tam
1516 1194 1644 1239 variis
1667 1199 1711 1240 et
1754 1207 1769 1229 w

332 1256 655 1320 multiplicibus
678 1276 873 1306 errorum
893 1262 1242 1308 intestationibus
1267 1263 1471 1322 agitatur,
1499 1273 1547 1308 ut
1574 1264 1709 1309 abor-

336 1327 409 1372 tivi
428 1331 518 1387 jam
544 1328 620 1374 filii
645 1333 735 1389 ejus
759 1330 964 1377 adversus
988 1350 1081 1378 eam
1107 1332 1286 1378 infrenis
1304 1333 1432 1378 armis
1456 1332 1711 1392 belligerare

332 1414 419 1442 non
453 1398 673 1447 dubitent.
705 1402 882 1460 Ignavia
909 1402 1038 1448 etiam
1064 1414 1190 1466 atque
1216 1413 1390 1466 torpore
1417 1403 1712 1466 quorumdam

334 1482 443 1530 quos
477 1470 637 1528 gremio
669 1472 889 1528 continet,
929 1473 1127 1519 membra
1154 1491 1229 1519 sua
1260 1473 1484 1533 frigescere
1508 1473 1711 1536 plurimis

334 1537 441 1584 locis
457 1550 497 1584 et
519 1539 713 1586 fovendis
736 1542 931 1604 parvulis
957 1545 1101 1589 minus
1131 1544 1285 1589 idonea
1311 1544 1403 1589 fieri
1424 1544 1555 1590 dolet.
1584 1542 1711 1589 Unde

335 1609 415 1654 nisi
438 1627 515 1672 per
533 1610 637 1656 alios
656 1612 766 1658 filios
785 1650 795 1669 ‚
825 1614 939 1660 unde
969 1615 1049 1660 nisi
1073 1632 1148 1678 per
1177 1614 1257 1660 alia
1279 1615 1496 1669 membra,
1521 1631 1711 1678 quorum

338 1697 359 1724 e
381 1694 560 1726 numero
581 1699 623 1726 es
638 1716 649 1738 ,—
663 1686 831 1742 justum
853 1701 901 1729 ac
921 1684 1117 1731 debitum
1137 1686 1279 1749 poscit
1293 1685 1530 1731 auxilium?
1551 1686 1715 1744 Hujus-

339 1767 391 1795 ne
419 1761 465 1796 tu
497 1754 765 1799 necessitates
792 1754 987 1801 deserens
1008 1790 1018 1811 ,
1047 1756 1101 1801 ad
1124 1757 1312 1802 carnalia
1334 1757 1466 1802 verba
1486 1766 1716 1801 converte-

343 1821 432 1865 ris.q
470 1823 623 1868 *Nonne
646 1824 745 1869 haec
769 1826 1043 1884 gravioribus
1079 1827 1265 1891 querelis
1300 1827 1471 1872 insonat
1494 1826 1674 1872 auribus
1693 1828 1713 1872 i>

342 1894 495 1938 Nonne
520 1893 617 1940 haec
641 1890 841 1942 chariora
861 1898 1038 1952 viscera,
1057 1909 1098 1945 et
1122 1899 1313 1946 coelestia
1334 1899 1467 1944 ubera
1491 1907 1677 1943 ostentat
1696 1900 1716 1943 i>

343 1963 467 2009 Adde
489 1963 566 2010 viri
588 1969 678 2025 ejus
705 1968 1022 2030 susceptionem
1043 1969 1184 2015 carnis
1200 2006 1210 2025 ,
1233 1986 1285 2014 ne
1307 1968 1554 2014 carnalibus
1577 1966 1718 2013 inhae-

340 2052 472 2091 rcres,
495 2046 536 2080 et
562 2054 584 2081 a
619 2038 763 2083 Verbo
792 2046 954 2084 aeteruo
982 2040 1180 2086 universa
1199 2077 1209 2095 ‚
1240 2054 1338 2103 quae
1367 2039 1447 2085 tibi
1475 2048 1611 2084 mater
1629 2037 1715 2083 im-

341 2117 576 2168 properat,
601 2125 653 2153 ne
676 2108 744 2153 his
764 2108 1051 2172 implicareris
1071 2122 1295 2173 assumpta
1315 2127 1326 2154 ι
1354 2109 1466 2155 adde
1488 2119 1720 2154 contume-

339 2177 507 2234 melias‚
529 2179 714 2239 flagella,
740 2192 942 2236 mortem,
960 2191 1142 2228 mortem
1163 2193 1304 2228 autem
1327 2181 1482 2228 cruciS.

407 2250 485 2295 IX.
513 2250 694 2296 Talibus
707 2263 919 2315 concepte
939 2253 1178 2298 seminibus
1193 2288 1202 2305 ,
1223 2252 1386 2315 talique
1405 2252 1450 2296 in
1474 2250 1605 2296 vitam
1634 2267 1718 2296 no-

344 2335 442 2366 vam
475 2321 701 2367 connubio
736 2333 961 2385 procreate
982 2360 992 2378 ‚
1036 2323 1272 2383 languescis
1303 2333 1344 2367 et
1379 2321 1650 2367 contabescis
1675 2321 1720 2366 in

345 2402 530 2437 veterem
549 2391 804 2437 hominem?
828 2395 970 2439 Ita-ne
990 2404 1171 2439 matrem
1189 2403 1401 2439 terrenam
1424 2408 1510 2437 non
1528 2391 1722 2436 habebat

345 2462 588 2524 Imperator
616 2465 748 2509 tuus?
785 2463 897 2520 Quae
937 2474 1078 2509 tamen
1098 2481 1201 2509 cum
1225 2463 1265 2510 ei
1281 2464 1558 2509 nuntiaretur
1577 2461 1722 2522 agenti

344 2532 552 2588 coelestia,
572 2528 814 2596 respondit,
833 2555 854 2576 «
870 2535 982 2592 Quae
997 2534 1108 2580 mihi
1122 2545 1274 2590 mater,
1296 2544 1370 2580 aut
1389 2530 1721 2596 quistatres1?»

395 2617 404 2638 ¹
425 2616 616 2652 Maub.x11‚
635 2618 688 2653 48.
