1769 3235
358 272 448 329 400
762 286 795 314 5.
840 287 1083 319 ALGt'srlNl
1118 289 1321 319 EPISCOPI

1744 300 1747 336 l

357 351 661 417 depredatores
684 361 866 413 putam,
898 361 984 397 tam
1010 365 1202 399 sanctam
1228 355 1441 400 sarcinam
1461 372 1633 420 ,quam
1659 353 1751 434 ἱρή

354 442 455 470 cum
486 423 701 476 subieiffat
739 421 989 481 indignatus
1023 424 1198 484 abjecit.
1229 426 1434 471 Infirmus
1457 427 1572 472 enim
1601 438 1722 484 erat,

352 506 394 541 et
410 494 506 540 ideo
526 493 623 546 tibi,
646 508 745 556 quae
762 492 808 537 in
831 495 1054 539 communi
1073 495 1298 557 proposito
1314 494 1469 541 fortior
1487 497 1723 553 videbaris,
1744 451 1749 529 l

353 583 442 611 non
465 575 556 610 erat
590 563 931 626 praesumptione
959 565 1227 617 turbanduS‚
1255 565 1326 610 sed
1360 565 1592 613 dilectione
1616 584 1753 631 por-

355 635 541 682 tandus:
531 634 661 697 .quia
685 633 850 678 etiamsi
874 633 957 679 ad
946 651 1060 696 ipsas
1078 634 1365 696 eleemosynas
1380 635 1541 695 largius
1559 633 1750 682 facien-¹
1745 655 1755 676 ι

353 707 429 753 das
447 706 556 752 forte
578 704 743 768 pigrius
768 705 1041 758 movebatur,
1064 715 1208 767 posset
1229 716 1271 750 et
1290 706 1369 751 ista
1391 705 1659 763 condiscere,
1692 706 1751 753 si

355 779 439 825 tuis
456 776 694 840 inopinatis
727 792 815 820 non
836 775 1035 820 feriretur
1063 776 1280 838 expensis,
1309 776 1381 821 sed
1401 777 1634 839 expectatis
1654 767 1751 842 in-{

352 850 563 896 vitaretur
579 846 822 909 obsequii53
844 856 890 890 ut
905 847 1032 890 etiam
1049 845 1136 890 hoc
1150 846 1267 908 quod
1291 857 1444 892 temere
1463 846 1551 892 sola
1567 847 1750 903 fecisti,
1746 895 1751 904 ,

352 919 490 965 multo
511 915 750 963 consultius
775 914 1006 961 dilectione
1034 915 1272 972 concordi,
1301 917 1528 980 multoque
1546 916 1752 968 ordina-2·

352 990 436 1036 tius
467 999 509 1035 et
532 986 756 1033 honestius
780 986 908 1031 ambo
939 985 1161 1031 faceretis·
1152 1006 1162 1039 ;
1204 1004 1283 1032 nec
1312 987 1724 1064 blasphemarentur
1747 1006 1753 1036 i

351 1059 463 1106 servi
500 1057 605 1112 Dei,
647 1056 681 1101 si
717 1066 861 1101 tamen
897 1056 983 1101 hoc
1019 1054 1222 1112 fuerunt,
1258 1057 1334 1119 qui
1361 1057 1516 1102 marito
1548 1057 1751 1103 absente

352 1140 482 1193 atque
506 1127 749 1181 nesciente,
787 1125 842 1171 ab
869 1125 1015 1185 ignota
1046 1125 1226 1172 muliere
1259 1137 1300 1171 et
1334 1127 1390 1172 ab
1421 1126 1559 1172 aliena
1598 1118 1756 1192 uxore}

355 1211 474 1246 tanta
487 1207 794 1260 sumpserunt3
815 1207 857 1242 et
870 1195 1122 1242 laudaretur
1144 1197 1287 1242 Deus
1276 1215 1320 1243 ln
1338 1197 1542 1261 operibus
1557 1196 1723 1252 vestris,
1748 1221 1752 1256 3

352 1287 540 1334 quorum
565 1279 669 1314 esset
705 1278 791 1313 tam
828 1266 916 1312 fida
938 1267 1142 1322 societas,
1168 1278 1214 1312 ut
1241 1286 1262 1313 a
1287 1269 1411 1314 vobis
1436 1267 1726 1313 communiter
1748 1279 1756 1330 f

351 1352 584 1420 teneretur,
612 1356 700 1384 non
728 1338 868 1383 solum
892 1354 1059 1383 summa
1090 1338 1264 1384 castitas
1281 1375 1293 1394 ,
1327 1337 1608 1384 verumetiam
1629 1337 1752 1398 glo-
1748 1359 1751 1371 =

351 1412 465 1458 riosa
488 1420 739 1475 paupertas.

413 1483 489 1529 Vi.
537 1482 666 1526 'Nunc
706 1490 848 1525 autem
888 1478 1206 1525 inconsiderata
1240 1477 1513 1524 festinatione
1553 1475 1755 1523 attende

350 1552 458 1617 quid
476 1551 640 1597 feceris.
672 1551 730 1595 Ut
751 1551 864 1595 enim
886 1549 938 1595 de
961 1549 1044 1594 illis
1067 1550 1321 1605 monachis,
1345 1567 1367 1594 a
1391 1549 1553 1612 quibus
1575 1559 1612 1593 te
1636 1547 1756 1610 ipse

349 1641 439 1669 non
460 1622 740 1676 aedificatam,
767 1620 840 1665 sed
859 1620 1088 1683 spoliatam
1109 1637 1194 1665 esse
1209 1621 1505 1683 conqueritur,
1520 1635 1596 1678 ego
1616 1618 1726 1663 bene

350 1693 557 1745 sentiam3
584 1708 662 1736 nec
684 1690 854 1735 homini
873 1707 966 1753 prae
985 1690 1047 1735 ira
1073 1691 1300 1736 turbatum
1319 1688 1498 1735 oculum
1522 1687 1722 1744 habenti,

349 1773 501 1807 contra
534 1761 610 1805 Dei
633 1760 812 1805 fortasse
831 1759 1017 1804 famulos
1041 1759 1167 1805 facile
1194 1760 1488 1814 consentian13
1508 1726 1726 1821 numquid
1749 1770 1758 1850 ι

349 1842 520 1877 tantum
550 1831 719 1876 bonum
742 1841 830 1885 est,
858 1830 978 1893 quod
1000 1847 1247 1893 pauperum
1269 1847 1439 1876 carnem
1464 1829 1755 1909 largioribus

348 1902 628 1964 eleemosynis
667 1901 875 1956 refecisti,
919 1912 1131 1964 quantum
1172 1901 1336 1947 malum
1374 1911 1463 1957 est,
1499 1899 1618 1963 quod
1644 1900 1726 1946 viri
1749 1853 1755 1995 ἰ

350 1974 414 2019 tui
446 1983 631 2018 mentem
653 1989 676 2016 a
700 1982 784 2016 tam
815 1971 934 2016 bono
960 1971 1187 2034 proposito
1212 1972 1458 2017 subruisti?
1484 1971 1550 2015 An
1574 1973 1726 2029 cujus·
1750 2002 1754 2037 ἰ

350 2059 481 2107 quam
503 2042 585 2088 tibi
607 2041 857 2105 temporalis
889 2041 1001 2087 salus
1025 2042 1200 2087 charior
1228 2059 1314 2087 esse
1335 2041 1568 2098 debuerat,
1591 2058 1723 2104 quam
1750 2048 1755 2094 ξ

349 2115 482 2175 hujus
508 2116 701 2159 aeterna?
734 2114 888 2158 Nonne
913 2114 944 2157 si
971 2113 1226 2176 ampliorem
1246 2111 1583 2158 misericordiam
1603 2112 1726 2171 cogi-
1749 2114 1758 2165 ξ»

350 2196 444 2230 tans
460 2222 471 2241 ,
518 2183 615 2229 ideo
653 2183 924 2246 pauperibus
961 2201 1024 2228 res
1067 2194 1159 2229 tuas
1200 2200 1374 2244 erogare
1416 2182 1632 2238 differres,
1672 2199 1725 2228 ne
1749 2183 1758 2222 l·

351 2254 666 2300 scandalizatus
695 2253 877 2298 maritus
917 2264 1014 2298 tuus
1052 2255 1142 2298 Deo
1178 2254 1367 2316 periret,
1399 2253 1618 2298 uberiores
1644 2251 1755 2313 tibig

354 2327 468 2371 Deus
502 2325 792 2404 eleemosynas
828 2325 1098 2388 imputaret?
1139 2324 1329 2370 Proinde
1357 2325 1392 2369 si
1430 2323 1582 2369 recolis
1617 2321 1755 2393 quidl

353 2397 659 2459 acquisiveras,
682 2394 859 2458 quando
883 2395 1049 2441 lucrata
1074 2394 1215 2440 fueras
1236 2395 1379 2440 virum
1405 2405 1558 2448 tuum,
1588 2403 1635 2438 ut
1661 2403 1754 2438 te-
1752 2412 1754 2416 ’

350 2483 451 2512 cum
492 2467 668 2512 Christo
704 2466 915 2511 sanctiore
953 2465 1146 2511 castitate
1176 2466 1382 2510 serviret·
1373 2501 1384 2518 ‚
1426 2430 1616 2523 intellige
1645 2454 1757 2536 per}

350 2537 444 2584 illas
479 2537 770 2600 eleemosynas
808 2547 932 2590 tuaS,
974 2536 1136 2600 quibus
1174 2553 1249 2581 cor
1283 2539 1375 2596 ejus
1409 2551 1601 2581 eversum
1625 2545 1720 2591 est,

350 2618 515 2672 quanto
545 2608 740 2669 graviore
771 2606 933 2653 damno
957 2622 1159 2670 percussa
1185 2606 1315 2653 fueris
1334 2643 1347 2663 ,
1374 2621 1507 2669 quam
1530 2615 1631 2652 sunt
1652 2603 1723 2649 illa
1750 2567 1755 2668 l

1748 1384 1758 1766 ν-νγγ-Μ-ν-
