1769 3235
380 255 461 312 1122
772 270 806 297 S.
852 266 1092 299 Aueusrim
1127 266 1327 299 muscom

371 334 617 382 Christiana
640 335 890 381 consentiat.
923 333 1091 394 Religio
1115 335 1260 398 itaque
1294 343 1367 378 tua
1392 331 1737 395 competentibus

368 407 541 471 scriptis
576 405 793 451 universos
824 404 955 450 faciat
990 405 1231 460 admoneri,
1265 404 1446 449 scituros
1488 403 1736 450 definitione

369 476 644 523 sanctimonii
665 476 726 521 tui
744 475 860 521 hanc
881 474 1174 523 definitionem
1206 475 1287 520 sibi
1305 491 1389 519 esse
1413 474 1731 537 praescriptam,

367 557 416 592 ut
445 546 714 610 quicumque
759 544 1027 591 damnationi
1067 555 1401 591 memoratorum
1424 580 1434 598 ,
1469 560 1556 606 quo
1592 554 1736 606 pateat

369 633 487 663 mens
505 632 633 680 pura,
667 615 937 662 subscribere
977 616 1111 680 impia
1145 616 1433 662 obstinatione
1454 614 1730 674 neglexerint,

365 688 642 750 episcopatus
666 686 889 731 amissione
906 686 1122 743 mulctati,
1147 685 1395 740 interdicta,
1415 687 1457 729 in
1476 694 1735 747 perpetuum

368 757 534 820 expulsi
556 756 824 811 civitatibus,
868 756 1176 802 communione
1214 756 1455 819 priventur.
1487 756 1597 800 Nam
1636 771 1736 801 cum

367 828 451 891 ipsi
468 831 591 887 juxta
611 828 828 890 synodum
864 827 1086 875 Nicaenam
1108 827 1370 873 confessione
1393 827 1557 872 sincera
1580 826 1736 873 condi-

369 909 507 945 torem
530 913 674 944 rerum
693 897 888 943 omnium
916 897 1074 953 Deum,
1106 898 1365 960 imperiique
1396 897 1531 943 nostri
1562 912 1738 943 Venere-
1767 928 1769 968 ἑ

370 986 468 1015 mur
487 979 733 1024 auctorem3
754 984 843 1013 non
868 967 1060 1029 patietur
1087 978 1158 1014 tua
1175 968 1377 1014 sanctitas
1394 977 1520 1014 sectae
1549 966 1736 1013 detesta-
1767 978 1769 1023 t

366 1039 467 1086 bilis
489 1039 688 1085 homines
726 1038 771 1083 in
811 1037 1017 1096 injuriam
1057 1037 1273 1097 religionis
1311 1053 1424 1083 nova
1455 1046 1497 1082 et
1534 1036 1769 1086 inusitata}

368 1108 641 1163 meditantes,
666 1108 838 1153 secretis
861 1107 1115 1153 tractatibus
1134 1107 1355 1153 occultare
1379 1106 1647 1166 sacrilegium
1670 1125 1736 1154 se-
1766 1102 1769 1144 ῐ

366 1180 450 1225 mel
470 1179 651 1243 publica
682 1179 939 1224 auctoritate
957 1178 1229 1225 damnatum.
1257 1179 1350 1224 Una
1364 1178 1477 1223 enim
1502 1177 1738 1242 eademque
1764 1181 1767 1235 ἐ

368 1249 501 1313 culpa
523 1260 586 1295 est
611 1266 786 1305 eorum,
827 1250 904 1312 qui
942 1260 1015 1294 aut
1047 1248 1359 1295 dissimulando
1392 1247 1731 1306 conniventiam,
1763 1250 1767 1311 ξ

367 1331 442 1366 aut
478 1336 567 1365 non
591 1318 842 1366 damnando
870 1319 1061 1365 favorem
1086 1318 1261 1364 noxium
1286 1317 1579 1381 praestiterint.
1612 1318 1737 1367 Pater
1762 1318 1767 1391 ξ

367 1389 620 1436 charissime
636 1400 767 1453 atque
785 1389 1074 1436 amantissime
1101 1405 1111 1434 :
1139 1399 1184 1434 et
1202 1389 1300 1434 alia
1321 1405 1467 1434 manu
1489 1405 1500 1433 :
1527 1388 1738 1440 Divinitas
1761 1402 1765 1444 Ι

371 1472 410 1507 te
427 1477 507 1524 per
531 1459 688 1507 multos
716 1478 850 1506 annos
877 1470 1012 1506 servet
1038 1459 1318 1506 incolumem.
1353 1460 1464 1506 Data
1506 1476 1546 1505 v.
1576 1458 1736 1511 Iduum
1761 1450 1765 1534 l

365 1533 616 1588 Juniarum,
639 1533 879 1587 Ravennae,
897 1530 1096 1577 Monaxio
1116 1529 1314 1576 etPlinta
1327 1530 1593 1577 Consulibus
1614 1551 1633 1572 »
1649 1535 1738 1578 Eo.
1759 1551 1763 1602 Ι

365 1602 469 1648 dem
493 1613 650 1648 tenore
691 1606 832 1649 etiam
869 1602 937 1647 acl
962 1612 1184 1648 semotam
1205 1602 1527 1663 Angustc'nam
1553 1604 1736 1664 episco-
1758 1605 1763 1684 ᾗ

358 1669 478 1738 ριίηι
504 1674 619 1719 data
636 1673 676 1736 (ι
689 1673 752 1735 o).
1758 1705 1762 1735 ἰ

1756 1768 1761 1894 ‚l

1755 1898 1759 1983 i

1752 2100 1756 2172 ff

1752 2180 1756 2217 ι
