1769 3235
8 277 21 333 ,ξ
500 287 711 318 ΕΡ)5τοῑ,Λ
766 287 938 319 cctxlv.
1310 271 1361 326 ιἰι
1382 285 1394 318 ι

8 336 204 410 jitalibus,
221 351 541 413 etvigilantiam
567 362 697 415 alque
712 353 926 398 cautelam
946 363 1098 399 contra
1126 353 1246 408 tales,
1268 369 1402 417 quam

7 415 105 494 limis
124 424 277 469 lilteris
300 423 557 486 expressisti,
582 422 773 468 multum
806 424 1009 486 approbo
1034 435 1075 469 et
1096 424 1256 476 laudo3
1277 434 1405 487 atque

4 482 72 545 lut
97 496 140 541 in
168 495 251 540 hac
279 496 347 540 via
374 505 694 557 perseveranter
718 494 917 539 ambules
936 531 946 549 ‚
979 511 1059 556 pro
1090 496 1194 540 meis
1217 495 1402 552 viribus,

4 556 122 633 liquia
146 565 231 610 hoc
255 565 400 624 exigis,
419 575 460 610 et
482 565 650 614 hortor,
675 574 716 608 et
742 581 914 619 moneo,
938 575 986 609 ut
1003 565 1237 610 miserearis
1255 582 1404 610 corum

11 637 228 698 2t'anquam
264 635 442 698 simplex
476 645 523 680 ut
555 635 760 681 columba
786 672 796 689 ‚
826 652 976 680 caveas
1011 646 1151 680 autem
1185 635 1277 681 illos
1305 647 1405 681 tan-

12 705 158 770 ¹quarn
188 715 327 750 astuta
363 706 474 751 sicui
509 722 713 768 serpens:
742 704 904 768 desque
939 722 1114 768 operam
1141 743 1150 761 ‚
1192 719 1407 769 quantum

0 721 172 843 lipom,
205 786 254 821 ut
282 777 358 840 qui
390 777 469 822 tibi
508 776 734 822 adhaerent
754 813 764 831 ‚
798 787 941 822 tecum
977 777 1022 822 in
1058 787 1173 822 recta
1198 777 1282 822 fide
1306 795 1410 841 per-

0 849 226 923 ijmaneant
243 883 254 902 ,
283 857 357 892 aut
379 847 434 893 ad
467 848 596 893 fidem
622 859 786 893 rectam
809 885 819 904 ‚
842 846 876 893 si
893 847 1004 893 forie
1028 847 1074 893 in
1104 847 1250 911 aliquo
1274 848 1410 911 aliqui

0 907 11 993 ll
25 916 249 982 depravati
282 929 408 974 sunt,
436 920 725 979 corrigantur.

0 981 10 1056 &J
91 989 174 1038 lll.
208 990 272 1034 De
308 989 487 1035 homine
524 1000 665 1035 autem
690 1006 819 1053 quem
845 989 1035 1054 suscepit
1059 989 1252 1036 Verbum
1294 989 1406 1042 Dei,

0 1053 125 1134 icum
153 1076 253 1104 caro
276 1058 436 1105 factum
467 1072 528 1106 est
563 1070 604 1105 et
630 1059 846 1106 habitavit
879 1059 920 1105 in
947 1060 1097 1117 nobis,
1137 1059 1408 1106 emendarem

0 1129 8 1175 l
29 1130 219 1193 aliquid,
256 1131 290 1176 si
314 1131 355 1176 in
391 1149 440 1177 eo
466 1132 584 1195 quod
610 1131 750 1177 credis
777 1132 934 1177 falsum
960 1143 1034 1177 aut
1064 1149 1312 1195 perversum
1340 1132 1411 1177 in-

0 1179 8 1243 l
30 1201 232 1254 venirem.
264 1201 360 1246 Hoc
381 1219 482 1262 ergo
509 1201 635 1247 crede
656 1201 775 1264 quod
799 1201 937 1247 credis
959 1239 969 1255 ‚
1003 1204 1103 1264 qnia
1143 1202 1186 1247 in
1219 1202 1292 1247 illo
1325 1202 1412 1247 lio-

0 1285 7 1349 ρ
29 1271 146 1323 mine
169 1282 300 1324 totam
324 1283 521 1318 naturam
550 1284 740 1317 nostram
767 1272 956 1336 suscepit
987 1273 1119 1318 Filius
1141 1273 1238 1328 Dei,
1259 1272 1304 1319 id
1329 1283 1410 1328 est,

1 1353 5 1373 ³
31 1351 73 1397 et
99 1341 285 1387 animam
306 1342 559 1388 rationalem
585 1354 627 1388 et
650 1360 822 1388 carnem
847 1343 1070 1388 mortalem
1096 1343 1185 1388 sine
1209 1353 1407 1406 peccato.

31 1414 301 1469 Jiifirriiitzitis
325 1415 437 1460 enim
460 1426 617 1461 nostrae
641 1415 863 1478 particeps
887 1413 1029 1460 factus
1049 1424 1128 1470 est,
1148 1432 1233 1460 non
1256 1414 1415 1478 iniqui·

36 1485 132 1540 talis
156 1522 166 1540 ,
195 1496 241 1530 ut
270 1503 348 1549 per
380 1487 677 1531 infirmitatem
706 1502 984 1531 communem
1002 1523 1012 1541 ,
1040 1485 1222 1531 solveret
1247 1485 1417 1550 iniqui-

0 1562 3 1600 Ι
32 1566 164 1611 tatem
202 1568 418 1613 nostram,
453 1568 493 1602 et
533 1557 771 1603 adduceret
803 1574 880 1602 nos
915 1556 969 1611 ad
1003 1557 1220 1617 justitiam
1255 1573 1376 1602 suam
1402 1593 1413 1612 ‚

0 1605 2 1738 r
34 1626 190 1684 bibens
227 1638 407 1673 mortem
447 1628 499 1673 de
526 1640 674 1674 nostro
696 1665 706 1682 ,
733 1638 776 1672 et
801 1627 1044 1696 propinans
1068 1628 1201 1673 vitam
1238 1626 1291 1673 de
1317 1643 1411 1673 suo,

0 1742 1 1759 ἢ
37 1695 119 1751 Sed
143 1697 175 1742 si
202 1697 337 1743 habes
365 1697 555 1761 aliquam
578 1699 839 1762 scripturam
861 1715 1008 1744 eorum
1025 1735 1035 1755 ,
1056 1699 1100 1744 in
1119 1715 1207 1762 qua
1227 1707 1420 1754 asserunt

37 1768 155 1832 quod
183 1768 288 1815 huic
311 1769 412 1815 fidei
443 1771 498 1815 sit
522 1770 810 1826 contrarium,
837 1769 1016 1830 dignare
1036 1786 1129 1814 eam
1157 1769 1344 1825 mittere,
1371 1778 1422 1814 ut

14 1836 124 1884 ‘non
144 1838 280 1884 solum
310 1839 441 1885 fidem
470 1850 661 1885 nostram
685 1839 883 1885 dicamus
903 1876 913 1895 ,
952 1838 1025 1885 sed
1056 1856 1205 1885 eorum
1243 1854 1421 1903 quoque

36 1909 267 1974 perfidiam
286 1947 295 1965 ‚
321 1921 533 1974 qnantum
561 1927 817 1974 possumus,
846 1909 1106 1957 refellamus,
1155 1910 1256 1964 Sine
1283 1909 1421 1955 dubio

39 1982 151 2027 enim
181 1981 267 2027 hoc
292 1982 436 2045 ipsum
461 2020 471 2037 ‚
500 1982 617 2046 quod
641 1999 840 2046 perverse
872 1993 915 2027 et
934 1982 1068 2046 impie
1094 1981 1313 2037 sentiunt,
1338 1980 1422 2026 ali-

40 2052 201 2126 quibus
246 2054 500 2098 testimoniis
550 2053 799 2099 divinarum
846 2052 1178 2117 Scripturarum
1207 2062 1423 2103 conantur

42 2134 228 2172 astruere
252 2141 262 2168 :
291 2124 334 2169 in
354 2125 521 2188 quibus
545 2124 604 2169 eis
624 2123 942 2169 ostendendum
958 2134 1036 2177 est,
1058 2141 1190 2188 quam
1209 2141 1296 2169 non
1313 2133 1426 2182 recte

41 2194 286 2261 intelligant
305 2195 467 2241 litteras
479 2213 620 2241 sacras
635 2196 906 2259 conscriptas
926 2195 977 2241 acl
999 2195 1195 2241 fidelium
1213 2194 1392 2240 salutem
1411 2214 1423 2247 3

44 2277 251 2329 tanquam
278 2267 312 2312 si
334 2267 565 2331 quisquam
590 2285 632 2313 se
660 2266 996 2314 medicinalibus
1019 2266 1290 2313 ferramentis
1323 2283 1426 2327 gra-

45 2337 154 2392 viter
181 2349 329 2394 vexet,
365 2356 466 2402 quae
498 2340 648 2402 utique
674 2356 758 2394 non
796 2338 851 2384 ad
883 2337 1235 2394 vulnerandum,
1261 2337 1335 2383 sed
1373 2336 1429 2383 ad

46 2409 287 2465 ,sanandum
308 2421 409 2456 sunt
438 2411 652 2456 instituta.
680 2410 869 2456 Multum
906 2421 1049 2456 autem
1074 2408 1370 2463 laboravimus
1388 2419 1430 2454 et

46 2478 323 2537 laboramus,
347 2491 561 2545 quantum
602 2481 816 2528 Dominus
846 2480 980 2526 donat
1005 2518 1016 2543 ,
1054 2490 1206 2527 contra
1238 2479 1429 2526 diversos

49 2567 212 2596 errores
241 2551 495 2611 arguendos.
531 2551 614 2597 Sed
654 2551 857 2598 labOrum
893 2562 1141 2598 nostrorum
1167 2550 1380 2615 opuscula
1399 2551 1434 2597 si
