1769 3235
341 239 355 271 1
375 225 431 280 14
745 238 779 267 3.
822 235 1067 267 Aucusrtm
1102 235 1308 268 Emscom

397 305 496 351 XX.
539 304 762 349 Postremo
787 300 924 346 multo
952 301 1109 347 certius
1133 301 1413 365 securiusque
1432 301 1594 350 dicitur
1615 304 1709 351 Do-

335 375 443 421 mini
478 374 712 420 adventum
748 373 863 419 intra
892 372 1186 436 septuaginta,
1227 383 1327 428 aut,
1367 384 1416 418 ut
1440 373 1705 437 plurimum,

332 446 448 492 intra
472 455 647 491 centum
670 461 801 490 annos
820 443 1016 489 futurum
1035 480 1046 500 ,
1071 443 1105 488 si
1129 443 1428 489 hebdomades
1447 446 1542 491 istae
1565 446 1710 509 ipsum
1764 460 1768 487 τ

332 517 649 580 praenuntiant.
677 514 792 562 Anni
810 514 925 559 enim
947 513 1255 578 quadringenti
1276 514 1514 573 nonaginta
1538 526 1639 561 sunt
1665 516 1711 561 in

331 586 690 632 hebdomadibus
727 584 1011 647 septuaginta.
1054 587 1089 630 A
1117 584 1341 629 nativitate
1367 595 1507 630 autem
1534 586 1711 632 Domini

327 657 461 703 hodie
495 666 810 720 computantur
849 656 949 701 anni
975 655 1107 701 ferme
1135 655 1446 719 quadringenti
1480 656 1664 716 viginti,
1689 674 1712 703 a

329 728 642 774 resurrectione
669 737 812 772 autem
834 726 902 772 vel
927 727 1168 772 ascensione
1197 729 1287 786 ejus
1313 726 1417 771 anni
1447 726 1546 789 plus
1568 728 1714 773 minus

332 815 483 845 cccxc.
522 800 584 844 Ac
618 815 697 862 per
734 797 848 851 hoc,
895 797 928 842 si
966 814 1012 842 ex
1051 813 1137 860 quo
1174 808 1385 842 natusest
1409 808 1709 861 computetur,

326 870 599 934 septuaginta
633 879 735 915 sunt
771 866 959 931 reliqui3
1005 869 1039 913 si
1065 884 1112 913 ex
1132 884 1219 930 quo
1248 884 1398 931 passus
1421 878 1512 923 est,
1541 868 1714 914 circiter
1760 871 1769 920 4

327 951 504 986 centum
525 949 748 986 remanent
775 955 785 982 ε
818 938 931 983 intra
951 954 1060 1000 quos
1088 937 1279 982 Danielis
1300 954 1447 982 omnes
1464 937 1715 984 hebdoma-
1759 967 1769 1003 :⁴

328 1011 425 1066 des,
452 1011 485 1056 si
509 1011 563 1057 de
591 1009 824 1056 novissimo
847 1012 937 1068 ejus
958 1007 1150 1054 adventu
1180 1008 1456 1072 prophetatae
1481 1020 1598 1066 sunt,
1628 1010 1714 1055 im-
1759 1006 1769 1078 4-

331 1081 588 1145 plebuntur.
635 1079 724 1137 Qui
762 1095 863 1139 ergo
899 1078 1007 1124 dicit
1041 1079 1156 1125 intra
1197 1089 1263 1124 tot
1300 1096 1436 1125 annos
1470 1079 1580 1137 erit,
1609 1091 1715 1126 tunc
1758 1100 1769 1140 gv

326 1152 484 1198 falsum
506 1151 614 1197 dicit
637 1151 671 1196 si
694 1150 808 1196 ultra
831 1150 926 1196 erit.
962 1149 1046 1196 Sed
1085 1149 1189 1213 quia
1222 1150 1570 1206 breviabuntur,
1599 1167 1716 1214 pau—

330 1224 467 1269 ciores
497 1233 707 1287 poterunt
741 1238 828 1268 esse
848 1259 859 1279 ,
898 1239 986 1268 non
1016 1221 1177 1285 plures.
1206 1222 1340 1266 Recte
1359 1221 1507 1284 itaque
1526 1221 1710 1279 dicitur,
1756 1227 1769 1277 ξ,

328 1296 448 1341 Intra
475 1295 556 1341 hos
583 1294 689 1351 erit,
729 1296 939 1357 quoniam
976 1292 1304 1357 quantumlibet
1340 1293 1612 1352 brevientur,
1636 1311 1717 1340 ve-

329 1384 429 1414 rum
453 1367 547 1414 erit.
575 1367 676 1429 Ipsa
700 1382 887 1429 namque
904 1365 1121 1412 breviatio
1148 1365 1182 1410 si
1205 1382 1256 1410 eo
1283 1364 1414 1410 modo
1437 1364 1717 1426 intelligenda
1754 1370 1769 1434 41

328 1449 390 1485 est
412 1449 460 1485 ut
478 1439 705 1502 pauciores
730 1437 838 1483 fiant
856 1473 867 1493 ‚
894 1436 1009 1483 ultra
1032 1454 1102 1483 eos
1127 1435 1241 1482 diem
1263 1436 1442 1481 Domini
1462 1436 1607 1483 venire
1623 1453 1716 1483 non
1753 1452 1769 1492 44

329 1510 514 1574 patitur,
552 1507 626 1554 sed
663 1508 798 1567 magis
839 1508 1062 1571 magisque
1100 1507 1214 1553 intia
1249 1524 1319 1552 eos
1352 1517 1518 1570 quanto
1555 1506 1717 1553 fuerint
1752 1494 1762 1618 4

332 1581 576 1658 pauciores.
608 1580 708 1625 Non
739 1578 872 1638 igitur
905 1579 987 1624 ista
1012 1579 1227 1624 breviatio
1253 1578 1406 1623 turbat
1427 1589 1716 1642 computato·
1752 1592 1769 1647 44

335 1671 452 1708 rem,
495 1650 573 1715 qui
606 1667 654 1695 eo
681 1649 812 1695 modo
850 1649 1098 1705 definierit,
1138 1660 1185 1695 ut
1216 1648 1335 1694 dicat
1357 1648 1471 1694 intra
1496 1659 1562 1695 tot
1583 1667 1721 1696 annos
1751 1649 1769 1714 4

339 1723 454 1771 diem
481 1720 660 1766 Domini
684 1737 768 1765 esse
791 1731 1048 1775 venturum3
1078 1720 1152 1766 sed
1189 1719 1371 1779 adJ'uvat
1408 1719 1576 1783 potiu3‚
1602 1738 1720 1785 quo-
1750 1701 1769 1787 44

340 1796 457 1843 niam
475 1803 640 1871 quanto
661 1791 796 1851 magis
823 1791 876 1837 ad
895 1791 1164 1854 paucitatem
1187 1790 1440 1851 redigentur
1463 1791 1571 1848 dies,
1599 1803 1721 1838 tanto
1749 1800 1762 1864 4

341 1865 480 1925 magis
509 1863 590 1909 erit
618 1863 761 1918 intra,
797 1872 840 1907 et
869 1862 985 1908 ultra
1009 1879 1096 1908 esse
1117 1879 1207 1908 non
1231 1862 1436 1925 poterit:
1468 1874 1597 1927 atque
1623 1863 1752 1911 ideo
1748 1886 1759 1939 4.-

340 1956 492 1988 verum
516 1937 596 1983 erit
613 1935 732 2000 quod
754 1935 813 1980 ita
835 1935 1059 1993 definitur,
1088 1947 1136 1982 ut
1160 1936 1332 1981 dicatur
1359 1936 1472 1982 intra
1501 1947 1562 1982 tot
1587 1955 1721 1986 annos
1747 1949 1752 2007 4

343 2011 453 2066 erit,
479 2007 677 2072 quamvis
696 2006 915 2052 nesciatur
936 2023 1025 2070 quo
1050 2023 1164 2052 anno
1186 2005 1386 2053 futurum
1408 2007 1477 2054 sit.
1747 1995 1751 2055 4

410 2081 532 2126 XXI.
561 2076 753 2124 Proinde
776 2087 866 2122 tota
889 2077 1073 2141 quaestio
1097 2088 1194 2123 est.
1227 2089 1371 2123 utrum
1394 2078 1587 2125 Danielis
1615 2079 1723 2126 heb-
1745 2048 1769 2151 44

342 2151 550 2201 domades
570 2150 713 2213 primo
738 2148 928 2195 adventu
951 2149 1168 2195 Domini
1157 2167 1248 2199 imi
1235 2149 1350 2195 letae
1376 2149 1485 2206 sint,
1510 2169 1564 2197 an
1591 2152 1722 2198 finem·
1745 2150 1750 2215 4

344 2223 493 2272 saeculi
512 2220 899 2286 prophetaverint,
931 2238 985 2265 an
1012 2219 1067 2266 ad
1094 2231 1329 2282 utrumque
1353 2221 1613 2283 pertineant.
1640 2221 1748 2279 Νὺξ

343 2313 429 2361 que
452 2294 564 2341 enim
588 2291 663 2356 qui
696 2291 825 2336 etiam
860 2291 949 2337 hoc
977 2303 1177 2355 saperent
1213 2291 1443 2337 defuerunt
1461 2330 1472 2347 ,
1500 2291 1691 2339 dicentes
1707 2320 1719 2351 ‚·

345 2378 538 2430 tempoie
560 2361 692 2428 primi
714 2361 923 2408 adventus
958 2362 1123 2408 Christi
1147 2380 1232 2408 esse
1259 2361 1526 2425 completas,
1555 2373 1596 2408 et
1622 2364 1747 2436 inde}

340 2453 477 2502 usque
504 2434 559 2481 ad
594 2435 722 2479 finem
757 2433 905 2479 saeculi
935 2432 1114 2478 totidem
1146 2449 1294 2478 rulsus
1314 2449 1402 2478 esse
1419 2432 1718 2496 complendas.
1740 2439 1746 2503 4

338 2507 555 2573 Equidem
576 2502 704 2551 video
726 2503 828 2566 quia
847 2504 881 2550 si
912 2505 1080 2568 primus
1098 2521 1168 2550 eas
1185 2521 1273 2549 non
1292 2504 1532 2567 complevit
1556 2496 1755 2599 θάνω-4

335 2590 429 2638 tus,
446 2592 614 2626 necesse
631 2584 692 2621 est
711 2583 757 2619 ut
775 2575 993 2623 secundus
1014 2592 1084 2623 eas
1105 2574 1364 2640 compleam
1386 2576 1600 2639 quoniam
1614 2587 1743 2657 ΡΓο-4
