1769 3235
0 0 18 176 l

1 181 14 318 ι1

492 257 706 289 EmsronA
743 259 971 290 ccxxxvu.
1337 248 1362 291 3
1378 263 1387 292 ι
1401 265 1428 312 9

120 324 202 370 111.
233 323 575 370 priscillianistae
601 340 702 369 vero
721 325 943 387 accipiunt
965 326 1109 372 omnia
1130 337 1170 372 et
1196 328 1424 379 canonica,

51 403 93 439 et
120 394 379 458 apocrypha
401 393 543 440 simul.
589 392 675 439 Sed
715 411 1010 458 quaecumque
1035 413 1134 459 quae
1172 408 1324 443 contra
1360 415 1430 444 eos

46 474 162 521 sunt,
188 463 232 510 in
256 482 346 511 suae
359 463 651 529 perversitatis
673 481 818 509 sensus
845 464 1079 528 aliquando
1112 466 1268 513 callida
1293 478 1333 513 et
1360 486 1425 514 as-

45 545 158 592 tuta,
181 535 417 615 aliquando
436 535 621 582 ridicula
639 545 680 580 et
694 533 846 580 hebeti
871 537 1135 599 expositione
1149 550 1421 602 pervertunt.

0 650 2 670 ἰ
46 602 135 652 Nec
169 606 395 653 saltemita
434 617 482 653 ut
525 624 572 652 ea
594 606 705 670 ipsa,
729 623 828 669 quae
852 618 1075 669 exponunt
1101 608 1157 653 ab
1179 626 1269 655 suae
1300 622 1426 656 sectae

44 676 301 724 hominibus
319 678 413 724 alie
406 678 484 734 iis,
522 695 623 724 vera
649 694 735 723 esse
769 676 892 723 cred
877 688 979 723 nt:
1031 678 1223 742 alioquin
1252 692 1323 726 aut
1349 699 1425 728 ca-

0 756 1 774 ¹
44 744 196 794 tholici
219 759 606 805 esseut‚1utnon
637 747 825 794 multum
849 766 869 793 a
895 749 1072 794 veritate
1098 748 1242 805 alieni,
1271 751 1347 814 qui
1383 762 1425 797 et

41 819 84 865 in
100 819 203 882 ipsis
219 820 474 884 scripturis
463 838 627 884 apocr)
631 820 732 884 phis
752 836 897 865 sensus
912 818 1175 865 catholicos
1165 837 1237 865 iux
1242 822 1425 881 enirent‚

42 900 116 936 aut
151 889 343 936 invenire
364 890 469 937 velle
498 891 779 937 xideientur:
799 889 871 936 sed
895 908 995 936 cum
1014 890 1097 954 ipsi
1119 890 1199 936 alia
1218 908 1318 937 cum
1338 892 1424 939 suis

40 960 242 1017 sentiant,
261 973 388 1025 atque
412 963 524 1008 inter
549 980 646 1008 suos
671 962 874 1017 doceant,
897 962 982 1006 sive
1001 961 1189 1016 discant,
1217 979 1317 1026 quae
1335 980 1422 1009 non

41 1028 200 1077 audent
223 1033 426 1096 prodere,
455 1034 663 1097 quoniam
686 1050 832 1079 revera
877 1032 1039 1078 nefaria
1075 1043 1177 1078 sunt
1205 1045 1245 1078 et
1281 1030 1425 1080 detes-

41 1097 196 1158 tanda;
220 1113 366 1148 tamen
387 1102 518 1149 fidem
545 1103 810 1150 catholicam
834 1104 911 1159 eis,
940 1120 1049 1167 quos
1069 1103 1238 1150 timent.
1262 1104 1423 1168 praedi-

38 1182 157 1229 cant,
185 1191 271 1220 non
299 1191 429 1238 quam
465 1186 667 1230 teneant,
713 1174 785 1221 sed
809 1174 892 1220 sub
914 1192 1000 1238 qua
1024 1174 1198 1222 lateant.
1235 1174 1423 1222 Possunt

34 1243 147 1289 enim
174 1243 308 1309 aliqui
331 1246 528 1292 haeretici
568 1246 747 1310 reperiri
777 1245 953 1291 fortasse
977 1246 1292 1292 immundiores
1309 1285 1318 1302 ‚
1345 1245 1417 1293 sed

37 1313 181 1362 nullus
207 1316 297 1362 istis
320 1315 489 1363 fallacia
508 1328 803 1380 comparatur.
831 1317 917 1363 Alii
940 1317 1108 1380 quippe
1136 1328 1182 1363 nt
1207 1329 1307 1363 sunt
1330 1316 1417 1364 ho-

34 1386 201 1432 minum
225 1387 347 1442 vitia,
377 1388 429 1434 de
449 1388 582 1447 hujus
611 1389 713 1434 vitae
737 1388 1051 1436 consuetudine
1075 1387 1141 1433 vel
1163 1387 1417 1434 infirmitate

36 1458 319 1506 mentiuntur.
356 1459 430 1505 Isti
461 1469 603 1504 autem
627 1458 672 1504 in
692 1459 787 1522 ipsa
813 1457 974 1504 nefaria
1010 1458 1211 1504 doctrina
1244 1458 1420 1504 haeresis

35 1544 122 1574 suae
146 1542 417 1594 praeceptum
452 1530 616 1576 hahere
649 1529 962 1594 prohibentur,
985 1540 1031 1575 ut
1055 1528 1421 1575 occultandorum

35 1599 286 1659 dogmatum
311 1619 487 1648 suorum
508 1618 655 1658 causa>
676 1600 808 1647 etiam
826 1619 925 1647 cum
947 1600 1418 1660 falsajurationemen-

36 1672 211 1720 tiantur.
262 1673 320 1718 Hi
354 1673 430 1738 qui
452 1691 523 1718 eos
547 1675 710 1737 experti
746 1684 862 1729 sunt,
902 1684 942 1718 et
960 1675 1154 1736 ipsorum
1180 1671 1353 1718 fuerant
1376 1671 1411 1727 ¹,

35 1751 162 1805 atque
179 1742 235 1788 ab
255 1743 312 1789 eis
336 1743 415 1789 Dei
450 1742 744 1789 misericordia
768 1743 942 1789 liberati
977 1754 1095 1794 sunt,
1124 1741 1253 1788 etiam
1277 1743 1412 1789 verba

31 1811 123 1875 ipsa
152 1814 364 1878 praecepti
385 1813 519 1874 hujus
543 1813 620 1859 ista
639 1824 1002 1869 commemorant⁷

273 1939 353 1968 Jura
367 1963 375 1977 ‚
396 1938 523 1979 perjura
535 1964 543 1978 ‚
564 1942 721 1968 secretum
743 1935 879 1978 prodere
895 1934 978 1965 noli.

97 2033 171 2080 IV.
204 2033 393 2079 Proinde
429 2044 478 2080 ut
501 2033 590 2079 sine
616 2033 704 2080 ulla
726 2031 986 2079 difficultate
1032 2030 1247 2086 videatur,
1274 2044 1409 2094 quam

31 2120 118 2150 non
144 2103 231 2149 hoc
253 2104 443 2150 sentiunt
464 2102 517 2149 de
546 2102 775 2167 scripturis
798 2098 1088 2166 apocryphis,
1118 2099 1238 2164 quod
1260 2118 1302 2146 se
1342 2118 1416 2147 ex-

32 2192 191 2239 ponere
214 2175 437 2232 simulant,
464 2176 575 2221 ratio
604 2173 921 2221 consideranda
955 2183 1035 2226 est,
1069 2189 1202 2236 quam
1234 2171 1416 2218 reddere

29 2247 249 2302 videntur,
275 2257 320 2292 ut
340 2246 498 2292 eisdem
525 2246 752 2310 scripturis
779 2256 986 2308 tanquam
1015 2243 1163 2289 divina
1189 2243 1416 2289 tribuatur

31 2317 280 2372 auctoritas,
318 2328 366 2363 ut
394 2317 512 2381 quod
547 2317 767 2363 scelestius
794 2327 872 2366 est.,
902 2315 1031 2360 etiam
1056 2314 1280 2359 canonicis
1305 2331 1416 2377 prae-

28 2387 180 2434 ferant.
216 2388 361 2433 Habes
397 2389 529 2433 verba
566 2404 715 2433 eorum
754 2386 799 2432 in
839 2385 915 2432 illo
958 2383 1109 2430 codice
1141 2384 1201 2430 ita
1235 2385 1413 2448 positaz

29 2479 48 2500 «
70 2459 302 2522 [Hymnus
331 2458 523 2515 Domini,
552 2475 682 2521 quem
704 2457 813 2503 dixit
834 2466 992 2502 secrete
1018 2458 1176 2501 sanctis
1200 2454 1418 2519 Apostolis

29 2529 295 2592 »discipulis
314 2529 400 2574 suis
421 2531 525 2593 quia
556 2529 768 2592 scripturn
793 2538 855 2574 est
887 2526 932 2573 in
955 2525 1209 2587 Evangelio,
1234 2527 1414 2592 Hymno

75 2614 84 2635 ¹
105 2613 184 2644 Vide
202 2613 256 2644 lib.
277 2624 306 2643 2.
330 2615 472 2645 Reum-1.
498 2623 567 2655 rap.
586 2614 642 2642 fio.
