1769 3235
489 310 702 343 EPISTOLA
736 312 922 345 CXCVIII.
1340 321 1401 368 99

32 380 186 428 iterum
211 378 320 427 dicit
343 397 355 427 ι
382 401 403 423 «
421 380 501 426 His
523 390 666 426 autem
688 381 783 426 fieri
805 380 1116 444 incipientibus
1135 421 1145 439 ‚
1169 387 1403 450 respirabi-

33 474 53 496 »
78 453 154 509 tis,
177 463 219 498 et
240 451 441 498 levabitis
464 452 609 515 capita
641 461 804 508 vestra,
833 452 1040 515 quoniam
1068 458 1408 522 appropinqua-

34 545 54 567 »
76 523 145 569 bit
180 523 423 586 redemptio
458 522 644 569 vestrass.
670 543 691 564 »
723 522 835 579 Quae
870 533 1013 569 auten]
1049 524 1167 584 signa
1208 527 1313 574 dixit
1337 531 1408 575 vi-

33 593 196 648 denda,
223 592 495 639 manifestum
521 593 649 638 estin
683 591 916 651 Evangelio
951 594 1087 639 sancti
1119 595 1273 653 Lucre,
1304 618 1325 639 «
1349 600 1406 645 Et

33 685 54 707 »
76 663 313 710 Jerusalem
353 662 596 709 calcabitur
630 680 652 707 a
687 663 888 722 gentibus
911 699 921 719 ,
965 662 1105 709 donec
1139 665 1406 729 impleantur

33 755 54 778 >³
77 745 272 798 tempora
288 732 505 794 gentium²
534 770 545 790 ‚
570 755 590 775 »
611 732 700 779 hoc
721 732 886 779 factum
902 744 988 790 est,
1009 744 1051 779 et
1075 735 1166 781 fieri
1186 737 1295 784 nulli
1318 739 1406 786 du-

31 806 155 852 bium
176 816 251 852 est.
278 807 333 851 Et
348 804 618 867 insequitur:
643 825 663 845 «
680 805 734 849 Et
748 814 874 849 erunt
887 804 1005 864 signa
1022 806 1068 850 in
1085 805 1172 852 sole
1189 818 1230 852 et
1244 808 1345 854 luna
1365 822 1408 856 et

34 897 54 920 n
77 877 121 922 in
147 875 278 922 stellis
297 913 307 931 ‚
337 886 379 921 et
400 875 446 921 in
470 885 580 920 terra
602 890 800 938 pressura
822 874 1041 934 gentium³
1064 893 1075 920 ι
1095 897 1115 918 »
1138 894 1185 922 ea
1203 895 1304 941 quae
1326 897 1407 943 pa-

32 947 166 993 timur
183 945 383 992 confiteri
399 956 441 991 et
461 961 596 1009 poena
616 944 841 1008 compellit
859 982 869 1001 ‚
894 945 928 991 si
949 945 1060 992 forte
1078 964 1166 993 non
1186 960 1308 994 curet
1333 967 1409 996 vo-

31 1017 189 1065 luntas,
219 1019 328 1063 Nam
346 1017 389 1062 in
416 1033 503 1062 uno
519 1027 714 1079 tempore
738 1016 910 1076 etsigna
931 1017 977 1063 in
1000 1017 1115 1064 coelo
1140 1018 1208 1082 (8)
1224 1031 1266 1066 et
1285 1038 1410 1084 pres-

33 1105 175 1135 suram
199 1089 392 1149 gentium
417 1087 463 1133 in
490 1087 612 1132 terris
636 1087 692 1132 ab
714 1086 969 1133 hominibus
998 1088 1135 1135 videri
1153 1100 1195 1136 et
1210 1093 1411 1139 sustineri

33 1159 306 1206 manifestum
324 1169 399 1204 est.
423 1158 763 1220 Etinsequitur:
785 1179 805 1200 «
827 1160 1135 1206 Arescentibus
1156 1161 1411 1210 hominibus

32 1251 54 1273 »
80 1247 173 1293 prae
192 1230 369 1284 timore,
391 1239 433 1273 et
449 1228 743 1292 expectatione
764 1244 864 1290 quae
884 1231 1190 1291 supervenient
1210 1233 1410 1280 universo

34 1322 54 1344 »
74 1301 186 1348 orbi.
208 1322 228 1343 »
253 1311 294 1347 et
322 1300 468 1346 omnia
499 1301 616 1359 signa
635 1336 645 1356 ,
674 1315 775 1362 quae
807 1300 1006 1362 superius
1032 1301 1316 1362 Evangelium
1344 1304 1412 1350 le-

0 1393 1 1429 i
33 1372 232 1432 gentibus
249 1370 493 1416 manifestat
508 1407 518 1425 ‚
539 1387 586 1415 ex
605 1370 789 1415 maxima
810 1380 934 1433 parte
948 1370 1165 1434 completa
1190 1384 1304 1421 sunt.
1327 1396 1347 1418 >>

0 1435 2 1506 ξ
97 1444 171 1490 VI.
206 1463 225 1483 c<
248 1441 381 1498 Quod
401 1451 544 1487 autem
564 1440 734 1486 dictum
755 1452 818 1486 est
839 1459 849 1486 ε
869 1442 961 1486 «Et
979 1442 1303 1504 praedicabitur
1323 1446 1411 1493 boc

0 1509 3 1545 1³
33 1536 53 1556 «
81 1513 363 1573 Evangelium
380 1513 423 1558 in
443 1512 643 1558 universo
661 1511 829 1557 mundo
847 1549 857 1567 ‚
876 1522 917 1557 et
934 1522 1038 1558 tunc
1057 1513 1200 1559 veniet
1216 1515 1340 1562 finis4
1360 1536 1369 1562 :
1394 1540 1415 1560 ›>

2 1622 3 1636 2
34 1586 228 1632 Primum
259 1584 379 1648 quod
412 1583 547 1647 ipsius
582 1582 760 1628 Domini
792 1582 1069 1646 repromissio
1098 1583 1196 1630 talis
1222 1585 1333 1643 fuit,
1364 1600 1411 1634 ut

2 1654 4 1683 ⁵
33 1657 114 1722 ipsi
140 1655 337 1720 Apostoli
370 1659 462 1715 ejus
486 1654 674 1700 nominis
697 1664 738 1699 et
763 1654 1086 1700 resurrectionis
1112 1665 1236 1702 testes
1260 1658 1414 1705 fierent

2 1707 7 1777 1
31 1727 77 1774 in
105 1726 340 1773 Jerusalem
356 1764 366 1782 ‚
400 1736 442 1771 et
467 1725 512 1771 in
535 1724 688 1770 Judaea
710 1762 720 1780 ,
745 1735 786 1770 et
808 1725 853 1770 in
876 1725 1070 1771 Samaria
1086 1762 1096 1780 ‚
1132 1736 1173 1771 et
1197 1744 1333 1792 usque
1358 1731 1414 1776 ad

4 1789 7 1853 l
33 1809 269 1845 extremum
290 1795 443 1843 terrae5
461 1833 471 1849 ‚
497 1806 539 1841 et
564 1795 799 1858 Apostolus
822 1794 909 1840 hac
937 1796 1196 1843 auctoritate
1217 1798 1369 1854 docet3
1396 1822 1416 1841 »

5 1859 8 1917 1
35 1891 55 1912 c<
79 1869 161 1915 Sed
186 1869 286 1915 dico
311 1885 322 1913 t
351 1866 579 1930 Numquid
600 1883 688 1911 non
707 1865 970 1912 audierunt?
992 1867 1044 1911 In
1066 1883 1236 1913 omnem
1255 1880 1415 1916 terram

6 1924 9 1988 1
35 1961 56 1984 »
77 1941 205 1986 exivit
238 1956 368 1985 sonus
389 1954 538 1984 eorum
554 1974 564 1993 ‚
597 1947 638 1982 et
660 1936 705 1982 in
728 1937 833 1982 fines
871 1936 989 1981 orbis
1025 1947 1150 1983 terrae
1175 1941 1308 1986 verba
1335 1959 1412 1987 co-

7 1989 9 2041 1
36 2033 56 2054 >>
78 2011 221 2058 rumss.
244 2033 264 2052 >2
285 2011 395 2055 Item
419 2045 431 2064 ,
452 2029 473 2050 <c
494 2009 681 2070 Propter
702 2023 822 2070 spem
844 2023 944 2070 quae
969 2008 1157 2070 reposita
1181 2021 1242 2057 est
1261 2013 1385 2059 vobis
1401 2052 1412 2069 ‚

8 2071 11 2100 ³
35 2103 57 2126 1>
78 2099 210 2146 quam
235 2091 332 2127 ante
366 2078 546 2126 audistis
564 2077 609 2124 in
635 2078 769 2123 verbo
797 2078 992 2124 Veritatis
1019 2080 1268 2140 Evangelii,
1292 2086 1411 2147 quod

9 2176 12 2210 4
37 2174 58 2196 »
82 2153 255 2199 advenit
275 2152 320 2198 in
335 2168 434 2208 vos,
458 2150 570 2196 sicut
595 2149 701 2194 etin
720 2149 837 2195 omni
865 2149 1032 2195 mundo
1061 2162 1123 2195 est
1145 2151 1416 2202 fructificans

10 2217 14 2283 1
37 2245 58 2267 »
82 2235 122 2270 et
143 2222 384 2271 crescens7.
412 2243 433 2264 »
455 2220 541 2267 Sed
564 2220 621 2266 ab
645 2219 864 2283 Apostolis
891 2220 1092 2266 nuntiata
1116 2222 1222 2268 fides
1242 2224 1286 2269 in
1316 2243 1418 2286 gen-

12 2295 174 2359 stibus,
213 2293 374 2341 habuit
411 2292 571 2338 multos
602 2302 900 2355 persecutores
921 2328 931 2348 ‚
965 2302 1014 2337 ut
1050 2303 1214 2340 retenta
1252 2297 1419 2344 tardius

12 2367 16 2432 l
37 2365 336 2421 invalesceret,
352 2374 401 2410 ut
416 2362 531 2409 illud
550 2362 808 2426 impleretur
830 2381 840 2408 :
863 2381 881 2404 α
908 2363 1019 2409 Ante
1044 2363 1140 2410 haec
1157 2366 1303 2412 onmia
1319 2370 1416 2432 pri-

14 2456 17 2502 3
39 2457 60 2479 »
82 2454 199 2484 mum
225 2437 270 2483 in
283 2453 358 2483 vos
374 2451 529 2481 manus
550 2434 788 2480 immittent
809 2450 931 2490 suaS‚
955 2444 995 2479 et
1019 2448 1352 2499 persequentur,
1375 2453 1419 2488 et

15 2505 18 2574 ᾗ
39 2531 59 2552 »
83 2508 254 2555 tradent
278 2524 354 2555 vos
386 2507 433 2553 in
459 2522 696 2570 synagogas
715 2516 756 2551 et
782 2505 828 2552 in
856 2504 1076 2552 custodias
1092 2543 1104 2563 ,
1126 2506 1332 2557 ducentes
1359 2513 1416 2560 ad

84 2613 96 2636 ¹
114 2615 188 2644 Luc.
205 2620 273 2649 xxi,
290 2611 346 2642 28.
371 2622 414 2633 ⁶—
431 2605 447 2629 2
462 2606 548 2642 Ibid.
570 2614 684 2644 24.—
702 2603 717 2629 3
737 2605 822 2641 lbid.
846 2607 904 2641 25.
935 2624 978 2631 —
1006 2603 1021 2628 ⁴
1048 2605 1167 2642 Matth.
1185 2619 1278 2650 xxiv,
1298 2620 1339 2651 14
1356 2640 1364 2658 ‚
1384 2628 1423 2659 et

17 2651 20 2676 1
39 2671 137 2705 Mare.
153 2676 214 2701 xm
227 2693 239 2712 ‚
261 2677 315 2699 ιο.
327 2663 399 2691 ...5
417 2667 513 2699 Rom.
529 2675 562 2706 x,
584 2664 694 2698 18.--
709 2661 726 2688 6
743 2663 829 2699 Psal.
847 2671 945 2707 xvim,
962 2663 1052 2695 5.—
1065 2661 1080 2687 ⁷
1093 2663 1217 2698 Coloss.
1236 2678 1266 2707 1,
1288 2670 1321 2703 5.

1243 2737 1286 2788 7·
