1769 3235
540 295 751 327 netsroLA
785 298 883 329 cxc.
1339 300 1395 348 27

28 363 184 410 anima.
210 362 277 409 An
300 358 668 408 immortalitatem
698 370 802 406 tunc
826 362 1014 425 accipit,
1034 364 1212 426 quando
1229 364 1398 411 forma·-

27 445 101 481 tur
125 443 174 478 ut
191 432 333 488 vivat,
354 431 466 477 sicut
491 430 703 490 justitiam
721 432 899 494 quando
925 432 1137 480 formatur
1159 446 1208 481 ut
1236 439 1390 499 sapiat.

28 507 85 552 Et
101 520 190 569 quo
213 513 344 566 pacto
366 518 460 548 cani
486 502 598 550 Deus
621 502 757 561 fingat
778 503 823 548 in
843 503 1039 558 homine,
1063 506 1227 551 etiamsi
1253 508 1397 555 anima

25 572 287 622 seminaliter
310 571 509 617 trahatur
546 587 593 616 ex
619 572 760 617 anima
784 609 796 628 ,
835 573 946 619 sieut
981 575 1106 633 fingit
1141 575 1187 620 in
1218 576 1396 623 homine

25 643 224 706 eorporis
241 642 457 696 membra,
485 640 683 704 quamvis
714 658 873 705 corpus
909 644 1171 691 seminaliter
1199 646 1398 693 trahatur

25 731 72 760 ex
89 730 287 776 corpore.
319 713 364 759 Si
383 712 496 758 enim
518 728 605 756 non
624 712 753 757 etiam
773 714 979 776 spiritalis
998 726 1197 761 creatura
1219 718 1399 777 fingere-

26 795 97 831 tur
132 802 156 830 a
186 786 305 839 Deo,
337 800 426 828 non
465 783 679 845 scriptum
709 794 845 839 esset,
876 805 896 825 c<
918 785 1008 841 Qui
1043 786 1169 846 fingit
1194 788 1398 850 spiritum

25 875 48 899 »
63 854 253 901 hominis
276 855 320 900 in
343 855 439 917 ipso
453 853 488 901 1.
511 875 532 895 »
557 855 612 898 Et
634 854 680 899 in
702 871 752 900 eo
777 855 896 918 quod
920 855 1098 916 legitur,
1127 877 1148 899 «
1169 858 1256 915 Qui
1278 854 1402 905 finxit

25 949 47 970 2,
67 926 316 986 singillatim
336 925 471 972 corda
486 925 715 971 hominum
730 927 776 981 ²3
801 947 820 968 ›>
839 928 873 972 si
892 944 969 990 per
990 927 1123 974 corda
1145 929 1400 989 significatae

22 1008 124 1044 sunt
143 998 298 1044 animae
322 1034 332 1052 ‚
361 997 467 1056 fingi
494 1013 561 1042 cas
585 1013 710 1059 posse
738 998 834 1060 quis
858 998 1062 1045 dubitet?
1093 1000 1164 1045 sed
1185 1001 1401 1064 quaeritur

23 1077 169 1113 utrum
188 1085 236 1113 ex
270 1084 354 1113 una
386 1067 529 1112 anima
564 1065 755 1113 hominis
774 1068 904 1131 primi
933 1086 944 1114 ε
972 1070 1083 1115 sicut
1103 1071 1228 1131 fingit
1246 1071 1400 1131 singil-

22 1136 144 1183 latim
168 1137 298 1183 facies
332 1137 564 1183 hominum
587 1173 598 1193 ,
636 1153 684 1182 ex
719 1154 807 1183 uno
830 1149 974 1185 tamen
996 1156 1181 1203 corpore
1211 1141 1402 1188 hominis

22 1207 168 1272 primi.

87 1279 206 1325 XVI.
247 1278 361 1324 Cum
398 1278 497 1324 haec
533 1288 664 1341 atque
703 1278 959 1338 hujusmodi
991 1280 1045 1326 (le
1083 1281 1167 1327 hac
1198 1298 1243 1328 re
1265 1281 1403 1328 multa

23 1359 299 1414 quaeruntur‚
338 1366 438 1412 quae
468 1349 591 1395 nullo
625 1366 750 1395 sensu
783 1350 925 1395 carnis
954 1351 1166 1414 explorari
1189 1363 1400 1415 possunt,

25 1429 66 1466 et
95 1438 117 1466 a
142 1430 288 1465 nostra
309 1420 568 1483 experientia
595 1419 720 1480 longe
746 1431 910 1466 remota
936 1433 1061 1478 sunt,
1098 1433 1226 1486 atque
1253 1423 1298 1468 in
1320 1423 1403 1468 ab-

25 1490 245 1537 ditissimis
294 1501 464 1536 naturae
503 1491 668 1536 finibus
714 1491 850 1536 latent
878 1528 889 1547 ‚
937 1509 1026 1538 non
1061 1493 1405 1540 erubescendum

25 1572 88 1608 est
113 1561 280 1607 homini
312 1562 510 1607 confiteri
541 1578 583 1607 se
613 1562 778 1607 nescire
803 1562 921 1625 quod
956 1564 1116 1619 nescit,
1145 1581 1198 1609 ne
1230 1565 1337 1610 dnm
1362 1581 1404 1611 se

25 1632 133 1678 scire
148 1631 373 1686 mentitur,
398 1648 622 1694 nunquam
644 1632 751 1678 scire
770 1643 1001 1681 mereatur.
1035 1634 1144 1690 Quis
1165 1645 1309 1680 autem
1332 1651 1406 1681 ne-

26 1713 99 1763 gat
118 1720 202 1748 non
218 1703 347 1748 unius
364 1713 531 1749 tantum
548 1737 559 1755 ,
580 1702 654 1748 sed
674 1703 813 1749 omnis
826 1704 983 1750 animae
1003 1715 1238 1750 creatorem
1259 1710 1404 1751 Deum

28 1784 156 1837 atque
180 1773 388 1819 factorem
408 1810 420 1829 ‚
445 1774 527 1819 nisi
545 1774 623 1837 qui
654 1778 746 1834 ejus
770 1774 955 1837 eloquiis
976 1776 1243 1838 apertissime
1265 1776 1405 1822 refra-

28 1846 186 1904 gatur?
217 1843 319 1889 Sine
337 1843 425 1889 ulla
444 1844 612 1907 quippe
636 1845 920 1904 ambiguitate
937 1863 1016 1908 per
1040 1846 1310 1909 Proplietam
1333 1846 1406 1893 di·-

29 1914 88 1959 cit
113 1930 124 1958 t
156 1934 176 1954 ι(
199 1913 387 1960 Omnem
417 1913 572 1959 flatum
597 1930 674 1973 ego
705 1913 812 1959 feci1
832 1934 845 1967 ;
868 1935 887 1957 »
915 1915 1080 1960 animas
1109 1916 1310 1962 videlicet
1333 1917 1406 1963 in·-

30 1983 161 2044 tettigi
182 1983 328 2030 volens
345 2019 356 2037 ‚
377 1983 496 2047 quod
515 1984 645 2029 verba
669 1985 974 2047 consequentia
992 1986 1282 2034 manifestant.
1306 1988 1405 2033 Non

29 2053 177 2116 itaque
202 2070 339 2100 unum
356 2090 368 2109 ‚
397 2071 527 2117 quem
551 2054 667 2100 facto
686 2072 733 2101 ex
760 2066 870 2100 terra
893 2055 1063 2102 homini
1098 2058 1243 2120 primo
1266 2057 1407 2121 inspi-

31 2125 168 2179 ravit,
195 2123 269 2169 sed
294 2140 465 2169 omnem
500 2124 654 2171 flatum
692 2126 783 2189 ipse
818 2126 946 2182 fecit,
978 2126 1070 2190 ipse
1101 2126 1250 2174 adhue
1280 2129 1399 2176 facit.

33 2195 262 2250 Quaeritur
287 2205 431 2241 tamen
455 2207 602 2242 utrum
626 2214 798 2243 onmem
817 2197 968 2243 flatum
985 2216 1032 2244 ex
1057 2198 1131 2244 ilto
1153 2215 1240 2245 uno
1266 2200 1373 2245 ssatu
1391 2236 1403 2256 ,

33 2265 145 2312 sicut
169 2283 297 2312 omne
323 2284 484 2330 corpus
505 2268 697 2313 hominis
722 2285 768 2314 ex
796 2285 883 2314 uno
904 2269 979 2314 illo
1006 2286 1212 2333 corpore,
1239 2270 1403 2316 faciat:

35 2354 90 2382 an
111 2354 211 2382 vero
231 2355 342 2384 nova
366 2338 543 2401 quidem
569 2356 755 2402 corpora
775 2339 907 2386 faciat
931 2357 977 2385 ex
998 2357 1111 2393 uim,
1143 2341 1305 2386 animas
1326 2354 1409 2388 au-

36 2417 119 2452 tem
138 2424 272 2452 novas
296 2424 342 2453 ex
363 2408 517 2455 nihilo.
551 2409 661 2465 Quis
683 2410 799 2455 enim
831 2426 1023 2469 congrua
1050 2411 1137 2455 suis
1167 2411 1411 2470 originibus

37 2493 186 2536 genera
210 2494 353 2523 rerum
373 2479 504 2524 etiam
528 2479 581 2524 de
599 2480 836 2526 seminibus
859 2480 990 2536 facit,
1016 2480 1097 2526 nisi
1126 2481 1199 2544 qui
1228 2482 1322 2544 ipsa
1342 2498 1411 2527 se-

38 2547 155 2592 mina
165 2546 256 2593 sine
270 2547 506 2595 seminibus
520 2548 649 2596 fecit?
669 2550 754 2597 Sed
776 2551 853 2597 ubi
866 2568 932 2597 res
952 2551 1206 2598 naturaliter
1224 2553 1414 2599 obseura

84 2629 94 2651 ¹
117 2629 288 2675 Zach.x11‚
313 2642 342 2663 1.
360 2648 406 2657 —-
423 2628 439 2654 ²
452 2631 535 2667 Psal.
552 2643 656 2674 xxxix,
675 2634 728 2666 15.
743 2651 787 2659 -
808 2631 822 2656 ³
837 2634 908 2666 Isai.
928 2644 1007 2677 nvn,
1029 2635 1083 2668 16.
