1769 3235
517 274 729 308 EPISTOLA
763 276 931 309 ccxxu.
1312 263 1404 310 253

27 355 29 384 1

10 422 440 478 ΙῚὲΜΜιἉΜΝᾺἏιννΜ-Νν
457 433 1323 454 νηκωνννκνιννννννννιινννννννννκνωΜικκνννννκνννννκννι
1338 438 1408 456 ΛΜ

22 557 26 590 Ι
438 547 705 591 EPISTOLA
739 548 987 592 CCXXII.
955 550 965 571 ¹

6 682 23 720 l!
68 680 328 719 Dilectissimo
348 679 431 718 filio
452 688 491 718 et
519 680 759 719 condiacono
781 680 1095 731 Quonvummzo,
1116 684 1360 724 Amusrmns

19 740 36 803 ξ
609 743 823 794 episcopus

2 872 301 934 »lAugastinus
328 875 654 928 Quodvuhdeo,
686 891 896 919 excusans
913 877 1131 934 propositi
1150 878 1293 934 operis
1316 876 1402 932 dif-

14 956 18 1026 ¹¹
79 945 321 1004 ficultatem
346 978 356 994 ‚
400 960 577 1000 remque
623 945 678 987 ab
720 946 825 987 aliis
866 956 1080 988 tentatam
1122 961 1205 989 esse
1243 946 1398 988 admo—

14 1029 18 1050 ε
82 1028 203 1056 nens.

12 1063 16 1131 ἕ

11 1160 31 1218 f
89 1151 125 1198 I.
156 1154 376 1198 ACCEPTIS
401 1151 556 1198 litteris
577 1153 804 1199 charitatis
826 1164 930 1209 tuae,
949 1153 1029 1200 ubi
1051 1171 1074 1199 a
1097 1169 1165 1198 me
1185 1151 1401 1198 ardentis·-

26 1221 133 1268 simo
156 1221 301 1267 studio
324 1222 573 1286 postulasti,
613 1234 660 1268 ut
696 1223 749 1269 de
782 1224 987 1269 omnibus
1012 1223 1275 1278 haeresibus,
1303 1238 1402 1285 quae

3 1253 124 1356 Jpost
143 1292 321 1338 Domini
361 1293 595 1340 Salvatoris
627 1293 862 1340 adventum
882 1293 1089 1340 adversus
1116 1297 1207 1353 ejus
1236 1292 1405 1338 doctri-

0 1380 128 1409 nam
148 1362 495 1426 pullulaverunt,
516 1365 683 1429 aliquid
710 1365 901 1413 breviter
918 1365 1170 1420 scriberem,
1195 1381 1327 1427 quam
1353 1363 1406 1408 sit

29 1432 117 1478 hoc
138 1432 330 1486 difficile,
357 1435 565 1481 continuo
586 1447 757 1499 reperta
788 1435 1012 1482 occasione
1033 1434 1233 1497 rescripsi
1252 1451 1329 1497 per
1350 1435 1407 1479 fi-

30 1502 137 1548 lium
160 1520 304 1550 meum
321 1504 675 1568 Hipponensium
694 1506 955 1570 primarium
974 1504 1249 1550 Philocalum
1280 1522 1290 1549 :
1309 1521 1409 1549 mox

35 1583 174 1619 autem
190 1574 318 1620 etiam
337 1575 418 1621 ista
435 1576 583 1622 oblata
609 1590 688 1633 est,
728 1594 814 1640 qua
839 1594 957 1622 nunc
981 1576 1187 1633 rescribo,
1205 1586 1246 1621 et
1262 1574 1412 1620 brevi-

33 1655 98 1690 ter
116 1644 417 1691 difficultatem
445 1648 587 1711 operis
610 1651 700 1707 ejus
724 1647 920 1694 ostendo.

100 1715 160 1762 ll.
185 1716 444 1762 Philastrius
457 1718 638 1781 quidam
651 1718 878 1764 ssrixiensis
891 1718 1142 1782 episcopus,
1164 1733 1292 1795 quen]
1309 1733 1411 1761 611111

35 1797 182 1833 sancto
202 1788 433 1833 Ambrosio
455 1788 691 1835 Mediolani
711 1790 838 1835 etiam
863 1790 955 1852 ipse
979 1788 1087 1845 vidi,
1115 1788 1289 1850 sc1ipsit
1306 1787 1411 1832 111116

25 1857 226 1912 librum;
252 1876 330 1904 nec
355 1859 449 1905 illas
477 1860 662 1906 liaercses
679 1872 839 1924 praetei
844 1872 1034 1913 mittens
1064 1876 1162 1923 quae
1179 1860 1224 1905 in
1245 1858 1412 1922 populo

0 1928 193 1997 Judaeo
222 1929 400 1976 fuerunt
437 1942 534 1977 ante
569 1932 805 1978 adventum
832 1931 1034 1985 Domini,
1071 1947 1226 1993 easque
1261 1928 1414 1989 viginti

0 2001 1 2024 ³
40 2011 137 2046 octo
155 2003 543 2048 commemorarit:
564 2014 604 2049 et
629 2015 730 2067 post
755 2003 935 2049 Domini
955 2001 1191 2047 adventum
1219 2017 1411 2046 cxxv.111

0 2091 1 2095 ¹
41 2070 225 2134 Scripsit
242 2071 349 2117 hinc
369 2073 498 2118 etiam
526 2090 664 2133 graece
679 2074 912 2137 episcopus
931 2071 1124 2135 Cyprius
1148 2070 1412 2134 Epilmnius,

35 2142 86 2187 ‘in
111 2141 313 2188 doctrina
337 2143 570 2190 catholicae
591 2144 693 2190 fidei
720 2144 1002 2190 laudabiliter
1027 2143 1275 2189 diffamatus
1302 2159 1313 2187 ς
1343 2140 1416 2186 sed

42 2212 134 2276 ipse
168 2214 390 2277 utriusque
429 2217 637 2278 temporis
672 2215 855 2261 haereses
876 2214 1106 2274 colligens,
1132 2231 1260 2259 Lxxx.
1292 2229 1418 2258 com-

44 2283 192 2346 plexus
225 2295 299 2330 est.
335 2286 448 2330 Cum
472 2303 572 2346 crgo
594 2286 724 2331 ambo
752 2286 797 2331 id
818 2285 977 2331 vellent
994 2284 1133 2330 facere
1167 2283 1286 2348 quod
1309 2301 1332 2329 a
1350 2300 1417 2328 me

44 2354 172 2417 petis,
188 2365 401 2417 quantum
417 2366 557 2402 tamen
577 2357 690 2402 inter
701 2374 742 2402 se
753 2357 956 2402 differant
980 2355 1034 2401 de
1052 2372 1233 2400 numero
1248 2353 1420 2400 interim

47 2434 277 2482 sectarum,
295 2425 437 2473 vides:
463 2427 583 2490 quod
603 2427 752 2491 utique
776 2444 865 2474 non
883 2427 1089 2473 evenisset
1112 2425 1193 2472 nisi
1217 2424 1333 2472 aliud
1349 2424 1425 2471 uni

98 2538 108 2560 ¹
126 2540 173 2569 Ex
193 2540 209 2568 8
231 2540 332 2570 Tomo
350 2538 428 2570 edit.
454 2539 569 2583 princ,
585 2545 659 2571 ante
678 2539 733 2570 lib.
767 2539 806 2571 de
831 2538 1022 2570 Haeresibus.
1043 2547 1114 2580 quae
1130 2541 1237 2569 autem
1256 2546 1321 2566 222
1343 2540 1429 2574 erat,

51 2602 135 2625 nunc
157 2605 232 2625 120.
244 2613 288 2619 ——-
301 2594 424 2639 Scripta
444 2595 538 2639 paulo
556 2602 627 2640 post
644 2594 856 2639 superiorem.
