1769 3235
453 258 852 293 nETnAc'rATmNtM
888 264 975 295 Lm.
1018 267 1048 296 1.
1364 251 1451 309 461

85 327 189 373 deor
206 343 293 372 non
313 336 426 372 recte
450 325 687 388 appellasse
705 327 837 373 verba
858 330 1133 392 prophetica,
1149 332 1456 398 quibusscrip-

87 408 178 443 tum
202 407 264 442 est
284 434 295 453 ‚
327 418 346 437 α
373 395 492 453 Quid
510 395 709 458 superbit
735 408 844 442 terra
872 409 912 444 et
945 400 1116 446 cinis1?
1141 423 1160 442 >³
1185 402 1286 465 quia
1304 421 1388 449 non
1412 405 1456 449 in

86 471 178 527 ejus
213 466 326 512 libro
360 466 541 525 legitur,
575 482 704 528 quem
740 467 1000 514 certissimus
1025 470 1339 533 appellandum
1374 490 1460 519 esse

85 536 366 600 prophetam.
392 537 481 581 Nec
501 535 612 581 illud
626 536 841 599 Apostoli,
863 538 939 582 ubi
964 538 1147 585 adhibet
1169 542 1460 588 testimonium

84 607 137 653 de
169 608 322 653 Genesi
343 644 354 663 ,
386 606 535 652 dicens
557 643 568 663 ‚
597 627 617 648 «
639 608 795 652 Factus
818 618 880 653 est
898 608 1065 670 primus
1089 610 1222 655 homo
1253 611 1392 657 Adam
1416 613 1462 658 in

85 699 105 720 >³
126 679 314 724 animam
341 678 588 724 viventem2
606 700 617 733 ;
633 700 652 720 »
673 678 785 724 sicut
806 678 878 724 ille
910 679 1071 735 voluit,
1107 682 1321 739 intellexi,
1358 701 1459 729 cum

84 766 361 813 exponerem,
389 749 509 813 quod
535 750 746 813 scriptum
775 759 836 794 est
857 786 867 804 ‚
899 771 918 790 c<
935 752 1174 796 Insufflavit
1198 754 1313 799 Deus
1337 754 1383 800 in
1404 755 1464 800 fa-

87 822 231 867 »ciem
254 824 345 881 ejus
384 822 539 867 flatum
572 822 672 867 vitae
697 859 707 878 ‚
734 832 775 867 et
798 821 940 867 factus
960 833 1021 867 est
1047 823 1181 869 homo
1204 824 1250 869 in
1274 825 1462 871 animam

84 912 105 933 »
125 891 287 946 vitam,
328 891 394 937 vel
434 891 478 936 in
515 892 703 938 animam
737 892 954 938 viventem
970 892 1001 939 3.
1030 914 1050 935 11
1084 893 1319 956 Apostolus
1347 896 1462 941 enim

85 962 139 1007 ad
178 962 264 1007 hoc
290 962 498 1008 adhibuit
533 962 643 1008 illud
670 963 965 1009 testimonium
986 1001 997 1019 ‚
1049 974 1098 1009 ut
1135 965 1344 1027 probaret
1376 983 1462 1011 esse

29 1094 32 1096 v
85 1050 244 1096 corpus
272 1033 456 1078 animale
481 1051 490 1077 :
525 1051 602 1093 ego
634 1045 776 1080 autem
804 1034 910 1080 111110
936 1035 1087 1097 putavi
1114 1053 1199 1080 esse
1225 1047 1462 1082 monstran-

85 1104 190 1150 dum
206 1141 216 1157 ‚
242 1104 468 1149 animalem
488 1105 655 1150 sactum
673 1110 795 1168 prius
816 1105 1059 1161 hominem,
1087 1123 1175 1151 non
1202 1123 1362 1170 corpus
1375 1107 1462 1153 ho-

85 1175 211 1220 minis
227 1175 381 1222 solum.
399 1175 531 1232 Quod
547 1186 690 1221 autem
712 1175 817 1232 dixi,
835 1176 958 1221 nulli
972 1187 1160 1222 chctccrce
1178 1195 1343 1222 nocere
1353 1196 1461 1240 pec·

85 1250 420 1301 catanis-ima,
449 1245 547 1292 ideo
571 1245 674 1300 dixi,
694 1246 1034 1309 quoniamjusto
1060 1247 1137 1310 qui
1160 1258 1403 1304 nocet,non
1427 1250 1465 1295 ei

85 1332 181 1361 vere
205 1326 355 1372 nocet,
381 1316 741 1380 quandoquidem
769 1318 899 1362 etiam
939 1317 1181 1363 mercedem
1216 1322 1307 1378 eJ‘us
1336 1331 1463 1380 auget

84 1385 130 1431 111
153 1386 274 1431 coelis
305 1404 315 1429 :
344 1387 428 1431 sibi
454 1398 599 1433 autem
620 1387 845 1450 peccando
866 1404 963 1432 vere
977 1399 1107 1433 nocet
1125 1408 1136 1442 ;
1156 1389 1259 1452 quia
1281 1402 1463 1453 propter

83 1457 222 1520 ipsam
244 1457 508 1503 voluntatem
533 1458 721 1504 nocendi
739 1459 921 1521 recipiet
948 1458 994 1503 id
1017 1459 1135 1521 quod
1157 1461 1322 1507 nocuit.
1350 1461 1461 1507 Pos-

84 1538 185 1572 sunt
206 1545 305 1573 sane
327 1528 550 1588 Pelagiani
579 1528 634 1574 ad
657 1545 783 1574 51111111
809 1528 968 1588 dogma
998 1528 1167 1574 trahere
1205 1530 1330 1575 istam
1370 1549 1462 1578 sen·

85 1599 264 1644 tentiam
286 1636 297 1655 ‚
341 1609 382 1644 et
417 1599 514 1646 ideo
551 1599 717 1656 dicere,
749 1599 944 1662 parvulis
974 1599 1111 1645 aliena
1142 1617 1230 1646 non
1267 1602 1464 1648 nocuisse

84 1681 290 1733 peccata,
311 1672 412 1734 quia
440 1671 526 1717 dixi
547 1709 559 1729 7
592 1672 710 1716 nulli
734 1683 916 1716 natm-az
941 1688 1108 1716 nocere
1133 1684 1337 1733 peccata
1374 1679 1469 1719 nisi

85 1758 175 1786 succ
197 1762 208 1794 ;
236 1759 323 1787 non
341 1742 556 1787 intuentes
580 1741 676 1787 ideo
699 1741 927 1805 parvulOS,
953 1741 1030 1805 qui
1056 1741 1207 1805 utique
1239 1743 1460 1805 pertinent

84 1811 139 1857 ad
163 1813 404 1858 humanam
428 1823 645 1869 naturam,
664 1812 836 1858 trahere
856 1811 1062 1872 originale
1081 1823 1332 1874 peccatum,
1357 1814 1460 1876 quia

84 1881 129 1927 in
153 1883 306 1945 primis
344 1883 598 1928 hominibus
624 1893 779 1928 natura
806 1882 1000 1927 humana
1031 1883 1232 1944 peccavit
1253 1919 1262 1935 ,
1306 1900 1355 1928 ac
1382 1901 1462 1946 per

85 1953 172 1998 hoc
206 1963 374 1999 naturae
412 1954 618 1999 humanae
654 1953 776 1998 nulla
814 1969 998 1997 nocuere
1033 1962 1214 2015 peccata
1246 1952 1327 1997 nisi
1361 1970 1452 2001 sua.

26 2026 29 2027 ⁷
87 2024 209 2068 «Per
233 2040 369 2069 unum
406 2024 572 2087 quippe
602 2023 851 2078 hominem,
888 2023 931 2067 in
954 2039 1043 2085 quo
1075 2039 1221 2067 omnes
1246 2040 1457 2086 peccave—

88 2116 109 2137 »
135 2106 238 2140 runt
260 2132 271 2150 ,
315 2106 546 2158 peccatum
580 2095 758 2141 intravit
794 2095 837 2139 in
876 2093 1118 2139 munduml⁸
1145 2111 1156 2138 ε
1183 2115 1202 2135 11
1238 2112 1326 2139 11011
1349 2096 1463 2141 enim

87 2166 196 2212 nulli
220 2166 419 2222 1101111111,
444 2166 517 2212 sed
536 2166 669 2212 nullae
698 2177 867 2211 naturae
890 2165 977 2210 dixi
999 2175 1177 2228 peccata
1202 2182 1357 2211 nocere
1383 2167 1465 2212 nisi

88 2254 176 2283 sua.
204 2238 310 2282 Item
331 2238 373 2282 in
396 2254 443 2283 eo
468 2238 588 2301 quod
613 2237 746 2301 paulo
764 2249 863 2301 post
879 2236 965 2282 dixi
985 2274 995 2291 ‚
1019 2236 1222 2282 Nullam
1249 2253 1346 2281 esse
1360 2255 1460 2282 ma-

89 2309 188 2353 lam
206 2308 449 2362 natm-ale,
479 2319 658 2372 possunt
677 2325 871 2372 quaerere
906 2307 1087 2352 similem
1109 2305 1320 2351 latebram
1344 2344 1354 2362 ‚
1380 2309 1464 2354 nisi

89 2378 176 2424 hoc
197 2377 364 2424 dictum
385 2378 438 2423 ad
463 2390 662 2424 naturam
689 2379 820 2424 talem
838 2377 1066 2433 referatur,
1085 2375 1224 2440 qualis
1244 2376 1333 2422 sine
1354 2379 1461 2425 vitio

90 2449 293 2512 primitus
310 2449 486 2495 condita
511 2460 573 2495 est
606 2467 616 2494 ε
654 2450 745 2513 ipsa
768 2449 883 2495 enim
903 2465 1000 2494 vere
1023 2465 1072 2493 ac
1106 2447 1282 2511 proprie
1307 2459 1464 2496 natura

90 2519 281 2564 hominis
311 2519 486 2566 dicitur.
519 2520 745 2566 Tran'slato
770 2530 911 2566 autem
933 2519 1068 2564 verbo
1090 2518 1255 2565 utimur
1274 2555 1284 2574 ,
1306 2529 1354 2564 ut
1384 2537 1462 2566 na-

139 2602 150 2623 ¹
170 2601 264 2634 Eccli.
286 2613 321 2641 x,
337 2613 369 2642 9.
385 2620 427 2626 —
443 2600 458 2623 ²
480 2614 493 2633 1
514 2604 587 2636 Cor.
602 2614 655 2643 xv,
678 2604 735 2640 45.
750 2600 822 2627 —3
841 2605 924 2635 Gen.
938 2613 976 2641 11,
996 2613 1026 2642 7.
1041 2619 1086 2624 —
1103 2599 1118 2623 ⁴
1137 2604 1230 2633 Rom.
1248 2611 1279 2644 v,
1303 2612 1357 2636 12,
