1769 3235
455 289 858 325 narnicrinouun
893 293 983 325 Lm.
1027 293 1075 327 11.
1352 276 1446 329 555

4 397 9 405 .
71 375 170 405 rum
190 357 408 404 sedentem
426 357 472 403 in
503 357 726 404 Bethleem
747 394 758 414 ‚
789 375 924 407 unum
953 360 1013 405 cle
1043 362 1235 423 Origine
1268 364 1447 406 anz‘moe

4 446 9 450 ·
72 430 274 475 hominis
293 446 307 473 .·
335 428 516 473 alterum
553 429 613 472 de
639 431 883 476 Sententia
912 430 1078 475 Jacobs
1102 431 1312 493 apostoli
1332 467 1342 486 ,
1374 429 1453 476 ubi

2 526 8 534 ·
74 502 131 546 ait
156 518 166 544 ι
197 503 493 561 Quicumque
512 509 657 543 lolam
683 499 821 560 legem
847 503 1105 553 servaverit,
1135 500 1447 562 offemlatau-

81 582 172 617 tem
198 576 242 614 ιή
266 587 356 614 [1120
374 571 560 628 ,factus
584 580 653 614 est
671 574 880 613 omnium
910 587 1014 614 reus
1034 588 1045 613 .·
1068 570 1121 615 de
1143 582 1327 635 utroque
1342 588 1452 616 con-

75 639 218 686 sulens
240 656 353 685 euni.
379 638 462 684 Sed
486 639 528 683 in
557 638 632 683 illo
652 638 796 701 priore
815 639 1098 700 quaestionem
1123 657 1254 703 quam
1281 657 1452 703 propo-

72 710 164 764 sui,
203 709 295 771 ipse
327 726 415 754 non
439 709 577 758 solvi3
616 708 660 763 in
686 709 922 771 posteriore
957 719 1098 753 autem
1123 709 1231 771 quid
1261 710 1371 754 mihi
1397 709 1450 755 de

73 779 149 826 illa
174 778 378 823 solvenda
409 778 650 834 videretur,
679 778 769 841 ipse
795 795 882 823 non
909 779 1039 824 tacui.
1077 779 1162 823 Sed
1190 790 1336 824 utrum
1363 779 1452 824 hoc

77 848 345 912 approbaret
364 847 593 903 etiamne,
615 848 828 894 consului.
848 848 1454 911 Rescripsitautem,laudans

73 919 222 965 eadem
242 918 604 964 consultationem
629 935 793 974 meam,
831 919 914 964 sibi
939 929 1083 964 tamen
1104 918 1158 965 ad
1182 918 1452 981 responden-

73 989 180 1044 dum
201 989 337 1034 otium
356 1006 445 1034 non
469 1006 554 1034 esse
582 989 819 1053 respondit.
850 990 941 1049 Ego
963 1006 1067 1036 vero
1097 1005 1322 1053 quousque
1351 998 1457 1033 esset

72 1060 118 1106 in
139 1076 323 1122 corpore
339 1095 350 1117 ‚
369 1059 450 1104 hos
472 1059 608 1105 libros
639 1059 763 1106 edere
783 1059 932 1116 nolui,
963 1077 1017 1105 ne
1040 1059 1152 1105 sorte
1175 1059 1456 1122 responderet

74 1129 338 1194 aliquando,
369 1139 411 1174 et
435 1146 536 1175 cum
562 1130 657 1193 ipsa
681 1131 959 1193 responsione
979 1134 1070 1190 ejus
1094 1131 1244 1193 potius
1276 1129 1454 1174 ederen-

74 1210 159 1246 tur.
187 1199 269 1244 lllo
295 1210 439 1244 autem
473 1199 679 1245 defuncto
707 1201 759 1245 ad
785 1202 873 1245 hoc
904 1201 1022 1246 edidi
1054 1202 1245 1263 priorem
1264 1237 1274 1254 ‚
1305 1210 1354 1245 ut
1379 1199 1454 1262 qui

74 1270 177 1330 legit
201 1269 486 1315 admoneatur
512 1280 584 1315 aut
604 1287 692 1315 non
713 1287 906 1333 quaerere
926 1271 1106 1316 omnino
1128 1269 1351 1334 quomodo
1372 1270 1452 1315 de-

75 1352 149 1387 tur
169 1340 311 1385 anima
332 1340 611 1386 nascentibus
630 1377 640 1397 ,
668 1351 741 1385 aut
765 1351 879 1386 certe
902 1340 954 1386 de
977 1358 1021 1387 re
1039 1340 1343 1386 obscurissima
1359 1356 1454 1385 eam

77 1409 332 1463 solutionem
369 1409 621 1472 quaestionis
650 1410 783 1470 hujus
819 1410 1046 1455 admittere
1069 1447 1080 1465 ‚
1113 1427 1213 1472 quae
1237 1409 1455 1455 contraria

77 1497 165 1525 non
190 1479 243 1524 sit
268 1479 544 1541 apertissimis
575 1480 725 1534 rebus,
760 1496 867 1542 quas
891 1479 944 1525 de
971 1479 1171 1539 originali
1194 1489 1376 1541 peccato
1397 1479 1453 1522 fi-

78 1550 151 1596 des
189 1548 412 1595 catholica
444 1550 565 1595 novit
604 1550 650 1594 in
689 1550 911 1613 parvulis,
956 1550 1038 1595 nisi
1075 1559 1378 1609 regenerentur
1405 1548 1452 1594 in

60 1619 256 1665 Christo
291 1619 380 1664 sine
418 1618 694 1664 dubitatione
726 1619 1002 1666 damnandis.
1041 1620 1328 1665 Posteriorem
1351 1634 1451 1664 vero

80 1691 134 1736 ad
159 1691 273 1743 hoc,
311 1700 358 1735 ut
396 1690 647 1752 quaestionis
681 1690 735 1736 de
768 1708 854 1754 qua
881 1692 945 1736 ibi
984 1692 1125 1751 agitur
1147 1728 1157 1746 ‚
1192 1691 1321 1736 etiam
1354 1705 1454 1752 quae

79 1761 207 1826 nobis
242 1761 332 1806 visa
378 1771 441 1806 est
474 1761 631 1806 solutio
679 1762 790 1824 ipsa
818 1772 1037 1809 noscatur.
1075 1763 1172 1808 Hoc
1224 1761 1352 1825 Opus
1393 1759 1456 1806 sic

82 1832 268 1896 incipit:
296 1836 454 1877 Deum
483 1844 694 1878 nostram
717 1838 805 1896 qui
829 1851 912 1879 ηας
950 1834 1143 1879 vocavit.

79 1993 1293 2007 mmmmmmmmmmmnmmmmmmswnmm
1300 1993 1420 2005 §mmuh
1427 1992 1461 2004 ΙΑ-

612 2085 791 2131 CAPL‘T
818 2086 965 2131 XLVI.

88 2201 160 2243 Ad
176 2200 218 2243 E
220 2200 431 2243 meritum
445 2199 785 2243 Donatistarum
798 2217 846 2258 ep
854 2202 1062 2258 iseopum,
1079 2207 1175 2256 post
1192 2197 1464 2242 collationem

648 2269 758 2312 liber
779 2284 909 2314 unus.

156 2397 223 2446 AD
251 2396 491 2450 Emeritam
515 2398 842 2445 Donatistarum
876 2397 1133 2461 episcopum
1154 2434 1164 2453 ‚
1199 2396 1276 2460 qui
1297 2395 1345 2442 in
1373 2395 1470 2442 col-

89 2465 254 2511 latione
277 2477 422 2512 nostra
440 2485 570 2531 quam
598 2486 697 2514 cum
718 2468 804 2514 illis
826 2467 1091 2524 habuimus,
1119 2484 1268 2512 eorum
1293 2482 1471 2511 causam

92 2536 274 2580 maxime
299 2554 419 2596 agere
441 2539 699 2595 videbatur,
734 2539 954 2601 aliquanto
979 2549 1077 2602 post
1115 2537 1310 2583 eamdem
1331 2535 1472 2582 colla-

95 2603 254 2650 tionem
282 2607 435 2669 scripsi
459 2608 624 2656 librum
644 2610 744 2656 satis
773 2609 922 2655 utilem
943 2646 955 2666 ,
983 2608 1192 2672 quoniam
1215 2625 1283 2655 res
1314 2606 1478 2670 quibus
