1769 3235
484 275 888 310 RETRACTATIONUM
925 280 1012 311 Lm.
1056 280 1085 311 1.
1371 265 1466 313 503

92 341 221 388 etiam
255 357 373 388 nunc
408 340 620 387 mediator
660 342 740 387 Dei
774 353 816 388 et
850 343 1080 391 hominum
1115 345 1250 393 homo
1269 346 1469 394 Christus

92 413 215 460 Jesus
232 413 270 470 4,
298 413 504 476 quoniam
541 413 600 458 sic
625 413 765 459 veniet
789 415 1012 478 quomodo
1036 433 1136 463 eum
1161 417 1367 465 viderunt
1392 417 1470 483 qui

92 483 294 530 viderunt
313 493 483 530 euntem
512 484 556 530 in
580 483 761 530 coelum.

157 556 216 602 ΙΙ.
250 557 358 602 Item
390 555 509 621 quod
535 555 648 612 dixi,
682 558 849 600 Gratia
889 559 980 600 Dei
999 569 1069 602 est
1091 576 1185 621 qua
1213 559 1352 605 nobis
1380 560 1471 605 clo-

91 638 269 672 uantur
292 639 495 691 peccam
537 639 587 673 ut
623 627 981 672 reconciliemur
1015 634 1115 674 Deo
1147 649 1154 674 ε
1181 648 1291 693 pasc
1315 642 1473 677 atatem

91 715 186 760 qua
222 699 587 743 reconciliamur
618 702 720 743 Deo
744 734 755 753 ,
786 697 846 742 sic
881 697 1187 760 accipiendum
1215 711 1300 755 est,
1329 711 1377 746 ut
1403 712 1471 746 ta-

90 785 187 813 men
212 769 398 815 sciamus
417 770 546 815 etiam
574 779 811 832 utrumque
837 768 890 813 ad
921 768 1157 828 generalem
1188 772 1263 815 Dei
1289 772 1471 830 gratiam

86 839 302 903 pertinere
342 858 352 885 :
395 840 620 904 quomodo
661 840 707 886 in
753 838 922 903 populo
966 840 1045 884 Dei
1081 840 1200 885 aliud
1230 842 1472 904 specialiter

87 910 223 956 Israel
245 947 256 966 ‚
303 911 422 957 aliud
463 910 601 956 Judas
622 931 633 965 ;
673 921 714 957 et
753 921 898 956 tamen
941 921 1172 975 utrumque
1219 912 1472 971 generaliter

87 981 236 1027 Israel.
279 982 389 1027 Item
423 998 523 1027 curn
562 998 842 1045 exponerem,
886 980 1018 1040 Quid
1041 999 1149 1044 ergo
1186 986 1287 1026 Lex
1312 994 1470 1028 trans-

81 1054 338 1113 gressc'om's
377 1054 535 1115 glacia
566 1057 819 1116 proposz'la
858 1063 926 1097 est
962 1070 973 1095 :
1010 1052 1070 1097 ita
1111 1051 1471 1114 distinguendum

84 1122 270 1185 putavi,
311 1134 358 1169 ut
395 1123 677 1183 interrogatio
702 1133 822 1169 esset.
873 1124 1007 1181 ,ΘΗΛ-ἰ
1034 1125 1180 1186 ergo?
1221 1125 1281 1169 Ac
1315 1123 1473 1169 deinde

83 1195 306 1261 responsio
341 1212 351 1241 ε
386 1217 406 1237 (ε
427 1196 511 1240 Lex
533 1194 876 1254 transgressionis
896 1194 1030 1254 gratia
1053 1195 1279 1258 proposita
1307 1205 1370 1240 est
1389 1194 1422 1241 1.
1449 1217 1470 1237 »

85 1264 218 1320 Quod
243 1264 421 1328 quidem
447 1283 535 1311 non
561 1265 769 1312 abhorret
795 1284 816 1310 a
845 1282 944 1309 vero
968 1285 978 1318 ;
1000 1266 1071 1310 sed
1100 1265 1250 1312 melior
1275 1265 1384 1311 mihi
1409 1267 1471 1312 vi·

83 1334 209 1384 detur
227 1335 308 1381 ista
328 1336 552 1382 distinctio
568 1374 578 1391 ,
600 1336 939 1397 utinterrogatio
959 1337 1031 1392 sit,
1059 1338 1192 1397 Quid
1206 1354 1315 1399 ergo
1335 1340 1436 1382 Lex
1450 1339 1473 1381 :7

82 1415 124 1450 et
144 1404 356 1455 inferatur
378 1408 599 1474 responsio
632 1425 641 1452 :
673 1411 713 1452 T
711 1411 1080 1470 ransgressiom's
1106 1409 1267 1469 gratia
1280 1424 1467 1470 propo-

82 1481 175 1522 sita
199 1490 280 1523 esi.
307 1477 438 1535 Quod
463 1489 605 1523 autem
632 1477 739 1533 dixi,
776 1476 1137 1524 ()1·clc'szatc'ssime
1165 1479 1329 1541 itaque
1356 1478 1465 1523 sub-

73 1546 245 1610 junxit
274 1567 286 1593 :
312 1569 332 1590 «
372 1548 505 1605 Quod
544 1549 578 1594 si
617 1549 774 1613 spiritu
799 1547 1047 1603 ducimini,
1076 1565 1165 1593 non
1199 1547 1348 1594 adhuc
1369 1548 1466 1593 estis

81 1618 162 1664 sub
187 1619 277 1679 lege
295 1619 312 1648 2
338 1637 348 1664 ε
376 1641 396 1660 2>
419 1631 469 1664 ιιι
492 1621 812 1682 intellzgcmms
837 1637 915 1665 eos
939 1637 1038 1665 esse
1057 1619 1146 1666 sub
1167 1622 1284 1684 Lege
1303 1657 1313 1676 ‚
1343 1636 1464 1687 quo-

81 1706 185 1735 ram
210 1693 405 1754 spiritus
432 1695 497 1737 ita
522 1693 810 1755 conculst'scit
832 1689 1053 1736 adversus
1076 1707 1286 1746 carnem,
1312 1701 1362 1734 zet
1376 1707 1471 1735 non

79 1777 135 1809 ea.
158 1779 268 1825 quoe
295 1762 659 1821 volantficcmnt
676 1798 687 1820 ‚
710 1763 764 1808 ι’(ί
777 1773 860 1817 ess,
887 1778 981 1805 non
1001 1778 1051 1806 se
1071 1772 1257 1808 teneant
1278 1765 1469 1806 invictos

81 1835 128 1877 ιή
166 1833 398 1878 charitate
422 1835 638 1893 justicias,
667 1832 752 1877 sed
779 1851 808 1876 a
835 1836 1195 1895 concupiscente
1216 1832 1463 1877 adversum

78 1919 129 1951 se
153 1921 292 1948 carne
322 1906 587 1958 vincantur,
627 1903 713 1948 hoc
737 1920 783 1948 ex
819 1902 894 1948 illo
927 1919 1051 1948 sensu
1075 1913 1137 1947 est
1155 1940 1166 1958 ,
1194 1919 1283 1966 quo
1304 1901 1463 1948 sentie-

78 1972 181 2018 bam
208 1973 251 2022 id
283 1974 401 2037 quod
438 1974 606 2019 dictum
644 1985 733 2029 est,
767 1994 787 2014 «
824 1973 939 2018 Caro
960 1974 1236 2037 concupiscit
1261 1972 1466 2020 adversus

22 2048 26 2051 ’
80 2065 99 2085 »
119 2045 348 2108 spiritum,
371 2056 411 2091 et
435 2045 613 2109 spiritus
637 2045 840 2090 adversus
874 2061 1049 2090 carnem
1073 2061 1083 2088 ε
1112 2044 1210 2090 haec
1246 2044 1359 2089 enim
1379 2044 1464 2090 sibi

80 2116 307 2164 »invicem
333 2117 633 2174 adversantur,
673 2129 719 2163 ut
738 2135 826 2164 non
845 2136 891 2163 ea
917 2134 1017 2181 quae
1040 2116 1170 2164 vultis
1199 2117 1417 2174 faciatisss,
1442 2139 1462 2159 »

79 2187 133 2234 ad
151 2205 222 2234 eos
246 2189 462 2255 pertinere
485 2190 562 2252 qui
590 2189 672 2235 sub
693 2191 805 2250 Lege
825 2199 948 2244 sunt,
970 2188 1167 2235 nondum
1192 2189 1274 2234 sub
1299 2188 1451 2251 gratia.

79 2259 239 2306 Adhuc
257 2261 372 2305 enim
389 2277 476 2305 non
498 2260 784 2305 intellixeram
811 2259 910 2305 haec
937 2259 1087 2315 verba,
1103 2270 1144 2305 et
1170 2258 1253 2304 illis
1273 2258 1349 2323 qui
1373 2259 1456 2305 sub

77 2331 214 2391 gratia
232 2341 355 2382 sunt,
383 2347 470 2375 non
491 2331 572 2376 sub
589 2332 726 2390 Lege,
750 2340 983 2394 propterea
1007 2332 1263 2386 convenire,
1290 2330 1394 2394 quia
1419 2339 1461 2375 et

74 2403 160 2470 ipsi
178 2403 551 2466 concupiscentias
575 2402 741 2458 carnis,
780 2413 932 2448 contra
968 2418 1075 2466 quas
1107 2401 1262 2466 spiritu
1288 2417 1452 2446 concu-

75 2474 281 2537 piscunt,
321 2474 521 2542 quamvis
556 2473 614 2519 eis
646 2490 733 2519 non
776 2473 1076 2529 consentiant,
1115 2472 1280 2519 nollent
1313 2482 1458 2539 tamen

77 2544 186 2591 ullas
210 2545 373 2592 habere
401 2545 434 2591 si
458 2556 645 2609 possent.
679 2546 733 2591 Et
757 2544 855 2592 ideo
878 2561 967 2591 non
986 2560 1279 2609 quaecumque
1303 2542 1458 2590 volunt

126 2630 135 2651 ¹
156 2630 261 2661 Galat.
284 2641 334 2668 ur,
356 2641 407 2670 19.
428 2647 470 2653 -—
490 2628 568 2663 ²1d.
590 2641 619 2673 v,
641 2632 751 2661 18.—-
770 2627 956 2668 ³1bid.17.
