1769 3235
334 283 424 346 492
764 303 798 333 s.
841 302 1084 334 AUGUanl
1120 303 1323 335 Emscom

336 385 356 405 n
377 365 443 410 bit
465 366 581 412 bona
602 368 860 430 petentibus
877 372 952 415 se?
973 390 993 411 n
1019 370 1117 416 Non
1139 371 1255 416 enim
1278 369 1384 415 dixit
1404 369 1653 432 petentibus
1669 380 1710 416 et

332 437 631 498 quaerentibus
655 449 696 485 et
718 439 1012 503 pulsantibus.
1045 442 1143 488 Hoc
1161 443 1288 505 Opus
1307 441 1366 488 sic
1387 441 1545 505 incipit
1567 459 1577 487 :
1600 444 1709 487 Ser-

335 525 523 555 monem
552 528 692 574 quem
716 513 903 558 locutus
927 525 998 559 est
1018 517 1265 561 Dominus.

334 683 390 694 m
399 683 574 696 suns-§.sss
582 687 1133 701 msssmmmmxswmuxx
1141 690 1571 701 msusmvmswsmws
1585 689 1641 703 w<
1653 688 1703 700 *ἡ

865 807 1041 850 CAPUT
1073 808 1171 850 XX.

612 932 816 973 psalmus
849 943 1004 974 contra
1037 944 1211 988 partem
1244 934 1426 977 Donati.

394 1076 575 1122 Vomzss
603 1078 729 1123 etiam
751 1095 925 1124 causam
952 1079 1279 1125 Donatistarum
1307 1080 1361 1125 ad
1386 1080 1523 1143 ipsius
1539 1080 1709 1126 humil—

323 1145 416 1192 limi
438 1147 554 1207 vulgi
574 1159 614 1193 et
638 1149 816 1194 omnino
836 1149 1139 1213 imperitorum
1163 1161 1294 1213 atque
1328 1151 1563 1197 idiotarum
1587 1153 1707 1197 noti-

326 1218 430 1263 tiam
467 1219 718 1280 pervenire,
758 1231 969 1266 eteorum
1000 1232 1216 1284 quantum
1242 1222 1333 1266 fieri
1366 1233 1509 1285 posset
1535 1239 1610 1285 per
1632 1239 1710 1268 nos

322 1288 536 1333 inhaerere
559 1290 777 1336 memoriae
800 1291 1023 1337 Psalmum
1045 1294 1120 1354 qui
1142 1292 1199 1336 eis
1220 1303 1495 1347 cantaretur,
1519 1310 1597 1355 per
1616 1294 1705 1338 La-

324 1359 435 1405 tinas
455 1360 616 1406 litteras
644 1361 754 1407 feci:
781 1363 853 1408 sed
878 1380 1012 1425 usque
1037 1363 1090 1408 ad
1115 1363 1149 1407 V
1171 1362 1375 1410 litteram.
1412 1363 1536 1409 Tales
1561 1374 1702 1409 antem

326 1430 615 1476 Abecedarios
639 1433 878 1496 appellant.
904 1435 1008 1478 Tres
1027 1450 1129 1479 vero
1152 1433 1326 1478 ultimas
1360 1434 1506 1489 omisi3
1529 1433 1600 1479 sed
1626 1450 1706 1497 pro

324 1500 382 1545 eis
408 1502 689 1548 novissimum
729 1505 852 1567 quasi
895 1504 1116 1567 epilogum
1153 1504 1359 1564 adjunxi,
1399 1515 1607 1567 tanquam
1638 1521 1706 1550 cos

323 1584 459 1618 mater
492 1573 783 1638 alloqueretur
831 1575 1039 1622 Ecclesia.
1084 1576 1387 1639 Hypopsalma
1423 1576 1552 1621 etiam
1587 1575 1706 1639 quod

325 1643 691 1706 responderetur,
727 1656 768 1690 et
793 1647 1051 1709 proaemium
1076 1663 1244 1702 causae,
1272 1646 1392 1709 quod
1422 1646 1706 1691 nihilominus

323 1725 592 1771 cantaretur,
615 1733 699 1762 non
717 1728 819 1762 sunt
843 1717 887 1762 in
906 1717 1056 1762 ordine
1069 1716 1311 1762 litterarum
1331 1735 1341 1762 :
1369 1734 1515 1763 earum
1539 1716 1706 1780 quippe

323 1784 430 1830 ordo
460 1784 615 1849 incipit
648 1798 746 1850 post
771 1788 1039 1850 prooemium
1073 1805 1084 1832 ε
1126 1787 1230 1833 ldeo
1256 1798 1398 1833 autem
1434 1805 1521 1833 non
1557 1787 1704 1850 aliquo

323 1857 527 1901 carminis
546 1875 698 1916 genere
725 1859 769 1904 id
791 1860 883 1904 fieri
907 1859 1054 1914 volui,
1083 1876 1135 1904 ne
1169 1876 1236 1904 me
1264 1860 1489 1905 necessitas
1524 1858 1703 1903 metrica

322 1927 375 1972 acl
404 1927 545 1991 aliqua
571 1930 703 1974 verba
731 1947 830 1993 quae
854 1929 985 1989 vulgo
1005 1930 1147 1975 minus
1168 1941 1268 1975 sunt
1291 1932 1444 1976 usitata
1465 1967 1474 1983 ‚
1505 1927 1703 1991 compel-

320 1997 438 2044 leret.
474 2000 556 2043 Iste
582 2000 779 2046 Psahnus
804 2001 864 2046 sic
884 2002 1041 2064 incipit
1068 2020 1078 2046 :
1107 2006 1282 2048 Omnes
1303 2005 1385 2065 qui
1407 2002 1627 2064 gaucletl's
1645 2000 1704 2044 cle

315 2086 464 2132 pace,
504 2070 643 2116 modo
675 2089 835 2116 verum
858 2074 1080 2133 judicate
1100 2110 1110 2125 ,
1148 2073 1268 2137 quod
1297 2076 1388 2132 ejus
1412 2070 1703 2135 hypopsalma

321 2151 400 2186 est.
