1769 3235
337 265 397 310 80
736 280 771 309 5.
818 277 1057 310 avorsum
1094 278 1311 310 EPISCOPI.
1754 278 1757 312 i

338 364 359 386 »
385 342 504 407 quod
533 341 604 388 odi
639 341 748 388 illud
788 343 913 390 facio.
946 344 991 390 Si
1022 355 1162 390 autem
1190 343 1307 407 quod
1330 343 1434 390 nolo
1459 343 1544 390 hoe
1568 342 1710 401 facio,
1754 360 1769 411 24

338 434 360 455 >³
383 412 603 459 consentio
624 413 751 472 Legi,
775 414 981 477 quoniam
1001 415 1115 459 bona
1137 414 1245 460 est'l.
1276 436 1295 455 »

402 482 476 529 lV.
522 482 727 528 Videmus
756 484 903 546 itaque
946 484 988 528 in
1023 485 1090 529 his
1115 483 1363 546 apostolicis
1389 484 1534 530 verbis
1558 485 1715 544 Legem

339 570 435 600 non-
451 552 590 598 solum
612 570 697 597 non
715 570 800 598 esse
824 564 1051 617 peccatum
1066 591 1076 610 ,
1095 554 1169 599 sed
1186 554 1314 599 etiam
1334 571 1418 599 esse
1435 564 1629 600 sanctam
1646 590 1657 610 ,
1675 563 1718 599 et
1754 564 1769 594 tv:

338 622 593 670 mandatum
617 634 814 669 sanctum
834 634 874 669 et
889 627 1055 684 justum
1072 635 1113 668 et
1130 625 1316 680 bonum,
1335 640 1422 687 quo
1437 622 1607 669 dictum
1626 633 1714 668 est:

344 715 365 736 «
391 695 489 738 Non
513 694 807 757 concupisces
834 694 956 739 »Sed
983 705 1211 757 peccatum
1240 711 1318 757 per
1339 694 1505 739 bonum
1523 692 1659 749 sallit,
1677 701 1720 738 et

340 780 419 828 per
442 762 555 808 illud
576 763 738 809 occidit
756 781 850 820 eos,
874 764 949 827 qui
975 781 1073 810 cum
1099 765 1184 809 sint
1208 764 1426 820 carnales,
1447 773 1609 827 putant
1633 762 1721 808 suis
1755 764 1769 816 ἒξ

342 835 513 881 viribus
536 835 693 894 Legem
717 836 953 899 spiritalem
980 853 1021 880 se
1050 853 1172 899 posse
1209 835 1426 899 complere
1445 855 1456 888 ;
1477 844 1519 879 et
1537 851 1615 897 per
1634 833 1722 878 hoc
1754 828 1769 882 u'

340 905 455 951 fiunt
475 921 560 949 non
582 904 719 950 solum
744 917 1017 969 peccatores,
1044 906 1162 968 quod
1189 917 1350 961 essent,
1376 905 1539 951 etiamsi
1563 905 1722 963 Legem
1755 898 1769 952 li

343 993 430 1022 non
464 975 752 1038 accepissent,
793 976 865 1021 sed
901 977 1029 1021 etiam
1066 976 1448 1039 praevaricatores,
1483 974 1602 1039 quod
1635 990 1723 1019 non
1754 968 1769 1021 li

343 1056 481 1091 essent
515 1045 593 1090 nisi
631 1047 787 1105 Legem
822 1046 1102 1109 accepissent.
1130 1046 1201 1091 Sic
1222 1046 1334 1091 enim
1361 1045 1444 1091 alio
1462 1045 1560 1091 loco
1583 1043 1719 1089 dicit:
1754 1057 1759 1102 ζ

344 1137 363 1156 α
391 1115 476 1160 Ubi
500 1114 563 1159 lex
584 1132 669 1160 non
693 1128 776 1171 est,
806 1133 883 1161 nec
907 1116 1226 1179 praevaricatio
1265 1117 1349 1161 Lex
1370 1132 1470 1175 ergo
1495 1115 1722 1160 subintra-

345 1207 365 1227 »
393 1185 482 1240 vit,
512 1185 626 1230 sicut
660 1185 762 1231 alibi
797 1186 888 1249 ipse
922 1197 1119 1243 testatur,
1148 1196 1196 1232 ut
1219 1185 1461 1232 abundaret
1493 1185 1714 1231 delictum.

341 1276 362 1297 »
386 1255 473 1301 Ubi
496 1266 639 1300 autem
653 1255 894 1303 abundavit
918 1256 1146 1313 delictum,
1168 1255 1544 1320 superabundavit
1560 1266 1602 1302 et
1622 1272 1723 1316 gra·
1754 1254 1763 1306 ἶ»

342 1347 364 1368 r>
390 1326 496 1372 tla2.
527 1346 547 1367 ))
1754 1336 1757 1380 j

411 1396 462 1442 V.
495 1396 603 1441 Haec
629 1407 691 1441 est
712 1396 846 1457 igitur
872 1397 1035 1444 utilitas
1060 1398 1208 1458 Legis,
1238 1398 1340 1461 quia
1370 1396 1557 1444 ostendit
1576 1396 1724 1442 homi·
1754 1399 1759 1460 ξ

343 1483 440 1513 nem
486 1466 568 1511 sibi
605 1467 718 1529 ipsi,
756 1478 804 1512 ut
842 1469 948 1513 sciat
983 1468 1279 1514 infirmitatem
1315 1485 1437 1514 suam
1464 1504 1474 1525 ‚
1506 1477 1548 1512 et
1581 1462 1759 1522 videat)

344 1536 718 1602 quemadmodum
747 1556 824 1601 per
848 1539 1195 1602 prohibitionem
1218 1549 1425 1599 augeatur
1451 1538 1598 1602 potius
1621 1553 1724 1582 ear-
1752 1533 1759 1610 l

346 1608 454 1654 nalis
499 1608 853 1672 concupiscentia
895 1627 1026 1675 quam
1069 1621 1254 1656 sanetur.
1300 1612 1580 1674 Appetuntur
1609 1606 1723 1654 enim
1752 1615 1757 1675 ff

350 1677 567 1724 ardentius
587 1696 685 1742 quae
708 1690 923 1736 rotantur,
942 1680 1047 1726 dum
1063 1680 1107 1726 id
1130 1680 1250 1744 quod
1276 1679 1525 1743 spiritaliter
1541 1678 1759 1738 jubetur&
1753 1728 1756 1754 ὑ

347 1746 532 1794 carnalis
567 1749 794 1795 observare
818 1750 1111 1813 compellitur.
1139 1752 1197 1796 Ut
1222 1761 1365 1796 autem
1401 1750 1454 1796 sit
1489 1747 1720 1813 spiritalis,
1753 1761 1756 1787 ἑ

349 1819 426 1882 qui
465 1819 621 1878 Legem
657 1819 837 1883 impleat
875 1821 1135 1884 spiritalem,
1167 1838 1255 1866 non
1286 1822 1335 1866 fit
1358 1820 1451 1885 ipsa
1480 1821 1614 1879 Lege,
1649 1817 1724 1864 secl
1754 1880 1755 1885 Ἰ

349 1888 511 1949 gratia3
532 1889 617 1934 hoc
635 1900 721 1945 est,
745 1908 829 1936 non
848 1891 1060 1954 imperio,
1083 1891 1155 1937 sed
1172 1891 1412 1948 benefici03
1436 1906 1522 1935 non
1541 1889 1724 1948 jubente
1752 1889 1757 1934 l

348 1957 490 2005 littera
508 1995 519 2014 ,
546 1958 615 2004 sed
639 1962 819 2018 juvante
838 1961 1018 2039 Spiritu.
1047 1962 1210 2025 Incipit
1243 1972 1385 2007 autem
1409 1961 1545 2006 homo
1564 1975 1724 2004 secun·
1753 1955 1756 1970 '

351 2029 455 2075 dum
483 2030 665 2089 gratiani
686 2031 728 2076 in
747 2031 942 2078 interiori
963 2033 1139 2078 homine
1153 2033 1370 2088 renovari,
1392 2042 1439 2077 ut
1465 2040 1605 2076 mente
1627 2026 1756 2100 agat}

352 2099 471 2164 quod
491 2111 631 2157 amat,
655 2119 732 2147 nec
748 2104 868 2148 carni
890 2104 1129 2149 consentiat
1146 2103 1283 2163 agenti
1299 2102 1418 2166 quod
1439 2101 1558 2158 odit,
1579 2099 1624 2146 id
1642 2108 1755 2156 est,
1751 2091 1756 2158 ᾗ

353 2187 440 2216 non
466 2181 513 2216 ut
535 2172 714 2217 omnino
739 2190 823 2218 non
862 2173 1171 2237 concupiscat,
1200 2173 1271 2219 sed
1293 2184 1342 2218 ut
1361 2182 1460 2236 post
1486 2169 1756 2234 concupis-

352 2242 515 2288 centias
542 2259 637 2288 suas
655 2260 741 2288 non
764 2262 798 2289 e
802 2255 844 2291 rt.
880 2245 1012 2301 Ouod
1035 2245 1212 2323 quidem
1235 2256 1322 2290 tam
1342 2259 1544 2304 magnum
1566 2253 1652 2298 est,
1676 2251 1725 2288 ut
1752 2247 1756 2318 i

353 2313 386 2358 si
407 2314 524 2358 omni
557 2313 688 2359 modo
719 2315 864 2371 fieret,
887 2327 927 2361 et
961 2316 1158 2380 quamvis
1189 2316 1345 2371 insint,
1371 2314 1476 2360 dum
1501 2330 1648 2360 sumus
1679 2313 1754 2377 in

352 2399 535 2447 corpore
566 2386 713 2430 mortis
732 2385 862 2445 hujus
882 2424 891 2442 ,
921 2386 1131 2432 desideria
1152 2387 1348 2450 peccati,
1374 2386 1407 2431 si
1437 2384 1547 2430 nulli
1575 2400 1724 2430 eorum
1750 2391 1755 2466 l

353 2463 496 2499 tamen
519 2454 825 2503 adhiberemus
844 2474 1083 2514 assensum,
1103 2474 1191 2503 non
1215 2467 1320 2503 esset
1344 2455 1459 2502 unde
1483 2455 1724 2501 diceremus
1750 2440 1755 2500 l

352 2524 470 2571 Patri
495 2535 641 2571 nost1o
682 2527 758 2591 qui
796 2538 856 2574 est
887 2527 932 2574 in
967 2528 1129 2574 erulis:
1157 2527 1380 2573 «Dimitte
1416 2525 1540 2572 nohis
1574 2525 1754 2572 debita
1750 2543 1754 2591 ξ

401 2610 406 2630 ¹
430 2611 509 2639 Rom
546 2621 609 2645 vn,
630 2622 661 2648 τ.
680 2616 708 2640 et
724 2621 813 2653 srqu.
841 2631 874 2636 —=
891 2610 906 2632 ‘²
926 2615 1014 2643 Rom.
1038 2621 1083 2655 w,
1109 2612 1160 2650 ¹5,
1184 2617 1214 2643 et
1233 2622 1264 2651 v,
1284 2622 1341 2642 το.
