1769 3235
319 258 408 316 164
733 273 774 304 s.
811 272 1057 307 Aucus-rm
1086 272 1293 307 eviscovi

378 338 545 385 XVIII.
588 338 653 384 De
690 338 767 385 illo
809 355 909 386 sane
944 339 1065 404 quod
1105 339 1453 404 percontandum
1502 339 1685 404 putasti,
1741 387 1743 392 ,

315 420 464 456 utrum
489 408 700 471 baptizati
720 426 884 465 omnes,
902 410 937 456 si
957 411 1120 475 absque
1137 411 1394 474 poenitentia
1415 410 1593 456 diversis
1607 411 1691 457 cri·
1742 439 1743 443 =

317 479 510 526 minibus
539 479 712 535 irretiti,
751 479 804 525 de
827 496 1008 544 corpore
1050 481 1227 527 exierint
1251 518 1261 537 ,
1299 481 1470 527 veniam
1494 480 1692 544 quolibet

316 561 512 613 tempore
528 551 804 596 consecuturi
823 551 925 607 sint,
951 551 1112 598 librum
1133 551 1151 581 1
1166 569 1253 598 non
1274 568 1422 615 parvae
1439 551 1693 615 quantitatis

314 624 405 681 jam
428 619 598 682 scripsi,
631 636 762 683 quem
787 620 822 666 si
859 620 1103 668 describere
1128 623 1370 674 curaveris,
1397 621 1554 668 fortase
1580 620 1695 667 nihil

321 689 501 736 ulterius
527 689 633 735 hinc
660 690 868 752 requires.

384 760 508 805 XIX.
524 759 598 805 Vis
614 760 745 805 etiam
767 777 846 823 per
867 778 936 806 me
971 762 1098 817 scire,
1136 771 1281 808 utrum
1300 762 1385 808 Dei
1411 762 1540 808 flatus
1558 760 1629 806 ille
1651 761 1697 806 in

324 830 483 886 Adam,
511 829 628 875 idem
651 830 743 893 ipse
761 831 987 877 sit'anima.
1006 831 1200 877 Breviter
1217 831 1476 895 respondeo,
1505 832 1592 877 Aut
1608 831 1698 894 ipse

323 912 403 958 est,
422 911 495 946 aut
512 901 608 964 ipso
620 901 763 946 anima
777 900 889 947 facta
910 912 985 949 est.
1021 902 1104 948 Sed
1126 913 1169 948 et
1187 903 1221 948 si
1241 904 1332 966 ipse
1354 913 1434 960 est,
1458 902 1598 948 factus
1617 912 1693 948 est.

326 973 391 1017 De
415 971 557 1017 anima
576 971 743 1034 quippe
755 970 952 1034 loquitur
977 989 1056 1035 per
1080 975 1237 1019 Isa‘iam
1267 973 1532 1037 prophetam
1560 976 1697 1028 Deus,

325 1042 402 1087 ubi
423 1041 560 1086 dicit:
583 1062 604 1082 «
630 1041 818 1087 Omnem
834 1052 995 1088 statum
1014 1060 1091 1103 ego
1112 1043 1194 1089 feci
1217 1043 1235 1072 1
1255 1060 1265 1088 :
1293 1064 1315 1085 »
1339 1042 1458 1106 quod
1482 1042 1702 1107 sequentia

325 1112 426 1157 satis
448 1110 664 1158 indicant.
698 1111 906 1174 Sequitur
922 1114 1035 1159 enim
1069 1131 1080 1158 ε
1103 1115 1288 1177 Propter
1311 1123 1541 1177 peccatum
1555 1111 1704 1158 modi-

330 1199 430 1228 cum
472 1181 582 1245 quid
609 1182 863 1228 contristavi
897 1183 1039 1241 illum,
1069 1206 1088 1226 »
1112 1184 1158 1230 id
1181 1195 1260 1235 est,
1283 1185 1429 1247 ipsum
1454 1184 1607 1229 flatum
1629 1204 1641 1238 3
1665 1194 1706 1228 et

328 1263 483 1298 caetera
526 1268 630 1315 quae
652 1252 734 1298 nisi
770 1251 824 1298 de
848 1253 990 1299 anima
1018 1255 1214 1301 humana
1253 1253 1435 1314 intelligi
1460 1264 1698 1317 nequeunt.

330 1325 383 1369 In
402 1323 486 1368 hac
508 1323 622 1368 enirn
655 1323 894 1386 quaestione
918 1325 1101 1371 maxime
1129 1324 1371 1371 cavendum
1394 1336 1473 1379 est,
1495 1342 1549 1370 ne
1567 1325 1709 1371 anima

331 1410 419 1439 non
436 1410 459 1438 a
476 1394 565 1438 Deo
583 1392 697 1438 facta
712 1404 884 1449 natura,
906 1395 979 1440 sed
994 1396 1128 1458 ipsius
1148 1396 1227 1441 Dei
1241 1395 1483 1441 substantia
1502 1405 1709 1458 tanquam

334 1463 581 1524 unigenitus
599 1462 749 1520 Filius,
776 1463 898 1528 quod
925 1476 987 1510 est
1008 1466 1200 1511 Verbum
1219 1470 1328 1526 ejus,
1361 1476 1436 1511 aut
1460 1465 1603 1529 aliqua
1621 1468 1712 1525 ejus
1750 1492 1751 1495 =

336 1533 552 1598 particula
578 1550 663 1579 esse
686 1534 908 1591 credatur,
938 1546 1146 1599 tanquam
1173 1536 1248 1581 illa
1279 1546 1435 1582 natura
1457 1547 1585 1598 atque
1603 1535 1713 1581 sub·
1750 1535 1752 1546 '

334 1604 508 1658 stantia,
535 1619 623 1666 qua
659 1604 774 1649 Deus
798 1615 860 1649 est
881 1605 1099 1668 quidquid
1148 1616 1226 1662 est,
1267 1605 1592 1652 commutabilis
1626 1620 1714 1650 esse
1750 1603 1752 1618 ¹

343 1674 478 1738 possit
497 1691 507 1718 :
526 1672 646 1735 quod
659 1691 745 1719 esse
762 1676 948 1721 animam
964 1693 1091 1722 nemo
1112 1693 1199 1721 non
1211 1676 1358 1732 sentit,
1375 1676 1453 1740 qui
1469 1692 1511 1721 se
1528 1675 1716 1721 animam
1750 1688 1753 1702 ¹

342 1745 507 1791 habere
529 1746 672 1790 sentit.
707 1746 819 1791 Cum
845 1746 924 1792 ista
959 1747 1186 1802 dictarem,
1217 1746 1408 1810 perlator
1426 1750 1517 1806 jam
1540 1756 1716 1792 ventum
1751 1779 1753 1788 .

345 1825 592 1878 expectanS,
611 1831 679 1860 me
696 1815 973 1861 vehementer
1008 1828 1056 1862 ut
1080 1817 1318 1877 navigaret,
1342 1816 1543 1876 urgebat,
1567 1817 1721 1880 Itaque
1751 1832 1754 1850 *

348 1886 382 1931 si
410 1884 520 1948 quid
555 1883 632 1929 hic
657 1884 880 1931 incondite
903 1897 1033 1950 atque
1060 1887 1224 1932 inculte
1258 1887 1426 1932 dictum
1446 1886 1596 1946 legeris
1616 1923 1627 1942 ,
1654 1885 1722 1932 vel
1751 1885 1753 1902 ³

349 1955 384 2001 si
410 1965 549 2000 totum
569 1954 629 1999 ita
651 1970 737 2000 esse
754 1957 1040 2018 perspexeris,
1076 1956 1290 2002 doctrinae
1325 1957 1383 2002 da
1415 1973 1610 2020 operam,
1634 1955 1723 2001 lin-

351 2041 449 2085 guae
463 2024 662 2071 veniam:
688 2046 708 2065 «
731 2029 796 2071 Et
812 2028 909 2071 alia
940 2044 1110 2072 manu:
1136 2048 1156 2069 »
1179 2029 1271 2073 Deo
1296 2028 1415 2075 vivas
1441 2025 1723 2073 dilectissime

352 2095 429 2142 fili.

404 2180 414 2200 ¹
435 2177 505 2210 hb.
525 2175 565 2209 de
582 2176 660 2210 Fide
678 2185 710 2210 et
728 2179 900 2223 Operibus.
914 2199 958 2205 —
978 2179 993 2202 Ἰ
1007 2182 1081 2215 lsai.
1101 2193 1180 2221 nvn,
1200 2183 1251 2214 16.
