1769 3235
1732 0 1743 200 {‘

347 269 439 316 226
748 281 784 311 s.
826 277 1071 311 mensum
1105 277 1308 310 muscom

343 345 657 411 perseveraturi
683 343 1015 409 perseveraturis
1049 344 1129 390 Dei
1153 344 1431 408 permissione
1462 344 1530 391 vel
1561 338 1713 408 provi—
1767 360 1769 381 1

345 417 463 463 sione
493 434 543 463 ac
571 414 851 494 dispositione
877 413 1117 460 miscentur
1134 433 1145 468 3
1165 413 1330 477 quibus
1344 414 1602 461 cadentibus
1624 424 1712 460 ter-
1744 471 1746 477 y

343 486 419 532 riti
440 501 542 532 cum
560 486 716 532 timore
736 495 778 531 et
804 495 989 530 tremore
1008 483 1261 545 gradiamur
1282 485 1395 530 viam
1410 484 1716 544 11151313,ἀο-

344 573 425 603 nec
442 574 491 603 ex
496 557 592 602 hac
611 554 752 611 vital,
771 571 871 620 quae
888 555 1068 601 tentatio
1090 565 1152 600 est
1172 571 1301 618 super
1324 565 1509 613 terram,
1532 559 1740 601 transea-
1736 577 1746 640 J

345 644 446 673 mus
471 627 528 673 ad
549 626 709 683 aliam,
733 626 811 672 ubi
837 629 927 685 jam
950 642 1038 671 non
1056 624 1108 670 sit
1126 625 1252 670 elatio
1271 626 1617 688 comprimenda,
1638 638 1716 672 nec
1736 619 1747 693 1

349 709 504 744 contra
525 701 614 758 ejus
631 697 917 757 suggestiones
939 696 1278 758 tentationesque
1295 695 1569 743 luctandum.
1736 698 1741 786 1

410 770 505 816 XV.
530 768 614 815 Sed
637 768 690 814 de
710 768 795 813 hac
816 785 884 819 re,
916 766 961 812 id
985 777 1075 821 est,
1102 782 1180 811 cur
1206 766 1384 829 quidam
1405 782 1492 812 non
1509 781 1717 830 perman-
1737 793 1741 830 1

347 839 436 885 suri
453 839 500 884 in
534 839 621 885 fide
647 849 689 884 et
716 837 942 883 sanctitate
966 836 1202 881 christiana
1219 871 1230 891 ,
1261 847 1402 882 tamen
1422 837 1640 900 accipiant
1664 835 1742 906 3111

346 919 518 973 tempus
548 909 666 955 hanc
697 907 876 968 gratiam
894 941 905 962 ,
942 917 985 951 et
1015 906 1292 952 dimittantur
1325 907 1399 953 hic
1415 907 1558 953 vivere
1581 907 1742 969 (1011001

343 979 524 1035 cadant,
555 996 656 1025 cum
676 978 842 1042 possint
867 976 963 1039 rapi
985 975 1038 1022 de
1061 977 1146 1023 hac
1169 977 1257 1023 vita
1278 1013 1289 1033 ,
1314 993 1367 1022 ne
1390 978 1556 1024 malitia
1583 974 1744 1027 mutetl

340 1048 612 1095 intellectum
632 1064 782 1093 eorum
797 1084 807 1102 ,
843 1046 962 1110 quod
989 1046 1043 1092 de
1072 1058 1221 1092 sancto
1243 1048 1474 1093 immatura
1493 1059 1622 1094 aetate
1640 1047 1720 1093 de-
1737 1035 1743 1121 1

342 1116 494 1163 functo
511 1118 724 1181 scriptum
743 1127 805 1162 est
831 1116 875 1161 in
892 1115 1005 1161 libro
1025 1116 1261 1179 Sapientiae
1277 1117 1321 1146 2·
1309 1136 1322 1170 ς
1342 1127 1513 1180 quaerat
1540 1117 1744 1186 quisque

345 1197 393 1233 ut
409 1188 630 1251 potuerit,
652 1197 695 1232 et
715 1186 750 1231 si
766 1186 978 1232 invenerit
997 1197 1157 1263 praeter
1191 1187 1335 1240 hanc,
1362 1203 1462 1250 quae
1485 1205 1507 1233 a
1528 1203 1596 1233 me
1620 1186 1743 1257 red-J

342 1257 435 1303 dita
454 1269 534 1314 est,
556 1258 685 1303 aliam
704 1256 983 1319 probibilem
1006 1257 1247 1313 rationem,
1269 1274 1291 1302 3
1310 1267 1441 1303 rectae
1456 1256 1557 1303 fidei
1573 1256 1721 1317 regula
1738 1262 1743 1320 1

343 1345 432 1374 non
463 1328 692 1383 recedens,
735 1337 875 1372 teneat
909 1337 1104 1382 03111,οῑ
1134 1343 1213 1387 ego
1241 1343 1342 1374 cum
1369 1327 1472 1383 illo,
1495 1329 1529 1373 si
1553 1344 1621 1374 me
1636 1322 1743 1378 110111

343 1398 519 1444 latuerit
542 1415 552 1443 :
580 1406 880 1444 verumtamen
900 1396 945 1441 in
965 1396 1085 1460 quod
1103 1396 1404 1459 pervenimus,
1432 1364 1477 1442 iri
1501 1412 1551 1443 eo
1569 1397 1724 1444 ambu-

344 1468 484 1514 lemus
509 1467 648 1514 donec
678 1466 805 1513 nobis
834 1466 950 1512 Deus
969 1465 1147 1523 revelet,
1176 1466 1339 1531 siquid
1366 1467 1489 1514 aliter
1511 1468 1721 1531 sapimus,

346 1538 462 1584 sicut
483 1537 732 1602 apostolicis
757 1535 911 1582 litteris
943 1536 1244 1584 admonemur.
1283 1537 1564 1583 Pervenimus
1583 1547 1724 1583 autem

345 1608 392 1654 in
410 1625 485 1663 ea,
512 1624 612 1670 quae
637 1607 691 1653 ad
721 1606 852 1652 fidem
882 1623 1025 1652 veram
1056 1617 1099 1651 et
1124 1607 1387 1653 catholicam
1414 1607 1628 1671 pertinere
1645 1607 1725 1653 fir-

347 1677 537 1724 missime
559 1676 770 1732 scimus3‚
800 1676 846 1721 in
866 1676 1028 1738 quibus
1053 1676 1114 1722 ita
1137 1677 1266 1722 nobis
1289 1677 1610 1723 ambulandum
1633 1687 1722 1733 est,

350 1747 584 1807 adJ'uvante
607 1747 683 1793 illo
701 1757 828 1810 atque
847 1748 1089 1803 miserante,
1109 1748 1183 1794 cui
1197 1747 1401 1804 dicimus,
1422 1770 1442 1790 «
1465 1748 1620 1794 Deduc
1639 1763 1723 1803 me,

349 1840 370 1860 ))
394 1818 596 1874 Domine,
623 1818 670 1863 in
692 1817 761 1863 via
786 1827 882 1872 tua,
909 1827 952 1862 et
970 1817 1206 1864 ambulabo
1227 1819 1273 1864 in
1294 1819 1472 1864 veritate
1490 1829 1564 1864 tua
1584 1817 1621 1875 4,
1642 1838 1663 1860 »
1682 1826 1728 1863 ut

353 1889 410 1934 ab
432 1889 490 1933 eis
515 1887 636 1933 nullo
653 1887 786 1933 modo
808 1886 1044 1934 deviemus.

417 1959 540 2005 XVI.
580 1959 801 2014 Quoniam
837 1975 937 2017 ergo
963 1958 1158 2021 propitio
1190 1958 1368 2005 Christo
1399 1958 1638 2005 Christiani
1660 1976 1729 2006 ca·

357 2014 509 2075 11101101
530 2045 676 2073 sumus
698 2065 708 2075 .
744 2038 787 2073 1⁰
827 2028 998 2074 Scimus
1022 2028 1220 2074 nondum
1250 2040 1374 2075 natos
1400 2030 1513 2075 nihil
1537 2031 1667 2090 egisse
1685 2031 1745 2096 1111

355 2100 442 2145 vita
463 2100 644 2162 propria
663 2099 769 2144 boni
787 2115 861 2144 seu
878 2099 1006 2155 mali,
1030 2117 1110 2145 nec
1143 2099 1386 2145 secundum
1403 2101 1554 2146 merita
1573 2099 1746 2163 prioris!

357 2169 544 2230 alicujus
561 2170 663 2216 vitae
676 2206 687 2225 ,
706 2185 838 2232 quam
863 2169 1030 2215 nullam
1047 2170 1273 2248 propriam
1293 2169 1450 2230 singuli
1470 2171 1634 2217 habere
1652 2187 1727 2234 po·
1748 2222 1750 2233 ἰ

357 2251 560 2296 1110111111,
579 2241 625 2286 in
643 2241 778 2302 hujus
794 2241 896 2285 vitae
915 2240 1059 2285 venire
1083 2241 1304 2289 miserias:
1325 2241 1398 2286 sed
1416 2250 1560 2286 tamen
1582 2258 1730 2287 secun-

358 2312 466 2357 dum
499 2276 638 2358 Adam
675 2310 903 2357 carnaliter
926 2322 1050 2356 natos
1075 2311 1324 2371 contagium
1359 2312 1511 2357 mortis
1536 2312 1750 2382 antiquae·

358 2383 501 2445 prima
536 2382 764 2428 nativitate
797 2381 1087 2437 contrahere,
1127 2398 1207 2427 nec
1243 2381 1418 2429 liberari
1452 2400 1476 2428 a
1513 2374 1746 2454 supplicio}

358 2453 511 2498 mortis
544 2462 760 2508 aeternae,
797 2451 917 2515 quod
952 2452 1088 2498 trahit
1125 2469 1174 2498 ex
1208 2468 1297 2498 uno
1336 2452 1381 2498 in
1422 2469 1569 2499 omnes
1607 2463 1730 2498 tran-

405 2553 418 2578 ¹
444 2553 755 2597 Job.vn‚1.-—-
779 2552 797 2576 ²
823 2555 898 2596 Sap.
922 2562 978 2595 ιν,
1019 2563 1072 2587 11.
1095 2571 1140 2578 —
1169 2550 1183 2577 3
1212 2552 1330 2598 Philip.
1358 2560 1421 2593 m,
1454 2554 1508 2588 16.
1533 2568 1580 2576 —-
1609 2548 1627 2575 ⁴
1650 2551 1730 2586 Psal.

356 2620 473 2649 mxxv,
500 2620 554 2643 11.
