1769 3235
1759 0 1769 46 3¹,

1759 66 1769 123 il

1760 135 1763 149 l

1760 166 1762 173 .

363 254 447 309 140
764 270 799 299 s.
843 268 1097 305 Aneusrmi
1121 269 1322 301 EPISCOPI
1759 234 1762 268 ³

356 333 501 380 laudes
523 334 706 390 Christi,
726 334 824 380 vide
839 335 944 398 quid
960 336 1069 381 mihi
1086 335 1380 383 delectationis
1403 347 1445 382 et
1461 336 1626 383 laetitiae
1639 337 1723 383 fuit
1758 329 1769 391 {2

356 406 505 452 audire
531 406 586 452 ab
611 405 702 461 illo,
739 407 816 469 qui
839 423 917 451 nec
935 406 1080 452 fallere
1114 425 1181 454 me
1199 419 1358 471 posset,
1386 418 1566 471 propter
1592 408 1724 454 fidem
1758 398 1769 466 't

353 495 489 532 suam,
516 488 557 523 et
570 494 638 522 eas
654 477 852 536 ignorare
865 494 950 522 non
965 489 1124 539 posset,
1146 489 1326 542 propter
1338 479 1572 524 amicitiam
1590 489 1723 524 tuam.
1758 471 1764 525 ³.

355 548 439 594 Sed
461 548 541 593 alia
566 558 606 592 et
634 547 688 592 ab
710 547 818 602 aliis,
844 547 920 592 etsi
937 564 1024 592 non
1045 558 1134 593 tam
1149 549 1287 594 multa
1308 549 1373 594 vel
1395 559 1529 603 certa,
1557 565 1727 594 verum·
1758 551 1762 603 ξ

356 628 500 663 tamen
529 617 773 662 audivimus
794 653 804 671 ‚
832 616 937 662 fides
962 627 1036 662 tua
1058 634 1188 681 quain
1214 619 1269 663 sit
1293 635 1392 663 sana
1420 629 1461 663 et
1493 618 1727 676 catholica,
1758 605 1762 639 f

355 705 486 750 quam
523 687 598 750 pia
632 687 871 750 expectatio
891 687 1140 733 futurorum
1159 725 1169 743 ,
1213 705 1313 750 quae
1338 688 1417 733 Dei
1450 686 1729 751 fratrumque
1757 654 1767 735 l

355 758 549 814 dilectio,
573 775 707 821 quam
736 775 823 802 non
850 757 1034 820 superbe
1051 758 1171 820 sapia
1195 758 1240 802 in
1266 757 1438 804 excelsis
1461 757 1723 812 honoribus,
1758 773 1762 807 ι

352 846 431 874 nec
451 846 591 891 speres
616 829 659 874 in
678 828 844 874 incerto
871 828 1142 883 divitiarum,
1170 827 1243 873 sed
1266 828 1310 873 in
1341 829 1430 872 Deo
1453 828 1568 883 vivo,
1593 839 1635 873 et
1657 827 1730 873 di-
1756 835 1761 877 i

352 916 423 945 ves
447 901 501 944 sis
523 900 568 945 in
593 899 802 962 operibus
837 899 993 951 bonis3
1031 915 1159 960 quam
1182 899 1236 943 sit
1272 898 1426 944 domus
1460 909 1533 944 tua
1559 898 1729 961 requies
1756 878 1762 941 i

354 970 641 1033 solatiumque
665 980 931 1023 sanctorum,
956 979 998 1013 et
1018 980 1154 1014 terror
1173 969 1410 1032 impiorum
1428 989 1439 1022 3
1459 980 1622 1032 quanta
1648 968 1729 1013 tibi
1756 967 1760 1015 i

352 1057 456 1085 cura
496 1040 566 1094 sit,
598 1057 651 1084 ne
677 1040 774 1102 quis
797 1039 1024 1084 insidietur
1044 1039 1251 1084 membris
1291 1039 1457 1084 Christi
1496 1049 1730 1102 coopertus
1756 1033 1762 1084 i

352 1110 563 1155 velamine
582 1110 770 1155 nominis
800 1110 985 1166 Christi,
1013 1110 1100 1155 sive
1142 1109 1187 1154 in
1208 1110 1427 1155 veteribus
1445 1113 1554 1168 ejus,
1583 1108 1729 1154 sivein
1756 1119 1760 1164 ξ

350 1180 663 1225 recentioribus
689 1179 904 1233 i11imicis3
931 1196 1151 1242 quamque
1166 1179 1220 1224 sis
1246 1178 1496 1225 eorumdem
1521 1179 1730 1224 inimico·
1755 1173 1761 1226 i

350 1266 447 1295 rum
475 1249 687 1312 providus
704 1249 851 1304 saluti,
878 1249 1058 1294 infestus
1086 1249 1234 1296 errori.
1274 1250 1383 1294 Haec
1403 1260 1532 1312 atque
1566 1248 1728 1308 hujus-
1754 1252 1759 1299 ξ

352 1320 491 1376 modi,
516 1331 563 1365 ut
582 1319 687 1375 dixi,
712 1330 752 1364 et
777 1320 831 1364 ab
862 1319 953 1364 aliis
978 1318 1166 1364 solemus
1205 1318 1385 1372 audire3
1423 1318 1495 1364 sed
1539 1335 1658 1364 nunc
1681 1335 1728 1362 ea
1753 1335 1759 1400 5

349 1408 429 1453 per
452 1390 757 1454 supradictum
777 1389 955 1435 fratrem
980 1389 1107 1452 plura
1124 1401 1165 1435 et
1182 1390 1402 1435 testatiora
1424 1389 1722 1448 cognovimus.
1753 1401 1758 1436 ί

416 1463 499 1508 Ill.
537 1463 675 1507 Porro
692 1471 833 1506 autem
858 1460 911 1506 de
937 1460 1151 1523 pudicitia
1173 1459 1409 1520 conjugali,
1433 1469 1482 1505 ut
1504 1476 1596 1504 eam
1615 1475 1732 1522 quo-
1768 1491 1769 1498 η

349 1549 434 1596 que
456 1533 501 1577 in
526 1543 566 1577 te
588 1531 791 1585 laudare,
810 1542 1011 1576 ctamare
1035 1531 1251 1593 possimus
1268 1567 1279 1586 ,
1306 1529 1523 1592 numquid
1548 1528 1726 1574 audire-

352 1619 465 1656 mus,
493 1602 572 1647 nisi
599 1603 654 1647 ab
679 1601 824 1665 aliquo
852 1601 1054 1646 interiore
1090 1600 1294 1646 familiari
1337 1611 1413 1645 tuo
1434 1637 1444 1656 ‚
1487 1599 1566 1663 qui
1600 1598 1730 1644 vitam
1767 1619 1769 1636 a

354 1684 491 1727 tuam,
519 1689 608 1717 non
636 1672 930 1735 insupersscie,
957 1671 1030 1716 sed
1054 1671 1228 1734 penitus
1258 1673 1427 1716 nosset?
1454 1670 1518 1715 De
1536 1670 1623 1715 hoc
1646 1668 1733 1714 ita—
1766 1682 1769 1693 ⁴

352 1760 436 1807 que
454 1755 528 1788 tuo
550 1743 685 1793 bono,
710 1744 789 1788 Dei
814 1742 948 1791 dono.
970 1759 1035 1787 me
1053 1758 1228 1806 quoque
1247 1741 1432 1787 delectat
1455 1740 1728 1794 familiarius,

353 1826 394 1859 et
416 1813 638 1876 aliquanto
659 1813 824 1859 diutius
846 1814 966 1876 loqui
992 1824 1149 1859 tecum.
1182 1812 1282 1858 Scio
1302 1830 1368 1857 me
1398 1829 1484 1857 non
1503 1829 1588 1857 esse
1609 1811 1730 1857 oneri
1749 1844 1755 1874 Ι

354 1885 454 1939 tibi.
477 1887 510 1929 si
531 1883 697 1947 aliquid
727 1884 941 1947 prolixum
979 1884 1122 1936 mitto,
1149 1883 1271 1946 quod
1291 1882 1474 1942 legendo
1495 1882 1659 1927 diutius
1680 1876 1755 1975 sisi

354 1955 599 2001 nobiscum.
633 1957 743 2000 Nam
766 1966 807 1999 et
829 1955 915 2000 hoc
937 1956 1150 2017 comperi,
1180 1954 1301 2017 quod
1321 1954 1434 1999 inter
1459 1963 1554 1998 tuas
1578 1952 1755 2049 multas¹

353 2043 615 2089 magnasque
633 2043 757 2072 curas
773 2025 899 2071 facile
922 2043 970 2070 ac
989 2025 1175 2070 libenter
1189 2025 1322 2085 legas,
1344 2025 1586 2087 nostrisque
1607 2040 1755 2103 opus-5

354 2095 478 2151 culis,
509 2097 638 2141 etiam
657 2113 755 2159 quae
776 2096 829 2141 ad
859 2095 962 2142 alios
982 2095 1337 2158 conscripsimus,
1358 2096 1392 2140 si
1414 2111 1500 2158 qua
1520 2094 1565 2139 in
1583 2107 1753 2160 manusff

354 2178 448 2212 tuas
472 2167 617 2211 venire
636 2177 893 2230 potuerunt,
922 2166 1161 2212 admodum
1184 2166 1427 2221 delecteris,
1450 2175 1616 2229 quanto
1638 2171 1752 2234 mat-ff

354 2237 416 2296 gis
440 2236 558 2299 quod
589 2237 641 2282 ad
661 2248 698 2282 te
717 2238 942 2294 scribitur,
970 2237 1048 2282 ubi
1075 2248 1284 2300 tanquam
1315 2236 1524 2300 praesenti
1559 2235 1751 2297 loquar‚}

350 2318 391 2352 et
418 2307 637 2352 advertere
679 2307 926 2367 dignaberis
962 2308 1184 2362 attentius,
1229 2318 1269 2353 et
1309 2307 1504 2369 accipere
1530 2305 1751 2380 gratius&

359 2377 426 2424 Ab
447 2377 532 2423 hac
554 2395 653 2437 ergo
673 2378 867 2441 Epistola
886 2395 1016 2441 perge
1036 2378 1091 2423 ad
1110 2378 1292 2433 librum,
1319 2394 1448 2440 quem
1472 2375 1600 2421 simul
1618 2375 1729 2429 misi,
1747 2382 1751 2385 *

351 2447 426 2510 qui
443 2458 528 2493 tuae
545 2450 792 2495 reverentiae
810 2460 851 2494 et
872 2466 952 2494 cur
972 2449 1246 2512 conscriptus
1260 2449 1314 2494 sit
1339 2459 1380 2493 et
1405 2463 1484 2493 cur
1505 2445 1559 2491 ad
1579 2457 1618 2491 te
1643 2462 1732 2507 po-

358 2518 567 2563 tissimum
602 2520 770 2567 missus.
800 2532 840 2566 et
884 2521 973 2584 ipse
1004 2537 1081 2566 suo
1104 2520 1325 2584 principio
1365 2517 1638 2565 commodius
1662 2516 1748 2565 in-;

361 2589 549 2634 rimabit.
1746 2586 1749 2604 ⁷
