1769 3235
508 283 720 315 nrisrom
757 284 923 315 cxcvn.
1338 273 1398 334 93

39 351 279 400 sentiuntur
305 367 316 395 ε
346 349 457 395 sicut
480 350 642 405 messiS‚
668 349 904 404 vindemia,
931 349 1075 407 calor,
1102 351 1260 412 frigus,
1285 370 1390 416 pax,

35 423 216 476 bellum,
234 431 274 467 et
295 420 327 466 si
353 437 438 483 qua
456 420 611 466 similia
642 438 652 465 z
679 423 828 483 χρόνοις
853 429 995 465 autem
1017 420 1112 484 ipsa
1133 423 1270 486 spatia
1292 433 1398 470 tem-

30 510 183 559 porum
201 501 374 538 vocant.

96 564 178 609 111.
212 564 265 607 Et
290 562 377 607 hoc
412 570 526 607 certe
562 560 646 623 ipsi
671 560 870 623 Apostoli
894 577 982 605 non
1016 561 1073 606 ita
1114 562 1395 624 quaesierunt,

33 633 149 699 quasi
166 649 300 678 unum
320 631 601 677 novissimum
625 630 739 676 diem
760 631 827 676 vel
851 631 1022 687 horam,
1050 631 1095 676 id
1120 646 1183 677 est
1204 633 1400 690 exiguam

31 704 112 751 diei
125 714 290 767 partem
316 703 423 748 scire
445 701 701 757 voluissent3
726 701 797 747 sed
819 711 966 747 utrum
986 705 1077 761 jam
1100 713 1205 748 esset
1228 720 1399 767 oppor-

26 785 177 820 tunum
195 783 382 835 tempus,
404 788 492 834 quo
509 788 688 831 regnum
703 782 1088 834 repraesentaretur
1104 773 1252 820 lsrael.
1275 774 1402 820 Tunc

28 842 255 891 audierunt
278 860 288 887 ε
317 864 337 883 «
355 843 492 888 Nemo
514 852 654 904 potest
681 858 941 901 cognoscere
973 852 1187 905 tempora,
1205 859 1304 906 quae
1321 844 1402 889 Pa-

31 935 52 957 »
76 924 139 958 ter
161 912 305 976 posuit
322 912 366 957 in
388 928 462 957 sua
485 922 695 974 potestate
712 949 723 967 ,
763 911 808 956 id
834 922 922 968 est,
951 914 1102 975 χρόνοις
1128 914 1150 961 ἦ
1178 916 1328 975 καιροὺς
1350 930 1360 957 :
1382 934 1402 955 »

26 983 139 1048 quod
160 984 194 1029 si
213 983 343 1029 latine
363 982 580 1028 diceretur
602 1001 613 1028 :
637 983 890 1045 «Tempora
905 993 978 1028 aut
993 982 1358 1046 opportunitates,
1379 1005 1400 1026 ›>

27 1071 102 1100 nec
119 1055 179 1100 sic
202 1053 323 1117 quod
344 1052 511 1099 dictum
537 1064 621 1109 est,
646 1063 752 1099 esset
772 1069 1045 1115 expressum3
1075 1053 1178 1116 quia
1203 1054 1289 1100 sive
1314 1072 1400 1118 op-

25 1134 210 1188 portuna
233 1123 319 1168 sive
358 1123 610 1185 importuna
635 1123 719 1168 sint
759 1134 974 1186 tempora,
1005 1127 1129 1186 καιροὶ
1168 1123 1392 1173 dicuntur.

28 1195 239 1257 Tempora
269 1210 369 1252 ergo
387 1204 659 1256 computare,
694 1193 781 1239 hoc
812 1203 890 1245 est,
916 1196 1085 1255 χρόνοις,
1127 1205 1175 1239 ut
1213 1195 1400 1242 sciamus

24 1265 197 1330 quando
222 1264 276 1310 sit
299 1264 395 1309 finis
416 1264 549 1324 hujus
569 1263 717 1310 saeculi
742 1263 810 1308 vel
833 1263 1045 1309 adventus
1065 1264 1261 1321 Domini,
1287 1267 1400 1312 nihil

26 1335 134 1382 mihi
151 1333 269 1379 aliud
290 1334 479 1390 videtur,
507 1350 638 1396 quam
669 1333 777 1379 scire
802 1332 910 1379 velle
925 1332 1045 1396 quod
1083 1333 1175 1396 ipse
1193 1334 1253 1380 ait
1291 1335 1401 1382 scire

0 1405 2 1463 l
30 1405 239 1451 neminem
259 1422 392 1466 posse.

0 1466 1 1519 Ῠ
92 1476 167 1521 lv.
200 1473 524 1538 Opportunitas
557 1490 660 1520 vero
694 1473 811 1519 illius
845 1472 1055 1536 temporis
1085 1473 1286 1537 profecto
1316 1490 1405 1522 non

0 1571 1 1590 1
30 1546 108 1592 erit
131 1556 363 1609 antequam
399 1544 667 1609 praedicetur
691 1543 975 1603 Evangelium
1002 1545 1048 1589 in
1073 1544 1271 1591 universo
1298 1546 1404 1593 orbe

2 1628 3 1680 ᾗ
30 1617 74 1664 in
96 1617 391 1663 testimonium
414 1616 618 1662 omnibus
643 1616 859 1676 gentibus,
898 1615 1178 1678 Apertissima
1211 1617 1324 1662 enim
1350 1617 1405 1663 de

2 1699 5 1753 'y
32 1686 113 1733 hac
136 1705 180 1733 re
204 1687 360 1747 legitur
379 1686 587 1732 sententia
613 1685 849 1732 Salvatoris
873 1684 1057 1730 dicentis
1079 1702 1089 1730 t
1120 1707 1139 1727 «
1160 1688 1216 1731 Et
1233 1687 1405 1750 praedi-

2 1759 5 1795 ἶ
34 1778 54 1800 »
77 1757 248 1803 cabitur
268 1757 353 1802 hoc
380 1756 663 1816 Evangelium
690 1755 810 1815 regni
834 1755 881 1800 in
906 1754 1106 1800 universo
1127 1757 1232 1801 orbe
1250 1757 1296 1802 in
1318 1768 1405 1804 tes-

3 1825 6 1851 ²
35 1827 307 1873 »timonium
342 1827 546 1872 omnibus
587 1825 790 1886 gentibus
812 1862 822 1881 ,
860 1835 901 1870 et
937 1835 1044 1870 tunc
1082 1826 1222 1873 veniet
1259 1826 1398 1875 finis1.

4 1922 7 1943 ι
35 1919 56 1941 ›>
80 1899 205 1944 Tunc
221 1898 388 1953 veniet,
416 1919 437 1940 >2
461 1897 666 1961 quidest,
691 1897 772 1942 nisi
797 1906 893 1942 ante
917 1912 1004 1940 non
1028 1896 1204 1943 veniet?
1226 1902 1406 1956 Quanto

6 2028 7 2037 ἶ
36 1979 131 2034 post
146 1986 246 2029 ergo
261 1969 422 2025 veniat,
445 1969 657 2014 incertum
681 1968 808 2013 nobis
822 1977 900 2022 est,
925 1977 1022 2011 ante
1045 1976 1186 2014 tamen
1210 1985 1298 2014 non
1319 1985 1406 2015 esse

5 2068 8 2080 ·
37 2051 264 2087 venturum
300 2039 503 2084 dubitare
527 2039 677 2102 utique
704 2055 792 2083 non
823 2037 1044 2084 debemus
1080 2038 1126 2083 Si
1146 2055 1244 2098 ergo
1267 2039 1407 2086 susci-

39 2109 318 2174 perenthunc
344 2109 537 2155 laborem
560 2109 670 2155 servi
694 2110 800 2164 Dei,
822 2119 869 2153 ut
893 2118 1122 2171 peragrato
1143 2109 1248 2155 orbe
1270 2120 1407 2156 terra-

37 2197 155 2237 rum,
177 2190 391 2244 quantum
414 2190 588 2242 possent
609 2216 619 2234 ‚
652 2178 930 2238 colligerent,
956 2177 1063 2241 quid
1090 2190 1283 2225 remanet
1299 2197 1407 2240 gen-

9 2299 11 2309 .
40 2250 142 2296 tium
162 2288 173 2306 ‚
204 2251 285 2296 ubi
313 2249 509 2295 nondum
536 2260 598 2295 est
628 2249 912 2308 Evangelium
938 2248 1231 2311 praedicatum
1251 2287 1263 2307 ,
1299 2251 1407 2298 hinc

9 2371 11 2379 ¹
41 2320 255 2367 advertere
300 2331 538 2384 utcumque
584 2336 803 2383 possemus
842 2329 1055 2381 quantum
1105 2320 1191 2365 hoc
1238 2332 1410 2385 tempus

11 2453 13 2456 .
39 2390 160 2451 longe
193 2392 246 2437 sit
283 2409 304 2436 a
342 2392 428 2436 fine
451 2391 614 2436 saeculi.
651 2389 783 2446 Quod
804 2389 834 2434 si
864 2399 1044 2453 propter
1078 2390 1283 2452 quaedam
1309 2392 1407 2439 loca

10 2470 13 2507 l
42 2460 350 2507 inaccessibilia
385 2471 427 2506 et
463 2460 687 2523 inhospita
716 2459 808 2504 fieri
827 2476 952 2522 posse
970 2477 1056 2504 non
1078 2460 1286 2518 creditur,
1315 2473 1363 2508 ut
1386 2481 1410 2509 a

11 2553 14 2581 ι
42 2531 167 2578 servis
191 2531 268 2576 Dei
288 2540 541 2594 peragretur
566 2531 688 2577 orbis
707 2567 718 2587 ‚
746 2540 787 2576 ct
805 2540 912 2594 quot
931 2540 1195 2595 quantaeque
1223 2533 1410 2581 511111111-

96 2614 104 2635 1
123 2613 225 2646 Manu
255 2624 342 2651 ,xxm
362 2619 414 2649 14.
