1769 3235
542 268 754 306 EPISIOLA
790 270 938 302 ccxvr.
1342 270 1367 301 2
1383 271 1391 299 ι
1405 253 1434 301 5

63 336 158 383 simi
178 346 331 400 portus
355 350 501 381 secure
525 334 755 391 consistat,
779 333 884 380 dum
912 333 1087 394 navigat
1111 351 1190 398 per
1211 333 1298 380 hoc
1314 351 1433 381 mare

63 423 267 467 magnum
288 417 330 452 et
345 406 601 452 immensum
627 442 638 462 ,
665 415 706 450 et
725 405 771 450 in
788 405 860 450 illo
885 416 1032 468 portu,
1053 406 1168 451 intra
1191 423 1318 470 quem
1338 410 1431 467 jam

62 496 146 524 non
169 479 249 523 erit
273 475 554 522 metuendum
580 476 682 522 vitae
710 475 930 535 navigium
948 513 959 532 ‚
988 478 1193 522 mercium
1216 478 1430 523 indiscre-

61 566 169 613 pans
192 548 381 611 accipiat
409 547 603 610 pretium
639 546 916 611 placitarum.
961 546 1056 592 Hoc
1080 557 1168 593 tuat
1195 548 1432 593 sanctitatis

11 622 15 673 ᾗ
59 621 367 683 impetraturos
387 634 464 663 nos
482 616 744 663 confidimus
766 615 1005 676 adjutorio,
1031 633 1110 679 per
1127 617 1311 677 gratiam
1332 634 1433 681 quae

11 711 13 742 ε
59 700 120 735 est
144 689 189 734 in
215 688 391 734 Christo
414 687 514 733 «lesu
552 687 741 733 Domino
774 696 936 733 nostro.
971 687 1132 733 Omnes
1163 688 1274 733 filios
1299 705 1432 751 apos-

10 781 14 788 ·
57 759 217 806 tolatus
243 759 304 805 tui
323 758 523 805 dominos
544 769 712 804 nostros
733 757 912 805 clericos
931 794 941 814 ‚
981 775 1031 804 ac
1055 769 1224 804 sanctos
1253 759 1297 804 in
1321 755 1432 804 eon-

8 874 11 890 ι
56 830 306 892 gregatione
340 830 556 894 propositi
589 831 816 877 servientes
853 829 1141 893 deprecamur
1172 841 1220 875 ut
1244 830 1432 890 digneris

9 898 11 902 ’
54 912 201 958 nostro
233 900 375 950 officio
411 901 622 960 salutare,
662 912 712 947 ut
748 918 849 947 cum
879 911 951 951 tua
986 900 1258 950 beatitudine
1284 917 1431 949 omnes

6 972 9 1009 2³
53 989 134 1036 pro
160 971 289 1021 nobis
313 988 435 1021 orare
452 972 700 1033 dignentur.
726 971 1032 1040 Incliscrepans
1051 972 1240 1019 Trinitas
1253 970 1431 1019 Domini

0 1042 9 1066 ²
55 1042 133 1095 Dei
154 1041 289 1097 nostri
312 1041 601 1105 apostolatum
622 1053 747 1090 tuum
770 1062 780 1097 ;
806 1058 936 1109 quem
963 1041 1088 1101 elegit
1111 1059 1190 1106 per
1215 1041 1398 1105 gratiam
1418 1076 1431 1097 ‚

4 1124 8 1178 ζ
53 1122 275 1176 ςουδθῐνεῑ
300 1112 426 1167 nobis
447 1113 491 1162 in
519 1113 712 1164 Ecclesia
741 1130 814 1159 sua
831 1150 841 1168 ,
867 1124 909 1158 et
934 1113 1069 1165 nostri
1096 1129 1330 1167 memorem
1362 1129 1434 1157 co-

4 1182 7 1229 ?
52 1195 173 1230 ronet
208 1184 252 1229 in
288 1183 481 1229 Ecclesia
521 1201 705 1248 magna,
745 1183 866 1251 quod
902 1195 1107 1250 optamus
1145 1183 1345 1237 Domine.
1385 1183 1431 1228 Si

52 1254 158 1318 quid
197 1265 341 1300 autem
380 1253 568 1300 famulus
608 1265 696 1300 tuae
735 1255 973 1300 sanctitatis
1014 1255 1145 1300 frater
1179 1254 1431 1314 suggesserit

2 1309 6 1371 ῙΙ
43 1325 206 1377 ιΙῗΙοιίιε
229 1363 239 1380 ,
280 1342 361 1389 pro
397 1325 543 1386 regula
579 1325 864 1380 monasterii,
905 1325 1094 1385 digneris
1119 1335 1275 1390 pater,
1311 1325 1429 1388 peti—

2 1388 5 1396 ’
51 1389 175 1461 mus?
208 1391 394 1446 libenter
422 1389 645 1461 accipere,
681 1408 723 1443 et
746 1414 824 1461 per
854 1395 1000 1442 omnia
1033 1413 1110 1443 nos
1132 1396 1330 1448 infirmos
1357 1395 1426 1440 in-

0 1500 3 1516 2
49 1476 224 1514 struere.
253 1489 274 1508 υ
