1769 3235
425 276 829 309 RETRAcuTioNcM
865 280 952 310 mn.
996 281 1024 310 1.
1323 266 1413 329 507

46 357 109 392 est
132 356 180 392 ut
205 344 304 391 mali
330 343 586 407 puniantun
613 356 653 387 et
691 345 841 407 utiquc
878 345 1043 392 honum
1076 357 1135 392 est
1153 364 1280 393 onmc
1297 349 1414 411 quod

41 420 208 478 justum
233 426 307 462 est.

113 503 223 533 xxti.
270 488 408 532 Deum
436 501 523 530 non
548 483 639 547 pati
661 484 968 533 necessitatem.

111 574 242 603 xxm.
283 558 346 601 De
366 557 495 601 Patre
514 565 556 600 et
577 553 697 601 Filio.
727 555 815 600 Ubi
844 555 930 601 dixi
949 558 1068 620 quod
1101 576 1193 604 eam
1228 560 1319 623 ipse
1342 575 1413 618 ge-

47 627 207 684 nuerit,
230 644 315 690 qua
334 626 502 690 sapiens
521 625 699 680 dicitur,
725 626 978 689 sapientiam
1002 645 1013 672 z
1035 628 1107 674 sed
1128 629 1279 674 melius
1297 629 1418 673 istam

47 699 328 763 quaestionem
355 700 398 743 in
424 698 538 743 libro
559 707 707 760 postea
728 697 781 742 de
806 698 1018 744 Trinitate
1036 700 1330 746 tractavimus,

112 787 235 816 xxiv.
280 770 436 814 Utrum
463 779 504 813 et
529 779 757 831 peccatum
790 779 831 814 et
867 780 980 815 recte
1014 769 1178 815 factum
1210 771 1254 815 in
1283 770 1421 816 libero

47 842 100 888 sit
123 840 355 886 voluntatis
377 839 573 885 arbitrio.
602 839 733 896 Quod
762 840 820 885 ita
844 857 931 886 esse
958 841 1137 886 omnino
1155 840 1419 885 verissimum

47 922 120 959 est.
150 911 234 956 Sed
272 922 317 957 ut
351 910 405 957 ad
435 921 548 956 recte
575 910 820 956 faciendum
857 911 1046 958 liberum
1072 912 1154 968 sit,
1184 911 1263 956 Dei
1285 909 1420 971 gratia

47 982 273 1028 liberatur.

115 1070 217 1098 xxv.
258 1053 321 1097 De
346 1069 477 1098 cruce
499 1052 677 1098 Christi.

113 1140 234 1169 xxvi.
270 1125 334 1169 De
358 1123 596 1168 differentia
622 1134 918 1186 peccatorum.

114 1211 253 1239 xxvii.
287 1194 348 1238 De
372 1193 662 1256 providentia.

0 1286 2 1367 ι
116 1281 276 1310 xxviii.
311 1264 457 1321 Quare
484 1265 597 1309 Deus
618 1265 832 1310 mundum
857 1266 995 1312 facere
1015 1266 1214 1313 voluerit.

0 1382 1 1387 ,
114 1353 234 1381 xxix.
265 1337 420 1381 Utrum
455 1334 619 1398 aliquid
650 1336 703 1381 sit
733 1353 899 1382 sursum
927 1348 1000 1383 aut
1023 1337 1223 1383 deorsum
1250 1337 1294 1382 in
1322 1336 1423 1382 uni—

0 1389 2 1486 y
49 1423 186 1453 verSO.

113 1493 217 1522 xxx.
262 1477 416 1521 Utrum
439 1477 581 1521 onmia
606 1476 648 1520 in
682 1476 913 1523 utilitatem
938 1478 1130 1523 hominis
1149 1489 1292 1523 creata
1319 1477 1417 1522 sint.

114 1564 236 1592 xxxi.
285 1548 369 1592 Nec
394 1547 486 1611 ipsa
508 1565 599 1592 mea
620 1558 708 1603 est,
735 1548 808 1594 sed
833 1549 1056 1595 Ciceronis
1076 1549 1124 1603 13
1147 1566 1297 1594 verum
1323 1550 1426 1612 quia

49 1628 90 1666 et
115 1620 212 1666 haec
242 1636 317 1683 pei·
347 1635 414 1663 me
446 1617 636 1664 innotuit
672 1617 884 1665 fratribus
906 1658 916 1675 ,
959 1620 1070 1665 inter
1096 1621 1173 1665 ista
1202 1637 1301 1683 quae
1330 1619 1425 1665 col-

49 1692 242 1752 ligebant
263 1691 530 1754 scripserunt
555 1708 647 1736 eam
668 1727 678 1748 ‚
706 1691 895 1737 volentes
916 1709 1035 1738 nosse
1052 1691 1424 1756 quemadmodum

50 1763 232 1809 virtutes
255 1763 388 1808 animi
409 1762 463 1807 ab
488 1761 562 1807 illo
586 1761 738 1807 divisae
763 1780 811 1808 ac
830 1762 1023 1809 definitae
1042 1765 1141 1809 sint.

118 1852 256 1880 xxxii.
298 1834 453 1879 Utrum
489 1850 576 1878 rem
616 1832 747 1878 ullam
781 1834 889 1879 alius
921 1834 1004 1880 alio
1029 1835 1164 1895 magis
1187 1835 1424 1895 intelligat,

53 1915 182 1967 atque
213 1904 271 1950 ita
300 1903 489 1963 ejusdem
520 1903 576 1948 roi
601 1920 680 1967 per
699 1903 918 1949 infinitum
942 1915 1009 1950 eat
1026 1904 1323 1966 intelligentia.

116 1993 278 2022 xxxiii.
316 1977 375 2021 De
403 1986 534 2022 metu.

117 2063 270 2092 xxxiv.
317 2046 470 2091 Utrum
512 2063 600 2091 non
639 2045 756 2091 aliud
795 2046 1030 2093 amandum
1069 2049 1123 2093 sit
1153 2065 1286 2112 quam
1309 2060 1428 2095 metu

52 2134 211 2163 carere.

117 2205 251 2234 xxxv.
281 2187 399 2243 Quid
421 2186 656 2232 amandum
685 2189 751 2233 sit.
785 2190 834 2232 ln
855 2205 940 2252 qua
964 2188 1073 2235 illud
1096 2189 1215 2253 quod
1241 2189 1350 2245 dixi,
1381 2191 1433 2236 id

53 2277 148 2305 esse
175 2260 439 2304 amandum
465 2297 472 2313 ,
506 2260 636 2321 quod
664 2260 788 2304 m'lzz'l
814 2272 884 2305 est
909 2260 1043 2306 aliud
1071 2262 1248 2307 habere
1286 2280 1431 2327 qnam

54 2349 190 2375 710356
211 2368 220 2384 ‚
254 2347 341 2375 non
376 2330 475 2374 satis
500 2330 715 2392 approba
749 2332 900 2395 Neque
933 2333 1047 2378 enim
1069 2333 1209 2378 Deum
1232 2350 1321 2379 non
1344 2333 1431 2379 ha-

53 2401 248 2456 bebant,
286 2401 447 2463 quibus
478 2400 645 2447 dictum
685 2412 746 2448 est
781 2420 792 2446 ε
827 2424 845 2442 α
879 2403 1066 2450 Nescitis
1090 2403 1192 2467 quia
1216 2403 1431 2468 templum

58 2494 76 2512 »
106 2471 182 2517 Dei
214 2471 309 2517 estis
334 2488 407 2516 vos
429 2509 438 2526 ,
472 2482 513 2516 et
536 2472 714 2535 spiritus
735 2474 813 2519 Dei
837 2472 1069 2520 habitatin
1091 2475 1248 2521 vobis²
1266 2478 1285 2521 Ρ
1304 2496 1324 2517 »
1348 2491 1430 2524 nec

56 2553 198 2589 tamen
233 2559 331 2587 eum
369 2553 602 2599 noverant,
629 2543 694 2589 ve}
717 2562 802 2590 non
830 2544 942 2591 sieut
959 2545 1201 2592 noscendus
1220 2556 1282 2592 est
1298 2558 1431 2592 nove-

105 2625 344 2657 ¹Tultiusm1.
371 2636 399 2657 1.
422 2642 464 2647 —
484 2624 497 2645 '²
517 2636 527 2655 ι
551 2628 768 2667 (301·.111‚1t‘·,
