1769 3235
320 283 411 346 592
934 294 1087 325 minax.

349 364 464 395 CAruz·
489 361 546 393 LI.
572 361 668 393 Gesta
685 370 756 391 eum
772 359 916 390 Emeriio
934 360 1114 398 Donatista,
1132 359 1215 391 liber
1237 370 1328 392 unus.
1633 359 1696 390 553

382 433 422 438 —-
492 413 567 444 LII.
591 415 710 444 Contra
727 413 914 442 Sermone-m
932 411 1123 442 Arianorum
1137 435 1146 448 ,
1159 411 1241 441 liber
1253 422 1345 442 unus.
1628 411 1696 442 ibid

380 483 421 489 —-
491 464 587 495 LIII.
615 464 663 494 De
688 463 815 504 Nuptiis
831 467 860 493 et
879 461 1151 504 Concupiscentia
1175 463 1214 494 ad
1231 463 1394 494 Valerium
1407 462 1589 502 Comitem,

532 515 606 546 libri
624 514 696 544 duo.
1632 515 1696 556 559

380 584 420 590 —
490 567 579 597 LIV.
604 564 814 596 Locutionum
830 586 839 602 ,
859 562 933 594 libri
955 569 1090 604 septem.
1635 564 1696 596 560

381 635 422 642 --
489 617 560 648 LV.
587 617 832 656 Qiiaessionum,
861 614 934 646 libri
958 621 1092 657 septem.
1632 615 1690 645 561

381 687 419 693 --
489 669 575 699 LVI.
606 669 654 698 De
672 667 787 698 Anima
804 672 835 698 et
852 668 920 708 rjus
936 666 1083 706 Origine,
1098 667 1170 699 libri
1185 673 1333 709 quatuor.
1630 667 1693 698 563

381 740 421 745 -—-
487 720 597 752 Lvn.
625 719 674 750 Ad
694 718 885 749 Pollentiam
903 718 941 748 de
958 717 1146 749 adulterinis
1163 718 1330 760 Conjugiis
1347 719 1419 751 libri
1436 719 1512 751 duo.
1632 718 1693 755 564
1756 738 1757 742 ,

381 792 422 798 —-
489 771 618 803 Lvlll.
634 772 755 802 Contra
771 769 984 801 adversarium
1003 770 1095 810 Legis
1111 775 1141 801 et
1157 770 1402 812 Prophetarum.
1421 768 1494 800 libii
1507 770 1578 801 duo.
1631 769 1692 801 565

380 844 421 850 -
490 823 580 854 LIX.
616 821 739 853 Contra
773 820 990 851 Gaudentium
1020 820 1260 853 Donatistarum
1284 823 1479 864 episcopum,
1510 823 1582 854 libri

496 877 572 907 duo.
1626 873 1695 904 ibid

381 947 422 953 -.
491 928 560 958 LX.
586 926 710 956 Contra
733 922 949 960 Mendacium,
968 922 1049 953 liber
1072 933 1161 954 unus.
1628 926 1691 957 566

379 999 420 1004 -.
487 978 579 1009 LXI.
605 977 726 1007 Contra
742 975 817 1005 duas
832 974 979 1016 epistolas
997 974 1242 1016 Pelagianomm
1254 999 1264 1012 ‚
1277 975 1349 1008 libri
1364 982 1514 1019 quatuor.
1629 978 1692 1019 567

380 1048 422 1055 ...
491 1028 604 1059 LXII.
628 1027 750 1058 Contra
766 1024 943 1063 Julianum,
966 1025 1038 1056 libri
1054 1037 1120 1058 ενι.
1624 1029 1693 1060 ibid

379 1101 417 1107 —-
485 1080 618 1111 LXIII.
636 1078 685 1109 Ad
698 1077 904 1108 Laurentium
917 1077 954 1108 de
970 1077 1063 1115 Fide,
1079 1077 1142 1119 Spe
1154 1083 1184 1110 et
1201 1079 1380 1119 Charitate,
1395 1080 1476 1112 liber
1488 1091 1578 1113 unus.
1628 1081 1691 1112 568

375 1151 416 1157 —-
482 1131 603 1164 LXIV.
635 1131 682 1161 De
704 1139 778 1160 cura
808 1139 865 1170 pro
893 1129 1029 1159 Mortuis
1057 1129 1193 1170 gerenda
1210 1130 1250 1161 ad
1276 1131 1443 1163 Paulinum
1461 1132 1586 1174 episco-

522 1193 621 1224 pum,
639 1181 721 1213 liber
735 1190 826 1212 unuS.
1625 1184 1688 1226 569

372 1253 412 1258 —
480 1234 582 1265 LXV.
610 1234 658 1264 De
674 1239 746 1264 octo
761 1232 890 1264 Dutciiii
909 1232 1168 1272 QuaeztionibuQ
1181 1233 1264 1264 libei·
1277 1245 1367 1266 unus.
1620 1235 1690 1267 ibid

375 1305 414 1310 —
484 1285 607 1317 LXVI.
636 1286 686 1316 Ad
713 1284 920 1316 Valentinum
949 1291 980 1316 et
1006 1295 1077 1316 cuin
1105 1284 1159 1316 illo
1175 1286 1346 1316 monachos
1364 1286 1402 1318 de
1419 1287 1530 1320 Gratia
1554 1292 1586 1318 et

527 1338 644 1369 Libero
667 1336 822 1374 artium,
848 1336 930 1367 liber
947 1348 1041 1368 unus.
1628 1340 1690 1379 550

369 1408 408 1415 —
479 1390 622 1422 LXVII.
651 1389 702 1420 Ad
726 1399 804 1431 quos
832 1399 948 1430 supra.
973 1389 1012 1420 de
1034 1389 1247 1431 Correptione
1274 1395 1305 1421 et
1333 1390 1449 1422 Gratia
1468 1413 1477 1429 ,
1503 1390 1585 1423 liber

525 1452 614 1473 unus.
1617 1443 1686 1475 ibid

308 1544 683 1576 Amouvoms.
1628 1545 1689 1588 573

797 1871 1000 1902 EXPLICIT
1033 1871 1188 1902 INDEX.
