1769 3235
494 262 705 292 EPISTOLA
740 262 925 293 cxcvni.
1339 263 1399 310 97

33 348 53 369 »
78 341 165 373 non
187 342 353 372 necesse
377 325 589 371 habemus
607 325 731 371 vobis
748 326 935 372 scribere
960 343 970 370 :
999 342 1073 371 vos
1093 326 1206 373 enim
1230 327 1314 391 ipsi
1339 328 1405 373 di-

32 418 53 440 »
75 397 254 456 ligenter
274 396 389 442 scitis
404 433 415 452 ‚
439 396 541 459 quia
559 395 649 441 dies
664 395 842 441 Domini
859 432 869 451 ,
891 396 1004 441 sicut
1020 395 1091 442 fur
1107 397 1152 442 in
1167 409 1293 444 nocte
1310 435 1319 452 ‚
1345 398 1404 444 ita

32 488 53 510 »
78 468 232 514 veniet.
273 467 385 513 Cum
424 467 539 512 enim
577 466 760 512 dixerint
788 483 799 510 ε
828 469 914 512 Pax
947 476 987 511 et
1025 469 1262 524 securitas,
1298 479 1405 514 tunc

31 558 53 580 ι)
75 536 324 583 subitaneus
362 536 444 582 illis
470 536 703 599 apparebit
729 535 926 581 interitus
943 572 954 591 ‚
978 536 1200 600 quomodo
1236 537 1407 584 dolores

32 628 52 650 »
75 606 377 669 parturienti8‚
404 616 446 652 et
465 622 553 651 non
572 605 791 665 effugient.
816 627 835 646 ›,
853 606 963 651 Item
985 607 1246 669 Apostolus:
1271 628 1293 649 «
1309 608 1408 653 Non

33 697 53 719 ι)
75 676 264 722 retinetis
285 675 517 730 memoria,
541 676 644 739 quia
661 692 764 721 curn
788 692 917 720 essem
944 675 1063 739 apud
1088 693 1186 731 vos,
1212 677 1311 723 haec
1335 677 1408 722 di-

32 766 54 790 »
79 746 230 792 cebam
252 746 378 793 vobis
400 763 410 790 z
439 746 494 791 Et
522 761 640 791 nunc
664 743 770 808 quid
800 744 1014 801 detineat,
1043 747 1186 803 scitis,
1217 758 1265 793 ut
1285 764 1410 793 reve-

32 837 53 859 »
75 816 187 862 letur
208 816 254 863 in
285 833 363 862 suo
386 826 593 879 tempore.
625 816 738 861 Nam
762 815 1016 878 mysterium
1046 816 1289 879 iniquitatis
1314 820 1409 876 jam

32 908 53 930 >2
76 898 310 951 operatur;
334 908 356 930 »
383 897 555 933 tantum
583 887 660 950 qui
681 897 823 942 tenet,
847 886 981 932 modo
1013 897 1172 945 teneat,
1195 888 1334 933 donec
1359 886 1414 933 de

33 979 53 1001 ))
80 957 221 1004 medio
237 959 314 1004 fiat
334 975 345 1003 z
373 968 416 1004 et
438 968 543 1004 tunc
566 956 832 1004 revelabitur
849 956 921 1002 ille
937 957 1115 1020 iniquus
1135 995 1145 1011 ‚
1164 975 1293 1021 quem
1316 958 1412 1002 Do·-

32 1050 53 1072 »
76 1028 219 1075 minus
242 1032 363 1074 Jesus
384 1028 618 1075 interficiet
641 1027 800 1092 spiritu
827 1027 914 1073 oris
937 1027 1048 1075 suiss.
1074 1050 1094 1070 >³
1122 1029 1231 1074 Item
1256 1028 1413 1073 Domi-

33 1114 113 1144 nus
136 1099 184 1143 in
203 1098 439 1158 Evangelio
465 1099 666 1161 increpat
687 1098 713 1142 J
719 1098 867 1144 udaeos
890 1115 901 1143 :
926 1119 946 1140 «
967 1099 1023 1144 Et
1039 1109 1086 1144 tu
1100 1135 1110 1154 ‚
1132 1099 1164 1144 si
1183 1098 1416 1158 cognovis-

39 1189 60 1211 ι)
85 1185 147 1214 ses
181 1178 353 1231 tempus
394 1168 652 1214 visitationis
692 1178 780 1213 tuae
798 1204 810 1224 ,
853 1168 1035 1214 forsitan
1073 1168 1380 1233 permansisses
1402 1185 1413 1213 :

33 1259 53 1282 >³
75 1255 191 1285 nunc
211 1248 354 1285 autem
379 1237 636 1284 abscondita
660 1247 762 1284 sunt
789 1238 846 1283 ab
868 1238 1006 1284 oculis
1031 1239 1117 1284 tuis
1133 1239 1169 1288 2.
1193 1259 1215 1281 »
1242 1240 1298 1283 Et
1317 1240 1413 1283 Do-

38 1310 178 1357 minus
207 1309 268 1355 sic
301 1308 519 1372 praedicat
554 1308 609 1354 ad
637 1308 814 1355 Judaeos
840 1325 851 1353 :
878 1329 900 1350 «
927 1308 1241 1355 Poenitentiam
1277 1307 1414 1368 agite,

37 1401 57 1422 ›>
79 1378 297 1442 completa
317 1389 418 1425 sunt
435 1390 634 1444 tempora
647 1417 658 1436 ,
676 1379 840 1426 credite
857 1378 1095 1439 Evangelio
1107 1378 1139 1426 ³.
1161 1400 1181 1421 ›>
1197 1379 1252 1424 Et
1267 1377 1323 1423 ad
1336 1382 1358 1423 J
1364 1395 1421 1424 u·-

38 1449 154 1496 daeos
182 1448 357 1512 quidem
383 1460 498 1496 recte
522 1449 742 1513 completa
769 1449 968 1504 dicebat,
1001 1449 1105 1513 quia
1125 1465 1277 1495 eorum
1299 1458 1416 1493 tem-

36 1537 143 1584 pora
167 1530 264 1583 post
287 1523 379 1579 ejus
401 1519 760 1584 praedicationem
783 1530 824 1565 et
843 1520 1020 1580 triginta
1044 1530 1086 1565 et
1109 1519 1330 1582 quinque,
1350 1516 1422 1562 vel

37 1590 328 1655 quadraginta
354 1608 488 1636 annos
507 1591 629 1637 finita
647 1601 762 1638 sunt.
791 1592 844 1636 Et
861 1590 906 1636 in
922 1590 1102 1637 Daniele
1122 1610 1130 1636 :
1152 1612 1173 1632 «
1189 1588 1422 1646 Quoadus-

40 1682 59 1704 ›>
83 1678 168 1726 que
199 1659 426 1707 interfecta
451 1672 514 1707 est
536 1661 700 1718 bestia,
723 1672 764 1707 et
783 1661 941 1725 periit,
970 1672 1011 1706 et
1037 1677 1200 1724 corpus
1223 1663 1315 1720 ejus
1340 1659 1423 1705 da-

45 1753 66 1773 »
90 1742 181 1778 tum
212 1741 276 1777 est
294 1741 343 1777 ut
364 1732 666 1789 comburatur,
699 1743 741 1777 et
763 1731 1030 1795 reliquarum
1055 1731 1294 1778 bestiarum
1327 1746 1426 1788 reg—

47 1818 193 1847 »num
234 1802 489 1848 translatum
523 1813 615 1857 est,
643 1812 683 1847 et
716 1801 974 1861 magnitudo
996 1802 1099 1847 vitae
1134 1801 1233 1846 data
1265 1811 1327 1845 est
1362 1800 1421 1844 eis

43 1895 63 1916 ›>
87 1890 222 1937 usque
259 1873 315 1919 ad
340 1884 511 1937 tempus
549 1885 591 1920 et
616 1873 841 1936 tempusl*‚
872 1896 890 1915 >2
917 1872 1035 1936 quod
1074 1890 1213 1933 graece
1236 1871 1417 1923 dicitur,

2 1958 4 1977 ³
38 1949 107 1997 ἕως
131 1947 270 2007 χρόνου
290 1948 357 1989 καὶ
377 1954 525 2008 καιροῦ.
547 1946 602 1990 Et
621 1943 863 2006 insequitur
885 1961 895 1988 :
919 1965 939 1985 «
962 1944 1018 1988 Et
1042 1960 1141 1988 ecce
1165 1959 1264 1987 cum
1288 1939 1426 1986 nubi-

2 2031 6 2083 '2
39 2033 60 2056 ›>
81 2014 164 2059 bus
183 2014 284 2060 coeli
307 2014 429 2077 quasi
454 2014 569 2060 filius
586 2014 777 2059 hominis
793 2014 983 2059 veniens.
1006 2034 1026 2053 ³>
1051 2013 1307 2076 Mysterium
1324 2011 1421 2055 bes-

4 2095 7 2102 '
38 2085 108 2131 tiae
141 2102 162 2130 e
191 2085 458 2148 reliquarum
489 2085 729 2131 bestiarum
762 2083 1042 2130 translatione
1076 2082 1421 2143 intelligentibus

5 2180 8 2215 ῃ
40 2155 313 2218 Scripturam
341 2155 616 2202 manifestum
640 2166 715 2203 est.
744 2177 764 2197 »

6 2218 9 2284 i
101 2225 176 2273 IV.
205 2247 225 2267 «
246 2225 468 2272 Adventus
493 2227 670 2272 Domini
693 2225 940 2286 diligendus
963 2235 1024 2271 est
1040 2235 1082 2271 et
1104 2223 1413 2289 expectanduS.

7 2315 10 2362 ἶ
39 2295 113 2342 Est
128 2296 242 2342 enim
263 2313 418 2356 magna
444 2297 673 2342 beatitudo
707 2297 990 2356 diligentibus
1025 2300 1115 2356 ejus
1144 2295 1379 2350 adventum
1400 2332 1412 2351 ‚

8 2369 11 2410 ἱ
39 2365 148 2412 sicut
165 2366 460 2412 testimonium
477 2367 849 2430 perhibetbeatus
868 2366 1087 2431 apostolus
1101 2365 1264 2412 Paulus
1282 2383 1292 2410 :
1314 2386 1335 2406 «
1351 2365 1416 2410 De

10 2458 12 2490 ς
40 2455 62 2479 »
82 2448 238 2484 caetero
253 2474 265 2494 ‚
285 2437 452 2501 inquit,
473 2438 661 2502 reposita
679 2449 739 2485 est
754 2438 866 2484 mihi
886 2455 1044 2485 corona
1057 2437 1264 2498 justitiae,
1282 2452 1418 2501 quam

12 2584 13 2587 Ἰ
88 2540 97 2562 ¹
118 2552 135 2572 2
156 2539 270 2573 Thess.
294 2551 341 2575 ιι,
376 2540 409 2574 5,
439 2557 484 2563 —-
511 2538 527 2562 2
557 2543 633 2573 Luc.
667 2551 745 2583 xix,
778 2547 834 2577 42.
855 2558 902 2565 -—
919 2537 932 2561 3
962 2539 1061 2574 Marc.
1096 2551 1125 2582 1,
1159 2540 1213 2574 15.
1232 2557 1276 2564 —
1294 2535 1309 2561 ⁴
1328 2540 1414 2573 Dan.

12 2606 14 2625 ῐ
40 2607 84 2631 vn
98 2620 107 2637 ,
129 2607 183 2628 ιι.

167 2665 348 2703 chvm.
1261 2664 1288 2713 7
