1769 3235
0 149 8 209 l

0 216 8 228 *u

0 288 8 358 l
379 305 776 339 RETRACTATmNUM
814 310 901 340 Liss.
947 313 975 342 1.
1295 296 1388 355 443

0 352 221 438 li'suscepto
247 392 376 438 opere
401 374 590 420 dabatur
616 376 787 423 occasio
804 415 814 434 ,
838 377 880 423 in
903 378 980 425 lib.
1007 397 1070 426 ΧΗ
1093 380 1145 426 de
1179 380 1391 427 Trinitate

0 435 7 512 l
22 442 214 495 disserui.
238 447 335 492 Hoc
356 447 482 510 Opus
505 446 566 492 sic
583 446 740 511 incipit
764 466 774 494 :
807 450 1147 497 Volvelm'ml'lzc‘
1165 453 1317 498 mulla
1334 471 1393 500 (cc

0 525 5 572 ss
22 513 162 564 varia
187 535 385 563 mecum.

0 595 2 659 Ι

0 662 78 725 kuna-
87 688 1391 704 vt·-myas.mmmussmmm=wmmmmmtummzm'mmm

3 716 6 728 Ι

0 729 8 853 l
587 801 763 845 CAPUT
800 802 843 844 v,

0 862 6 893 7

242 941 304 984 De
335 939 681 984 Immortalitate
712 940 886 983 Animoe
917 939 1027 983 liber
1058 957 1184 985 unuS.

17 1133 22 1136 ,
90 1078 126 1124 Ι.
160 1077 273 1124 POST
296 1076 432 1123 libros
449 1076 788 1141 Soliloquiorum
808 1080 901 1138 jam
912 1076 966 1123 de
985 1094 1087 1138 agro
1104 1077 1401 1125 Mediolanum

26 1154 242 1205 reversus,
283 1147 435 1211 scripsi
461 1147 656 1203 librum,
693 1153 761 1194 De
792 1148 1155 1194 lmmortalitate
1191 1154 1368 1195 cclzc'moe
1387 1187 1397 1205 ‚

27 1218 147 1283 quod
178 1219 288 1264 mihi
312 1218 434 1282 quasi
460 1219 845 1265 commonitorium
867 1237 952 1265 esse
976 1219 1195 1266 volueram
1224 1231 1408 1284 propter

29 1288 269 1353 Soliloquia
309 1289 579 1334 terminanda
598 1325 609 1342 ,
649 1307 748 1353 quae
786 1289 1040 1354 imperfecta
1076 1302 1372 1363 remanseffiant
1392 1309 1403 1336 ε

27 1359 100 1406 sed
123 1359 266 1404 nescio
283 1359 508 1423 quomodo
533 1377 600 1405 me
619 1360 757 1406 invito
781 1361 882 1406 exiit
903 1360 948 1406 in
972 1377 1123 1406 manus
1141 1360 1374 1406 hominum
1394 1397 1406 1416 ,

26 1440 71 1477 'et
93 1430 206 1476 inter
226 1447 320 1475 mea
348 1430 559 1493 opuscula
589 1431 853 1478 nominatur.
886 1430 975 1488 Qui
996 1430 1139 1494 primo
1169 1430 1407 1476 ratiocina-

29 1501 199 1548 tionum
222 1501 495 1547 contortione
516 1512 645 1565 atque
666 1501 879 1547 brevitate
904 1501 964 1547 sic
993 1501 1208 1547 obscurus
1238 1511 1329 1556 est,
1356 1511 1404 1546 ut

28 1571 178 1633 fatiget
200 1608 210 1626 ,
235 1588 335 1617 cum
358 1571 518 1632 legitur
536 1609 546 1626 ‚
570 1573 699 1618 etiam
729 1572 1010 1618 intentionem
1044 1589 1183 1617 meam
1206 1609 1218 1628 ,
1255 1571 1410 1635 vixque

27 1642 298 1703 intelligatur
327 1659 349 1687 a
376 1659 444 1688 me
464 1642 574 1706 ipso,

97 1714 156 1761 ΙΙ.
189 1713 356 1758 Deinde
384 1715 579 1774 cogitans
612 1713 723 1759 nihil
761 1712 879 1759 aliud
910 1730 1042 1778 quam
1070 1713 1236 1760 animos
1259 1712 1409 1758 homi-

31 1802 169 1842 num,
211 1785 254 1830 in
291 1784 482 1848 quadam
520 1785 892 1845 argumentatione
922 1784 1114 1845 ejusdem
1144 1783 1249 1829 libri
1282 1783 1369 1829 dixi
1397 1801 1408 1828 :

39 1860 133 1903 Nec
155 1873 254 1901 esse
280 1860 327 1900 in
352 1873 405 1901 eo
440 1855 573 1919 quod
606 1855 730 1900 m'lzc'l
765 1856 901 1901 discit
920 1892 932 1913 ‚
970 1855 1221 1918 clzssrccplc'na
1235 1865 1407 1918 potest.

35 1927 230 1990 Itemque
252 1926 335 1972 alio
355 1925 451 1971 loco
479 1925 597 1971 dixi:
626 1930 726 1972 Nec
759 1926 904 1971 ullam
930 1944 1030 1972 rem
1052 1928 1251 1971 seientia
1286 1942 1413 1970 com-

28 1998 275 2062 plectitur,
313 2000 407 2042 nisi
421 2014 526 2060 quse
547 1996 614 2041 ad
633 1997 847 2060 aliquam
858 2002 1069 2060 pertinet
1085 1997 1411 2060 dc‘sczPlz'chan:

35 2085 116 2115 nec
136 2067 256 2115 venit
273 2068 318 2112 in
344 2077 549 2123 mentem,
585 2068 720 2113 Deum
751 2085 839 2113 non
872 2067 1035 2113 discere
1056 2067 1308 2130 disciplinas
1326 2102 1337 2122 ‚
1375 2075 1417 2110 et

37 2138 199 2184 habere
228 2137 422 2183 omnium
461 2154 603 2183 rerum
639 2137 863 2183 scientiam
883 2176 893 2192 ‚
926 2139 971 2184 in
1011 2154 1098 2201 qua
1122 2138 1250 2183 etiam
1277 2153 1419 2200 praes·

38 2209 195 2256 cientia
218 2219 278 2254 est
297 2208 561 2253 futurorum.
582 2208 686 2254 Tale
703 2220 764 2254 est
790 2209 899 2255 illud
924 2209 1042 2273 quod
1068 2208 1129 2254 ibi
1154 2208 1320 2254 dictum
1336 2217 1415 2263 est,

40 2284 153 2325 Non
174 2296 273 2324 esse
296 2282 446 2323 vitam
466 2296 569 2324 eccm
591 2291 775 2326 melone
799 2280 885 2325 ulla·
903 2318 913 2336 ‚
944 2281 1038 2325 nisi
1054 2280 1241 2324 am'moe.
1267 2279 1418 2341 Neque

39 2352 154 2397 enim
176 2352 267 2396 Deo
291 2350 381 2395 sine
400 2350 566 2395 ratione
584 2351 672 2396 vita
690 2362 751 2396 est
768 2369 777 2407 3
797 2368 897 2397 cum
917 2350 1037 2414 apud
1061 2367 1158 2396 eum
1184 2360 1226 2395 et
1251 2366 1422 2395 summa

41 2421 128 2467 vita
147 2458 157 2477 ‚
190 2432 232 2466 et
255 2437 423 2466 summa
447 2421 500 2466 sit
524 2421 647 2469 ratio.
677 2423 732 2467 Et
761 2421 872 2467 illud
896 2421 1014 2485 quod
1041 2421 1265 2484 aliquanto
1286 2435 1420 2482 supe-

39 2493 132 2538 rius
154 2492 258 2547 dixi,
284 2491 333 2536 icl
354 2493 488 2555 quod
504 2494 805 2557 intellegitur,
829 2493 1073 2556 ejusmodi
1089 2509 1187 2538 esse
1205 2508 1421 2553 semper:

41 2580 144 2611 cum
166 2562 430 2622 intelligatur
455 2563 682 2610 etanimus
700 2601 711 2620 ‚
740 2564 816 2627 qui
844 2563 995 2628 utique
1023 2580 1111 2608 non
1131 2560 1344 2622 ejusmodi
1362 2570 1425 2607 est

41 2651 227 2699 semper.
259 2633 392 2690 Quod
410 2650 511 2680 vero
535 2634 639 2691 dixi„
659 2640 877 2684 ammam
892 2646 1150 2698 propterea
1167 2650 1262 2679 non
1284 2649 1426 2695 posse
