1769 3235
561 282 772 314 Erisrota
810 285 966 315 ccxiii.
1372 292 1454 337 ¹97

78 371 210 419 quam
234 353 343 400 mihi
369 353 522 399 fratres
539 359 581 395 et
600 359 745 412 patres
767 349 849 394 mei
871 352 1125 416 coepiscopi
1149 356 1325 402 duobus
1349 373 1449 402 con-

79 425 188 472 ciliis
219 423 440 471 Numidiae
459 431 501 466 et
519 419 798 479 Carthaginis
833 421 1056 483 imponere
1083 423 1248 484 dignati
1276 438 1394 483 sunt,
1411 438 1459 474 ut

78 498 357 563 perquinque
369 494 458 540 dies
475 509 601 538 nemo
618 492 726 537 mihi
746 491 950 537 molestus
970 505 1088 541 esset.
1112 498 1241 544 Gesta
1257 497 1457 544 confecta

78 578 177 614 sunt
192 604 202 620 ‚
224 567 419 630 placuit,
449 563 732 610 acclamastis,
760 563 990 608 Recitatur
1007 565 1220 627 placitum
1237 581 1425 615 vestrum
1443 607 1454 624 ,

77 649 118 684 et
152 636 481 683 acclamationes
518 643 688 679 vestrae.
735 633 878 678 Parvo
917 644 1113 696 tempore
1145 650 1360 685 servatum
1397 650 1459 684 est

77 708 192 754 circa
213 723 279 752 me
296 743 307 761 ‚
334 717 375 751 et
394 715 544 768 postea
571 702 781 748 violenter
803 702 1024 766 irruptum
1049 716 1134 761 est,
1166 719 1208 753 et
1241 727 1329 755 non
1354 727 1457 772 per-

76 777 226 823 mittor
252 775 306 822 ad
330 774 450 839 quod
471 773 568 819 volo
598 789 765 819 vacare.
800 773 908 818 Ante
937 774 1162 821 meridiem
1185 789 1228 823 et
1253 790 1350 841 post
1371 796 1457 824 me-

75 847 228 894 ridiem
258 844 624 910 occupationibus
649 843 878 889 hominum
908 844 1129 907 implicor.
1164 847 1360 895 Obsecro
1383 866 1458 895 vos

75 929 117 964 et
148 917 372 977 obstringo
412 932 487 979 per
531 914 790 968 Christum,
830 925 877 959 ut
919 915 1025 961 huic
1049 919 1200 976 juveni
1226 956 1236 973 ‚
1274 920 1360 965 hoc
1397 930 1460 966 est

76 988 248 1034 Eraclio
273 987 529 1050 presbytero
547 1022 556 1039 ‚
590 1001 718 1048 quem
752 983 883 1030 hodie
917 985 960 1030 in
983 988 1158 1032 nornine
1181 989 1347 1035 Christi
1377 989 1457 1035 de-

75 1059 194 1118 signo
213 1059 468 1121 episcopum
492 1071 779 1100 successorem
805 1055 913 1100 mihi
934 1092 945 1109 ‚
970 1057 1199 1118 patiamini
1218 1076 1286 1105 me
1303 1059 1456 1105 refun-

75 1128 174 1174 dere
187 1144 315 1173 onera
340 1125 682 1188 occupationum
705 1141 914 1172 mearum.
941 1129 1186 1189 Apopulo
1209 1130 1456 1175 acclama-

78 1211 170 1245 tum
192 1209 258 1245 est
276 1235 286 1255 ,
315 1198 339 1243 J
348 1195 492 1243 udicio
510 1206 586 1240 tuo
611 1193 769 1254 gratias
795 1195 961 1254 agimus
984 1217 995 1250 ;
1024 1198 1200 1244 dictum
1223 1211 1292 1245 esc
1310 1205 1455 1246 vicies

74 1274 244 1315 sexies.

139 1342 213 1389 VI.
260 1345 473 1404 Cumque
523 1340 820 1392 reticeretur,
864 1342 1166 1400 Augustinus
1204 1347 1454 1406 episcopus

75 1413 224 1466 dixit,
264 1413 352 1472 Ego
378 1409 585 1456 charitati
615 1418 657 1453 et
690 1407 1002 1455 benevolentiae,
1033 1422 1187 1458 vestrae
1216 1413 1335 1476 apud
1359 1414 1452 1459 Do—

76 1483 240 1529 minum
266 1485 406 1527 Deum
428 1490 623 1525 nostrum
651 1478 806 1539 gratias
830 1496 907 1538 ago
927 1517 938 1536 ‚
960 1480 1048 1526 imo
1070 1482 1123 1527 de
1146 1482 1220 1528 illa
1243 1485 1332 1529 Deo
1353 1501 1454 1543 gra-

75 1555 152 1600 tias
176 1571 269 1614 ago.
295 1557 409 1612 Ergo
433 1551 585 1596 fratres
603 1588 613 1606 ,
642 1549 863 1613 quidquid
891 1561 958 1596 est
978 1552 1098 1615 quod
1135 1552 1187 1598 ad
1222 1571 1290 1600 me
1314 1554 1454 1618 perfe-

73 1625 275 1680 rebatur,
305 1622 358 1668 ad
384 1622 508 1668 illum
536 1620 780 1685 perferatur
801 1638 811 1665 t
842 1621 919 1666 ubi
941 1624 1225 1669 necessarium
1248 1625 1456 1671 habuerit

74 1695 301 1743 consilium
322 1731 332 1750 ,
364 1710 510 1739 meum
539 1709 627 1737 non
654 1692 823 1752 negabo
848 1693 1056 1738 auxilium
1082 1712 1092 1739 :
1121 1696 1235 1740 absit
1273 1707 1319 1741 ut
1346 1697 1455 1742 sub-

74 1767 259 1813 traham.
284 1767 448 1810 Tamen
475 1762 693 1827 quidquid
718 1761 827 1808 illud
856 1774 917 1808 est
953 1764 1073 1826 quod
1098 1764 1152 1810 ad
1181 1783 1248 1811 me
1269 1767 1455 1830 perfere-

73 1838 227 1892 batur,
272 1835 325 1882 ad
360 1835 483 1881 illum
515 1834 772 1898 perferatur.
821 1834 918 1896 Ipse
946 1852 1013 1880 me
1053 1847 1128 1881 aut
1165 1838 1394 1893 consulat,
1423 1839 1455 1884 si

73 1909 182 1955 forte
208 1925 296 1953 non
319 1906 530 1952 invenerit
566 1904 673 1968 quid
708 1903 846 1950 facere
868 1904 1055 1961 debeat,
1096 1918 1170 1952 aut
1198 1920 1348 1970 poscat
1374 1909 1454 1954 ad-

68 1984 258 2041 jutorem
287 1995 416 2042 quem
438 1977 559 2023 novit
586 1988 753 2040 patrem
776 1993 786 2021 ε
825 1986 870 2022 ut
896 1987 937 2021 et
957 1978 1082 2023 vobis
1111 1979 1222 2024 nihil
1248 1979 1384 2038 desit,
1417 1992 1457 2026 ct

77 2069 152 2111 ego
166 2049 339 2096 tandem
357 2047 612 2111 aliquando,
631 2047 664 2092 si
678 2046 1137 2112 quantulumcumque
1149 2050 1336 2112 spatium
1350 2052 1459 2098 mihi

78 2123 210 2183 hujus
225 2122 324 2166 vitae
343 2119 568 2165 donaverit
589 2119 704 2164 Deus
722 2156 731 2173 ‚
756 2118 894 2182 ipsam
917 2136 1054 2165 meam
1074 2121 1457 2183 quantulamcum-

77 2211 160 2258 que
179 2193 310 2238 vitam
330 2208 418 2236 non
437 2190 535 2236 dem
554 2190 745 2250 segnitiei
768 2227 777 2243 ,
813 2207 892 2235 nec
912 2189 1068 2236 donem
1092 2191 1259 2237 inertiae
1281 2230 1291 2247 ,
1318 2193 1392 2238 sed
1417 2194 1462 2239 in

80 2263 234 2309 sanctis
271 2260 509 2324 Scripturis
531 2298 541 2317 ,
575 2270 788 2322 quantuni
814 2260 904 2323 ipse
940 2261 1154 2323 permittit
1183 2272 1224 2306 et
1247 2261 1430 2323 largitur
1450 2303 1460 2321 ,

81 2349 294 2379 exerceam
323 2349 334 2376 ς
368 2331 466 2376 hoc
507 2341 548 2375 et
584 2331 669 2393 ipsi
707 2329 930 2393 proderit,
966 2342 1006 2376 et
1041 2349 1120 2394 per
1154 2332 1297 2394 ipsum
1334 2334 1462 2380 etiam

83 2404 220 2450 vobis.
251 2404 389 2449 Nemo
410 2419 508 2462 ergo
540 2402 731 2447 invideat
757 2403 844 2447 otio
875 2419 995 2457 meo,
1026 2403 1127 2466 quia
1158 2420 1300 2449 meum
1324 2406 1460 2451 otium

86 2491 289 2535 magnum
316 2473 452 2519 habet
477 2472 713 2533 negotium.
745 2472 882 2518 Video
916 2490 982 2518 me
1004 2473 1056 2518 de
1080 2474 1163 2519 hac
1185 2491 1229 2520 re
1249 2513 1258 2530 ,
1284 2487 1467 2539 propter

85 2562 215 2612 quam
248 2561 322 2592 vos
356 2543 535 2591 invitavi
559 2581 569 2597 ,
597 2544 743 2590 onmia
768 2544 993 2590 vobiscum
1028 2544 1159 2604 egisse
1184 2562 1284 2609 quae
1308 2545 1457 2594 debui.
