1769 3235
319 243 381 300 84
725 257 759 286 s,
802 256 1046 287 auocsrlm
1082 257 1284 289 nris-com

322 322 487 377 taliter,
514 320 880 384 quemadmodum
918 339 1064 367 sumus
1088 339 1230 369 semen
1257 323 1448 370 Abrahae
1468 361 1479 379 ‚
1506 341 1593 371 non
1619 340 1687 370 se-

318 391 515 439 cundum
541 408 713 436 carnem
734 428 744 447 ,
771 392 882 436 sicut
915 391 978 436 illi
1010 393 1085 455 qui
1121 393 1175 439 de
1204 394 1297 456 ipso
1331 394 1505 439 nomine
1528 394 1689 440 carnali

318 462 521 524 superbia
542 461 810 521 gloriantur,
834 460 905 506 sed
932 462 1167 508 secundum
1196 464 1397 526 spiritum
1422 463 1546 517 fidei,
1569 463 1690 526 quod

317 531 510 587 nonjlli.
543 531 715 576 Scimus
748 531 863 576 enim
893 547 970 575 nos
1002 531 1130 577 fuisse
1152 533 1411 595 promissos,
1448 533 1625 595 quando
1651 532 1691 578 ei

317 602 424 648 dixit
444 606 583 657 Deus,
619 623 639 642 «
666 603 837 646 Patrem
859 602 1093 648 multarum
1116 605 1306 662 gentium
1328 603 1455 666 posui
1477 602 1549 648 te1
1564 639 1575 659 ‚
1598 624 1619 645 »
1635 604 1691 648 Et

315 690 448 736 quam
476 671 611 717 multa
633 671 685 716 de
712 671 797 717 hac
828 689 872 716 re
900 671 1017 717 dicat
1047 674 1307 735 Apostolus,
1335 673 1548 720 novimus.
1572 694 1592 714 «
1612 674 1689 719 Di-

317 742 494 787 »cimus
517 742 629 786 enim
647 778 657 796 ‚
688 741 854 803 inquit,
877 742 1082 804 quoniam
1108 743 1313 805 deputata
1334 754 1396 788 est
1423 743 1615 788 Abrahae
1639 742 1689 787 fi-

318 834 338 855 »
357 812 430 858 des
451 812 747 871 adjustitiam.
779 811 1013 868 Quomodo
1036 830 1134 872 ergo
1161 813 1370 876 deputata
1401 824 1488 867 est,
1518 830 1616 859 cum
1644 813 1691 859 in

316 905 337 926 »
357 883 688 930 circumcisione
722 892 852 937 esset,
894 900 948 927 an
981 899 1081 928 cum
1115 894 1220 928 esset
1243 885 1286 929 in
1308 883 1566 947 praeputio?
1592 884 1692 929 Non

318 953 403 999 »in
429 952 786 1002 circumcisione,
817 951 887 996 sed
907 951 950 996 in
982 954 1217 1015 praeputio.
1245 955 1300 998 Et
1327 954 1497 1013 signum
1524 953 1694 1017 accepit

317 1045 338 1066 »
358 1022 726 1075 circumcisionis3
759 1021 1030 1080 signaculum
1051 1022 1234 1081 justitiae
1264 1023 1395 1079 fidei,
1432 1040 1532 1087 quae
1561 1034 1623 1069 est
1647 1023 1694 1068 in
1752 1044 1769 1091 ·f

317 1115 339 1136 ))
362 1092 609 1157 praeputio,
638 1104 685 1136 ut
710 1091 763 1136 sit
787 1101 907 1153 pater
940 1092 1137 1137 omnium
1172 1093 1441 1139 credentium
1470 1111 1548 1157 per
1579 1110 1694 1157 prae-

316 1186 336 1206 »
357 1163 532 1227 putium
552 1197 562 1217 ‚
585 1172 633 1206 ut
658 1160 890 1224 deputetur
918 1171 961 1206 et
983 1161 1067 1206 illis
1087 1162 1139 1207 ad
1157 1162 1368 1222 justitiam
1387 1200 1396 1217 ‚
1420 1173 1467 1208 ut
1493 1164 1548 1209 sit
1572 1173 1696 1226 pater
1752 1165 1769 1217 {⁴

317 1256 338 1276 »
366 1232 731 1287 circumcisionis,
746 1248 832 1276 non
846 1231 897 1275 iis
916 1231 1054 1276 solum
1075 1233 1208 1294 quiex
1225 1233 1556 1278 circumcisione
1572 1244 1691 1290 sunt,
1752 1246 1755 1261 ³

319 1325 340 1347 2>
361 1302 434 1349 sed
455 1313 496 1347 et
513 1302 564 1346 iis
590 1301 667 1364 qui
691 1311 932 1363 sequuntur
956 1303 1134 1361 vestigia
1151 1303 1251 1348 fidei
1269 1339 1279 1354 ,
1311 1320 1411 1366 quae
1433 1313 1494 1349 est
1511 1303 1556 1349 in
1583 1320 1695 1366 prae-

320 1396 342 1416 ))
363 1373 488 1436 putio
515 1373 650 1435 patris
668 1371 801 1415 nostri
832 1371 1070 1417 Abraham.
1092 1392 1112 1412 »
1145 1373 1199 1417 Et
1218 1373 1351 1435 paulo
1374 1383 1500 1436 post,
1532 1374 1693 1431 «Ideo,

322 1466 342 1486 >2
364 1441 585 1506 inquit,ex
607 1440 710 1496 fide,
728 1452 776 1486 ut
791 1440 1029 1485 secundum
1053 1442 1235 1501 gratiam
1254 1443 1379 1488 firma
1397 1444 1451 1488 sit
1467 1444 1697 1506 promissio

322 1536 343 1557 ›>
367 1513 487 1561 omni
507 1511 682 1567 semini,
705 1528 793 1556 non
820 1512 857 1556 ei
882 1522 1050 1558 tantum
1080 1512 1200 1576 quod
1224 1530 1271 1559 ex
1301 1515 1415 1574 Lege
1446 1525 1536 1568 θεῖς
1563 1514 1636 1561 sed
1657 1525 1699 1561 et

322 1606 343 1627 ))
364 1585 431 1641 ei,
463 1582 583 1646 quod
607 1599 654 1627 ex
688 1581 773 1626 fide
809 1592 870 1627 est
897 1582 1118 1628 Abraham
1139 1620 1149 1639 ,
1175 1583 1250 1646 qui
1276 1594 1337 1629 est
1361 1594 1484 1647 pater
1502 1586 1697 1632 omnium

321 1677 344 1698 »
364 1665 560 1701 nostrum
581 1690 591 1709 ,
628 1652 741 1697 sicut
774 1653 984 1716 scriptum
1009 1664 1093 1709 est,
1123 1655 1238 1710 Quia
1263 1665 1434 1717 patrem
1457 1656 1698 1702 multarum

321 1747 344 1769 »
359 1725 549 1785 gentium
575 1723 700 1785 posui
722 1723 800 1768 te2.
826 1745 845 1764 υ
869 1726 973 1768 ltem
995 1724 1047 1769 ad
1071 1724 1123 1769 ad
1152 1724 1326 1770 Galatas
1341 1762 1350 1779 ‚
1382 1747 1402 1767 α
1422 1726 1544 1772 Sicut
1563 1727 1700 1773 Abra-

324 1818 345 1838 »
372 1796 500 1849 liam,
528 1793 698 1856 inquit,
739 1793 925 1839 credidit
949 1796 1061 1849 Deo,
1103 1805 1144 1840 et
1168 1794 1429 1858 deputatum
1473 1807 1534 1842 est
1557 1796 1621 1842 illi
1645 1796 1700 1842 ad

323 1889 344 1910 >2
361 1865 587 1927 justitiam.
624 1863 851 1923 intelligite
868 1882 991 1924 ergo,
1016 1865 1223 1928 quoniam
1248 1866 1322 1928 qui
1351 1883 1399 1911 ex
1423 1866 1509 1912 fide
1533 1867 1580 1912 hi
1599 1878 1702 1913 sunt

325 1936 450 1982 »filii
477 1934 716 1981 Abraham.
759 1935 999 1980 Providens
1042 1946 1182 1980 autem
1226 1935 1481 1999 Scriptura,
1524 1937 1624 2000 quia
1653 1954 1701 1983 ex

326 2030 348 2051 »
372 2005 457 2052 fide
475 2005 685 2065 justificat
706 2015 849 2063 gentes
873 2006 1002 2061 Deus,
1021 2005 1336 2068 praenuntiavit
1364 2007 1570 2061 Abrahae‚
1586 2007 1702 2064 Quia

329 2100 348 2120 »
368 2075 681 2123 benedicentur
699 2075 743 2119 in
761 2086 800 2120 te
814 2092 960 2120 omnes
976 2087 1120 2134 gentes
1139 2097 1150 2129 3
1173 2076 1233 2120 ita
1253 2086 1301 2120 ut
1322 2076 1396 2139 qui
1414 2093 1461 2122 ex
1481 2076 1566 2122 fide
1580 2087 1698 2134 sunt,

330 2146 683 2194 »benedicantur
708 2162 807 2190 cum
846 2145 964 2191 fideli
1003 2145 1271 2191 Abrahan13.
1299 2166 1320 2187 ›>
1352 2145 1451 2190 «lam
1479 2146 1702 2210 aliquanto

331 2230 432 2284 post
467 2219 512 2263 in
537 2216 685 2262 eadem
727 2216 918 2279 Epistola
939 2253 949 2271 ‚
989 2237 1009 2257 «
1034 2218 1200 2261 Fratres
1218 2252 1229 2271 ‚
1265 2215 1435 2278 inquit,
1463 2217 1702 2263 secundum

332 2289 596 2336 »hominem
623 2286 722 2332 dico
746 2297 888 2332 tamen
913 2286 1103 2331 hominis
1135 2286 1439 2331 confirmatum
1471 2297 1703 2333 testamen·
1757 2299 1759 2302 '

333 2384 354 2404 n
381 2373 469 2406 tuni
496 2375 620 2403 nemo
638 2357 807 2402 irritum
829 2356 933 2401 facit
958 2367 1030 2401 aut
1048 2355 1375 2418 superordinat:
1400 2357 1592 2404 Abrahae
1611 2358 1704 2404 dic-

333 2455 354 2475 »
381 2443 434 2477 tae
474 2439 571 2475 sunt
607 2428 907 2491 promissiones
944 2438 985 2472 et
1021 2426 1169 2471 semini
1206 2429 1312 2486 eius.
1352 2426 1449 2472 Non
1485 2426 1620 2480 dicit;
1650 2432 1704 2474 Et

333 2526 354 2547 n
377 2501 634 2552 seminibus,
670 2509 874 2563 tanquam
899 2498 942 2543 in
974 2496 1143 2553 multis;
1179 2496 1251 2542 sed
1280 2507 1483 2562 tanquam
1508 2498 1554 2545 in
1581 2515 1665 2546 uno
1687 2536 1698 2557 ‚
1757 2540 1759 2554 ἦ

385 2587 491 2617 ⁴021».
506 2594 586 2623 υιι,
615 2589 639 2618 t.
657 2599 699 2605 —·
719 2580 733 2603 '²
748 2584 844 2614 iim».
861 2592 902 2613 1⁸3
923 2594 958 2621 g·
1037 2598 1072 2605 -
1093 2577 1222 2614 Sssatat.
1243 2590 1281 2623 ιι,
1307 2581 1337 2612 6.
