1769 3235
278 286 372 352 470
700 301 737 331 s.
778 299 1024 331 mausum
1056 299 1264 338 EPISCOPl

346 368 470 414 VIII.
496 367 552 413 Et
572 365 655 413 alio
683 365 780 412 loco
799 364 910 411 illud
932 364 1051 429 quod
1077 365 1182 423 dixi,
1214 366 1350 414 Sicut
1367 371 1436 413 ait
1451 370 1652 431 Aposto-

280 439 349 487 lus
371 455 382 484 ι
405 458 425 480 κ
451 437 607 484 Omnis
645 436 753 485 ordo
777 454 798 482 a
820 436 910 482 Deo
935 435 1042 494 est‘l,
1067 458 1086 478 >2
1111 454 1197 483 non
1217 436 1375 483 eisdem
1400 437 1542 484 verbis
1568 437 1655 489 hoc

281 508 390 557 dicit
413 507 663 571 Apostolus,
693 506 892 570 quamvis
921 506 1070 552 eadem
1095 507 1293 554 videatur
1321 524 1406 553 esse
1425 508 1651 556 sententia.

282 579 355 627 Ait
388 580 554 642 quippe
581 577 652 623 ille
672 595 683 622 :
706 599 726 618 «
749 578 861 634 Quae
894 588 1037 625 autem
1071 588 1189 633 sunt,
1223 596 1286 623 »a
1316 579 1407 623 Deo
1448 578 1657 624 ordinatae

280 671 302 692 >2
321 660 435 696 sunt.
467 671 486 690 υ
518 650 571 695 Et
590 648 692 694 alibi
716 653 935 703 Prorsus,
978 648 1177 710 inquam,
1205 666 1343 694 nemo
1376 666 1461 694 nos
1477 649 1656 709 fitllat:

281 719 518 784 quidquid
548 730 671 765 reete
697 723 987 782 vituperatur
1008 723 1055 763 in
1081 719 1288 764 melioris
1311 724 1663 783 comparatione

280 795 532 854 respuitur.
561 790 658 835 Hoc
673 789 726 835 de
747 789 1016 843 substantiis,
1048 799 1176 852 atque
1195 790 1358 835 naturis
1383 790 1549 836 dietum
1568 801 1630 836 est
1648 808 1659 835 :

280 860 382 908 inde
412 861 526 906 enim
565 860 893 922 disputabatur,
916 875 1003 904 non
1039 858 1092 905 de
1116 860 1243 907 bonis
1263 860 1511 906 actionibus
1533 871 1661 924 atque

283 931 488 995 peccatis.
517 931 715 992 Itemque
734 929 839 974 alibi
866 947 876 973 :
900 928 1098 983 Smlnec
1120 932 1186 976 sic
1225 931 1430 994 quidem,
1462 931 1661 994 inquam,

286 1001 347 1047 ab
367 1001 560 1049 homine
580 1001 725 1045 homo
745 998 1012 1063 diligendus
1030 1011 1115 1054 est,
1145 1012 1194 1045 ιιῑ
1223 1002 1428 1063 diligunt
1450 1002 1666 1048 carnales

271 1074 470 1130 fratres,
501 1071 573 1115 vel
589 1068 692 1126 filii,
720 1070 794 1114 vel
805 1072 1046 1132 conjuges,
1069 1071 1138 1116 vel
1163 1072 1340 1134 quique
1356 1076 1562 1135 cognati,
1585 1083 1669 1117 ant

290 1143 482 1199 cy‘sines,
503 1152 589 1186 αιιῐ
602 1145 738 1186 cives.
770 1144 896 1186 Nam
912 1152 959 1186 et
972 1145 1063 1186 ista
1083 1142 1270 1187 dilectio
1289 1142 1563 1206 temporalis
1580 1153 1661 1190 est.

290 1217 405 1262 Non
430 1215 557 1258 enim
584 1213 707 1258 ullas
721 1213 841 1258 cales
856 1214 1226 1259 necessitudines
1251 1214 1551 1269 haberemus,
1566 1230 1669 1276 quae

292 1282 532 1333 nascendo
574 1294 622 1328 et
656 1282 897 1328 moriendo
921 1285 1218 1345 contingunt,
1248 1287 1481 1330 sinatctra
1512 1293 1671 1329 nostra

294 1359 343 1400 in
373 1359 626 1418 prfeceptis
659 1366 707 1399 et
729 1358 934 1417 imagine
959 1359 1048 1400 Dei
1078 1373 1290 1412 manens,
1315 1357 1364 1400 in
1401 1360 1540 1401 istam
1564 1371 1671 1401 cor-

298 1429 564 1489 ruptionem
588 1443 684 1471 non
706 1427 1004 1488 relegaretur.
1034 1426 1165 1472 Hunc
1188 1443 1358 1472 sensum
1383 1443 1557 1490 prorsus
1584 1426 1672 1471 im-

299 1495 462 1558 probo,
491 1499 726 1558 quemjam
752 1506 793 1541 et
810 1496 1008 1558 superius
1029 1495 1280 1559 improbavi
1319 1496 1364 1541 in
1390 1497 1532 1559 primo
1558 1495 1673 1543 libro

300 1567 353 1612 de
374 1567 529 1611 Genesi
549 1577 700 1612 contra
721 1567 1006 1613 Manicliaeos.
1030 1567 1097 1612 Ad
1117 1567 1203 1613 hoc
1224 1567 1336 1614 enim
1352 1567 1493 1623 ducit,
1520 1577 1569 1613 ut
1585 1584 1674 1613 cre-

297 1637 458 1684 dantur
474 1637 538 1682 illi
563 1640 767 1697 conjuges
789 1637 922 1701 primi
941 1654 1029 1682 non
1053 1638 1296 1697 generaturi
1316 1649 1511 1701 posteros
1534 1636 1675 1684 homi-

299 1724 389 1763 nes,
414 1707 495 1752 nisi
524 1718 776 1770 peccassent
797 1726 807 1752 :
832 1718 1041 1771 tanquam
1068 1725 1236 1754 necesse
1255 1708 1387 1754 fuerit
1405 1718 1453 1755 ut
1473 1707 1676 1759 morituri

299 1778 600 1838 gignerentur,
644 1778 677 1823 si
713 1777 766 1823 de
806 1778 1049 1824 concubitu
1079 1779 1209 1825 maris
1239 1789 1281 1824 et
1305 1778 1676 1839 soeininaegigne-

296 1859 460 1895 rentur.
511 1848 720 1897 Nondum
758 1849 870 1897 enim
908 1849 1102 1896 videram
1135 1850 1228 1896 fieri
1265 1849 1481 1913 potuisse,
1520 1860 1678 1896 utnon

298 1920 502 1969 morituri
530 1919 583 1965 de
607 1937 695 1965 non
723 1920 944 1966 morituris
981 1931 1286 1973 nascerentur,
1329 1921 1363 1966 si
1389 1931 1568 1983 peccato
1603 1919 1679 1965 illo

299 2008 456 2050 magno
475 2008 562 2036 non
585 2001 827 2039 mutaretur
845 1992 889 2037 in
910 1991 1097 2038 deterius
1112 1992 1474 2038 humananatura
1496 2008 1507 2035 ε
1535 2008 1585 2040 ac
1601 2007 1681 2054 per

300 2061 387 2107 hoc
407 2062 441 2107 si
459 2072 500 2107 et
523 2062 568 2108 in
592 2062 848 2125 parentibus
866 2073 907 2108 et
925 2063 970 2109 in
996 2063 1096 2111 filiis
1127 2062 1392 2109 foecunditas
1414 2061 1681 2126 felicitasque

294 2132 533 2185 mansisset,
562 2149 697 2195 usque
717 2132 771 2179 ad
792 2144 961 2179 certum
995 2144 1247 2179 sanctorum
1278 2149 1528 2187 numerum,
1550 2149 1680 2196 quem

296 2202 628 2265 praedestinavit
649 2204 763 2249 Deus
777 2240 787 2259 ‚
811 2214 1090 2249 nascerentur
1110 2203 1325 2257 homines,
1369 2220 1456 2248 non
1475 2202 1675 2265 parenti—

295 2274 381 2319 bus
414 2275 655 2320 successuri
680 2275 990 2331 morientibus,
1021 2274 1095 2320 sed
1120 2291 1223 2320 curn
1252 2274 1501 2320 viventibus
1521 2290 1678 2334 regna-

296 2344 396 2391 turi.
426 2345 577 2392 Essent
600 2361 700 2404 ergo
724 2346 854 2392 etiam
879 2346 972 2391 istae
992 2345 1271 2406 cognationes
1293 2355 1421 2407 atque
1439 2343 1682 2400 affinitates,

298 2415 332 2461 si
353 2414 499 2460 nullus
523 2415 811 2479 delinqueret,
838 2416 1070 2479 nullusque
1088 2426 1342 2462 moreretur.

364 2486 440 2532 IX.
467 2487 577 2531 Item
600 2486 682 2532 alio
710 2486 824 2542 loco,
852 2487 937 2532 Ad
969 2505 1114 2532 nizam
1146 2492 1304 2533 Deum
1329 2485 1590 2539 tendentes,
1615 2484 1681 2533 in-

272 2574 434 2621 quam,
465 2568 509 2602 ec
530 2562 576 2602 ei
601 2561 689 2603 nni
710 2560 966 2621 religantes
1001 2561 1187 2604 animas
1213 2569 1423 2614 nostras,
1461 2556 1586 2604 unde
1611 2574 1681 2607 re-

339 2640 348 2662 ¹
371 2643 465 2672 Rom.
485 2651 560 2679 xiii,
586 2652 614 2673 1.
