1769 3235
548 290 762 322 EPISTOLA
798 292 944 324 CXCIX.
1348 298 1437 345 119

62 360 223 424 quibus
247 357 452 407 omnibus
483 367 585 403 sunt
609 355 811 419 quaedam
839 356 1082 414 manifesta,
1110 361 1310 423 quaedam
1335 379 1436 409 vero

60 431 121 478 sic
142 430 345 485 obscura,
375 439 421 474 ut
447 427 516 474 vel
538 427 806 473 laboriosum
831 427 884 473 sit
920 445 967 474 ea
992 428 1249 489 dijudicare,
1278 434 1344 481 vel
1371 445 1438 481 te-

61 501 311 557 merarium,
352 497 552 564 quandiu
594 515 684 543 non
723 497 1046 558 intelliguntur,
1073 500 1128 546 de
1172 502 1242 549 his
1271 504 1437 568 aliquid

59 571 254 619 definire.

120 642 303 688 XXVII.
334 641 444 698 Quis
459 639 574 689 enim
595 656 683 685 non
701 638 847 686 videat
870 638 925 685 ad
948 639 1067 687 illam
1092 642 1312 692 civitatem
1336 663 1435 709 per-

60 714 209 768 tinere,
235 711 357 776 quod
378 711 548 756 dictum
573 720 635 755 est
660 727 670 754 :
695 709 843 754 «Cum
871 720 1013 756 autem
1037 711 1230 759 videritis
1251 715 1439 763 circum-

55 805 82 826 »
107 782 203 830 dari
222 783 278 828 ab
301 782 490 828 exercitu
511 780 766 836 Jerusalem,
800 791 906 826 tunc
947 781 1100 828 scitote
1135 785 1239 846 quia
1270 803 1438 850 appro-

57 875 78 896 »
101 853 333 916 pinquavit
353 851 563 898 desolatio
593 855 684 911 ejus
703 850 750 897 1?
769 872 790 893 ν
814 855 925 897 Item
947 852 1046 916 quis
1081 871 1170 900 non
1200 856 1347 903 videat
1385 858 1438 904 ad

57 924 290 974 adventum
328 923 512 969 Domini
549 922 835 968 novissimum
872 923 1089 985 pertinere
1124 925 1244 988 quod
1273 926 1441 975 dictum

55 1005 116 1042 est
135 1013 147 1040 z
168 1016 187 1036 «
206 995 319 1041 Cum
341 994 537 1040 videritis
560 993 660 1039 haec
680 994 790 1049 fieri,
818 993 971 1039 scitote
991 996 1198 1058 quoniam
1217 1015 1357 1061 prope
1374 1010 1437 1045 est

55 1086 77 1108 »
94 1082 275 1125 regnum
302 1065 382 1110 Dei
404 1068 422 1110 ,ὓ
449 1085 470 1105 »
502 1063 622 1109 Illud
659 1074 802 1110 autem
845 1063 965 1127 quod
1001 1064 1172 1113 dictum
1199 1078 1261 1112 est
1286 1085 1296 1112 :
1322 1089 1342 1110 «
1361 1069 1437 1115 Vae

53 1157 76 1180 2>
96 1135 427 1200 praegnantibus
445 1145 487 1179 et
505 1135 802 1181 nutrientibus
830 1135 875 1179 in
896 1135 980 1180 illis
1005 1136 1174 1185 diebus
1208 1139 1343 1185 Orate
1363 1147 1438 1186 'au-

53 1227 75 1249 n
95 1217 176 1252 tem
191 1216 239 1252 ut
255 1222 342 1252 non
353 1205 430 1250 fiat
448 1204 551 1265 fuga
563 1215 702 1251 vestra
723 1205 880 1267 hyeme
897 1205 965 1250 vel
985 1207 1184 1254 sabbato.
1212 1209 1306 1255 Erit
1320 1210 1436 1257 enim

53 1297 75 1320 >2
90 1288 195 1323 tunc
216 1276 441 1322 tribulatio
461 1292 635 1336 magna,
662 1274 803 1339 qualis
818 1292 906 1320 non
926 1274 1012 1320 fuit
1032 1277 1088 1322 ab
1107 1277 1234 1327 initio
1257 1280 1429 1336 mundi,

52 1368 74 1390 2>
95 1364 233 1410 neque
247 1348 334 1405 fiet,
350 1368 371 1389 ›>
386 1347 446 1393 sie
467 1356 529 1392 est
546 1346 739 1409 positum
757 1345 998 1393 secundum
1019 1347 1300 1404 Matthaeum‚
1318 1361 1358 1396 et
1371 1367 1436 1397 se-

51 1418 246 1467 cundum
259 1420 475 1474 Marcum,
501 1427 550 1464 ut
566 1417 782 1463 incertum
807 1417 861 1462 sit
882 1427 1029 1463 utrum
1053 1417 1108 1463 de
1127 1419 1294 1466 excidio
1316 1421 1432 1468 illius

50 1490 251 1547 eivitatiS,
277 1508 332 1535 an
347 1490 400 1536 de
422 1488 571 1536 saeculi
598 1489 684 1534 fine
704 1488 887 1548 intelligi
907 1488 1077 1536 debeat.
1119 1490 1192 1535 Sic
1218 1491 1331 1537 enim
1347 1492 1434 1541 hoc

48 1561 191 1624 ipsum
213 1560 372 1621 legitur
399 1559 517 1624 apud
542 1563 745 1605 Marcum
767 1577 778 1604 :
800 1580 821 1600 α
841 1559 919 1606 Vae
938 1570 1080 1605 autem
1098 1563 1432 1624 praegnantibus

49 1651 71 1679 >2
87 1641 128 1678 et
154 1631 451 1677 nutrientibus
484 1631 530 1676 in
571 1630 656 1676 illis
695 1630 862 1676 diebuS.
907 1631 1041 1676 Orate
1064 1642 1112 1677 ut
1134 1632 1294 1694 hyeme
1339 1651 1428 1680 non

48 1723 70 1746 ι)
92 1704 213 1750 fiant.
260 1704 401 1749 Erunt
435 1702 549 1752 enim
574 1701 664 1748 dies
692 1701 756 1747 illi
791 1701 1087 1749 tribulationis
1133 1703 1254 1760 tales,
1282 1705 1432 1768 quales

49 1793 70 1816 >³
104 1790 191 1820 non
227 1772 408 1821 fuerunt
437 1774 492 1821 ab
516 1772 641 1818 initio
673 1783 903 1828 creaturae,
929 1790 1060 1836 quam
1085 1773 1286 1821 condidit
1309 1779 1430 1824 Deus

47 1864 70 1887 n
95 1860 229 1908 usque
257 1861 393 1900 nunc,
421 1860 561 1908 neque
589 1843 709 1891 fient.
741 1844 796 1888 Et
835 1844 918 1889 nisi
957 1844 1191 1892 breviasset
1216 1846 1431 1894 Dominus

47 1931 69 1961 >1
89 1914 178 1961 dies
199 1915 314 1972 illos,
334 1932 424 1960 non
448 1914 599 1960 fuisset
642 1914 759 1960 salva
799 1914 938 1960 omnis
966 1931 1068 1960 earo
1096 1933 1106 1960 ε
1135 1915 1210 1961 sed
1247 1921 1432 1981 Propter

45 2005 69 2029 >³
86 1985 261 2042 electos,‚
281 2003 392 2050 quos
413 1986 558 2046 elegit,
581 1985 795 2031 breviavit
826 1985 916 2031 dies
935 1985 969 2032 2.
1003 2006 1022 2028 ι)
1042 1986 1143 2032 Non
1166 1986 1432 2036 dissimiliter

0 2087 1 2091 =
45 2067 86 2103 et
108 2056 348 2104 Matthaeus
365 2057 397 2104 3.
426 2057 523 2102 Hoc
544 2066 687 2102 autem
709 2059 852 2102 Lucas
870 2056 930 2102 ita
957 2056 1124 2120 posuit,
1148 2067 1196 2102 ut
1221 2069 1430 2121 appareat

46 2127 99 2175 ad
115 2127 230 2175 illius
249 2128 438 2176 civitatis
454 2127 671 2174 excidium
691 2128 909 2190 pertinere
931 2146 942 2173 ε
968 2145 1068 2174 nam
1095 2128 1158 2174 sic
1182 2129 1301 2191 apud
1328 2147 1427 2176 eum

43 2197 229 2259 legitur:
256 2221 276 2240 «
297 2199 376 2245 Vae
396 2209 539 2248 autem
555 2199 890 2262 praegnantibus
908 2209 950 2245 et
967 2199 1263 2246 nutrientibus
1276 2200 1322 2246 in
1340 2200 1425 2247 illis

45 2289 67 2311 >1
83 2269 250 2317 diebus.
279 2271 375 2317 Erit
391 2271 505 2317 enim
527 2287 728 2334 pressura
749 2287 906 2330 magna
927 2287 1058 2334 super
1087 2280 1263 2326 terram,
1290 2281 1331 2316 et
1361 2271 1425 2318 ira

45 2359 66 2385 >2
86 2341 256 2404 populo
274 2340 402 2397 huic,
425 2352 467 2387 et
486 2340 643 2387 caelent
664 2340 711 2390 in
729 2357 804 2387 ore
826 2340 976 2401 gladii,
1001 2352 1042 2387 et
1064 2340 1229 2405 captivi
1252 2340 1422 2388 ducens*

45 2430 68 2456 τι.
89 2421 160 2457 tur
175 2412 221 2456 in
235 2428 382 2457 omnes
397 2422 558 2471 gentes,
578 2422 620 2457 et
636 2411 873 2458 Jerusalem
894 2411 1139 2458 calcabitur
1156 2429 1180 2458 a
1205 2412 1426 2472 gentibus,

42 2480 217 2528 »donec
233 2482 500 2545 impleantur
516 2493 714 2546 tempora
737 2482 965 2531 nationum
990 2481 1023 2529 Δ.
1050 2504 1072 2523 >>

90 2578 102 2601 ¹
119 2582 194 2613 Luc.
213 2591 281 2623 xxi,
301 2591 357 2615 20.
385 2598 432 2608 -—-
451 2578 467 2602 2
487 2580 591 2614 Marc.
617 2592 694 2619 xm,
728 2593 781 2621 17.
811 2599 854 2605 —
882 2578 896 2603 3
926 2579 1047 2615 Matth.
1067 2592 1158 2621 xxxv,
1181 2593 1234 2623 ¹9·
1255 2601 1299 2608 —
1318 2581 1333 2606 ⁴
1349 2586 1432 2616 Luc.

43 2644 99 2667 xxx
112 2658 122 2676 ,
144 2637 199 2669 23.
