1769 3235
331 306 421 338 212
737 304 771 337 S.
818 307 1062 341 AUGUSTINI
1096 310 1298 341 EPISCOPI

325 381 507 434 propter
541 370 713 443 ignaros
747 371 914 450 aliquid
955 377 1114 422 certius
1154 376 1437 439 resciipsisset
1463 378 1578 440 (19).
1615 379 1704 425 Nec

326 442 416 487 1100
441 434 675 505 patientius
695 443 890 506 accipere
916 445 1177 503 voluerunt,
1206 446 1276 492 sed
1301 446 1579 509 arripuerunt
1604 465 1705 511 pro-

325 511 554 559 fectionem
579 514 705 560 nobis
729 513 870 560 taliter
893 532 980 561 non
1005 528 1234 580 optatam:
1258 517 1390 562 1111110
1411 517 1538 564 Floro
1560 517 1705 564 furore

326 583 502 629 illorum
529 585 852 648 propemodum
880 589 1174 644 conturbato,
1206 589 1250 633 in
1276 605 1406 651 quem
1441 589 1700 645 saeviebant,

327 653 430 716 quia
449 654 541 717 ipse
564 654 672 711 illis,
696 666 744 701 ut
762 657 1010 719 putabant,
1044 659 1223 704 vulnera
1249 658 1351 703 libri
1376 658 1454 720 huj
1465 675 1512 704 us
1537 659 1703 705 attulis-

323 735 419 768 set:
439 723 482 769 111
508 741 595 787 quo
616 742 703 770 non
721 737 922 789 poterant
949 727 1209 774 medicinam
1237 728 1401 774 infirmi
1427 745 1697 789 cognoscere.

323 794 450 839 Unde
490 806 531 840 01
567 807 766 842 sanctum
806 798 1110 861 presbyterum
1153 799 1367 844 Sabinum
1403 798 1458 844 ad
1495 803 1703 859 majorem

322 866 625 912 auctoritatem
651 870 921 927 rogavimus,
961 881 1001 915 et
1023 870 1158 932 ipsius
1183 870 1387 915 sanctitas
1408 869 1571 915 librum
1601 887 1704 916 cum

316 934 495 998 liquidis
520 937 952 1000 interpretationibus
977 940 1110 999 legit3
1145 957 1224 985 nec
1255 940 1315 984 sic
1338 940 1481 985 anima
1506 940 1700 987 sauciata

318 1018 468 1052 curata
494 1018 567 1054 051.
596 1008 769 1064 Quibus
797 1021 983 1073 propter
1008 1011 1149 1073 ipsam
1169 1010 1376 1073 pietatem
1400 1021 1601 1074 sumptus
1628 1010 1702 1056 de—

320 1076 490 1132 dimus,
524 1095 578 1123 ne
612 1079 793 1125 vulnera
829 1081 1026 1143 ipsorum
1061 1081 1384 1126 cumularemus
1402 1118 1414 1137 ,
1437 1098 1537 1144 quae
1561 1091 1703 1144 posset

320 1164 469 1192 sanare
486 1146 590 1193 libri
611 1149 741 1209 hujus
761 1151 896 1209 gratia
911 1189 921 1207 ,
947 1151 992 1197 in
1015 1169 1099 1214 qua
1119 1150 1301 1210 refulget
1327 1161 1400 1196 tua
1420 1162 1567 1196 sancta
1589 1168 1704 1214 prae-
1766 1158 1769 1196 ξ

317 1220 466 1267 sentia.
496 1220 668 1277 Quibus
696 1222 929 1284 protectis,
954 1224 1077 1286 quies
1103 1234 1144 1267 et
1171 1240 1253 1285 pax
1273 1239 1352 1285 per
1380 1239 1527 1267 omnes
1550 1222 1703 1268 fratres
1766 1221 1768 1268 ξ

317 1291 581 1339 exultavitin
604 1294 807 1340 Domino.
841 1294 1048 1357 Quinque
1073 1294 1186 1339 enim
1204 1330 1213 1351 ‚
1232 1293 1299 1339 vel
1317 1292 1505 1356 amplius
1517 1293 1703 1339 fratrum
1764 1297 1767 1324 ²

324 1363 595 1410 animositate
616 1364 695 1410 ista
709 1376 769 1409 est
792 1365 942 1411 innata
965 1365 1202 1410 contentio.
1229 1386 1249 1406 »

388 1436 462 1482 lV.
502 1434 632 1480 «Sed
669 1435 774 1500 quia
812 1435 1033 1481 interdum
1057 1473 1066 1491 ,
1095 1435 1270 1481 domine
1307 1436 1458 1498 Papa,
1502 1433 1704 1498 provenit

323 1506 534 1568 gaudium
564 1524 612 1552 ex
632 1506 833 1563 tristitia,
861 1525 950 1553 non
973 1507 1080 1553 adeo
1107 1507 1440 1552 moestificamur
1457 1543 1468 1562 ,
1496 1506 1599 1569 quia
1624 1521 1706 1568 per

318 1579 491 1639 ignaros
507 1589 550 1623 et
572 1577 764 1623 curiosos
788 1579 1051 1624 suavissimis
1075 1577 1395 1623 monitionibus
1423 1587 1511 1623 tuae
1539 1576 1704 1622 sancti-

320 1649 421 1695 tatis
439 1649 677 1695 illuminari
702 1650 954 1696 meruimus.
988 1651 1101 1695 Nam
1126 1661 1166 1695 et
1193 1648 1414 1694 dubitatio
1435 1647 1553 1693 beati
1580 1646 1704 1692 Tho-

324 1736 409 1764 mae
441 1718 625 1781 apostoli
659 1718 872 1765 foramina
896 1719 1120 1766 clavorum
1158 1719 1394 1782 quaerentis
1427 1717 1704 1763 confirmatio

324 1789 411 1834 fuit
446 1787 651 1834 Ecclesiae
686 1789 986 1836 universalis-1.
1026 1792 1288 1852 Accepimus
1324 1788 1487 1848 igitur,
1529 1786 1706 1832 domine

326 1877 461 1923 papa,
488 1858 853 1904 medicamentum
878 1861 948 1923 pie
966 1861 1215 1906 curantium
1248 1871 1420 1904 tuarum
1445 1875 1546 1903 cum
1568 1857 1705 1917 gratia

323 1931 567 1976 litterarum
585 1967 595 1985 ,
623 1941 661 1974 01
679 1930 962 1975 contudimus
986 1942 1165 1994 pectora
1192 1940 1335 1975 nostra
1353 1966 1363 1985 ,
1408 1939 1456 1973 ut
1478 1927 1624 1973 saltem
1644 1927 1704 1972 sic

325 2012 499 2047 sanetur
523 2001 785 2047 conscientia
813 2012 982 2058 nostra,
1011 2019 1142 2065 quam
1170 2018 1247 2064 per
1265 2000 1451 2045 liberum
1475 1998 1704 2044 arbitrium

324 2083 519 2117 nostrum
540 2109 550 2128 ,
586 2070 706 2135 quod
739 2071 874 2116 donat
909 2071 1235 2126 misericordia,
1269 2080 1393 2115 curat
1431 2080 1471 2114 et
1511 2068 1706 2114 vivificat

327 2143 460 2202 gratia
485 2160 495 2186 :
528 2141 600 2187 sed
630 2141 675 2186 in
706 2141 792 2187 hoc
820 2153 1044 2205 tempore,
1073 2142 1252 2206 quando
1279 2140 1432 2186 adhud
1463 2139 1705 2184 11115011οο1-
1754 2154 1769 2179 τι

325 2213 444 2258 diam
464 2229 564 2258 011111
589 2211 796 2258 dilatione
819 2224 1059 2260 cantamus.
1091 2213 1202 2258 Nam
1228 2229 1329 2257 cum
1355 2210 1704 2273 coeperimusju-

323 2283 490 2329 dicium
519 2293 696 2328 cantare
728 2283 945 2339 Domino,
981 2283 1248 2346 reportaturi
1275 2298 1423 2326 sumus
1459 2277 1704 2325 mercedem

322 2371 404 2418 pro
441 2370 569 2416 opere
604 2365 777 2411 nostro,
814 2355 915 2417 quia
954 2354 1194 2399 misericors
1219 2364 1260 2398 01
1284 2354 1422 2413 justus
1453 2350 1699 2405 Dominus,

322 2425 547 2469 miserator
570 2435 612 2469 et
631 2425 814 2471 rectus2.
840 2425 955 2481 Ouia
977 2424 1089 2470 sicut
1114 2424 1242 2470 docet
1266 2440 1344 2469 nos
1364 2421 1567 2468 sanctitas
1596 2431 1698 2476 tua,

321 2496 622 2559 repraesentari
644 2513 722 2542 nos
748 2507 921 2560 oportet
953 2507 1050 2542 ante
1074 2494 1271 2541 tribunal
1297 2493 1491 2550 Christi,
1519 2502 1569 2538 ut
1588 2492 1702 2538 reci-

320 2568 415 2631 piat
440 2568 736 2631 unusquisque
752 2579 948 2614 nostrum
968 2569 1152 2632 propria
1169 2565 1381 2629 corporis,
1405 2573 1540 2627 prout
1555 2563 1699 2624 gessit,

373 2653 496 2684 ¹Joan.
515 2661 569 2691 xx,
587 2653 642 2685 25.
662 2650 834 2685 —2Psal.
853 2664 921 2695 (;‚›.1
939 2659 972 2689 4
