1769 3235
322 256 411 313 [13¹⁴
744 271 778 300 s.
823 270 1069 301 Acorsrim
1106 272 1310 302 EPISCOPI

321 354 420 400 quae
444 337 509 382 ibi
545 335 598 381 de
634 352 869 399 corporum
908 337 1172 382 terrestrium
1209 338 1253 383 in
1291 354 1474 400 corpora
1509 336 1699 383 coelestia

323 407 560 453 mutatione
588 406 782 459 disserui,
815 408 1024 470 quoniam
1049 408 1155 453 dixit
1186 408 1420 471 Apostolus
1438 445 1447 463 ‚
1473 425 1572 454 cum
1599 407 1700 453 inde

324 478 600 541 loqueretur3
624 499 642 517 α
666 477 779 522 Caro
802 480 842 522 et
867 479 1039 538 sanguis
1070 496 1249 538 regnum
1284 479 1361 524 Dei
1391 496 1478 524 non
1503 477 1700 541 posside-

324 569 342 589 >2
362 547 519 594 bunt1.
541 568 561 588 >³
587 547 670 592 Sed
700 548 895 610 quisquis
924 565 970 593 ea
1008 549 1068 594 sic
1099 549 1290 611 accipit,
1329 560 1375 593 ut
1407 549 1616 593 existimet
1640 548 1700 592 ita

322 635 482 680 corpus
519 628 734 662 terrenum
759 655 768 672 ,
820 618 947 682 quale
994 635 1114 664 nunc
1158 619 1371 663 habemus
1400 655 1411 673 ,
1460 619 1501 663 in
1543 634 1700 680 corpus

318 689 490 735 coeleste
534 689 841 734 resurrectione
884 690 1075 741 mutari,
1117 699 1164 733 ut
1208 706 1286 734 nec
1341 689 1539 734 membra
1585 688 1662 733 ista
1686 724 1697 742 ,

320 777 400 806 nec
424 759 566 805 carnis
599 760 652 804 sit
686 758 832 805 futura
871 760 1141 813 substantia,
1185 759 1342 822 procul
1381 759 1519 804 dubio
1560 759 1701 804 corri-

321 830 485 890 gendus
521 840 607 885 est,
644 829 936 875 commonitus
963 829 1016 874 de
1041 846 1222 892 corpore
1262 829 1464 884 Domini,
1505 829 1578 891 qui
1604 839 1703 892 post

319 901 673 946 resurrectionem
701 900 744 944 in
783 899 941 944 eisdem
984 900 1186 944 membris
1228 917 1315 945 non
1349 899 1489 944 solum
1523 899 1702 962 conspi-

322 971 500 1016 ciendus
547 970 684 1015 oculis
707 1007 715 1019 .
761 971 1044 1016 verumetiam
1087 971 1289 1016 manibus
1328 970 1583 1016 tractandus
1628 987 1703 1033 ap-

324 1041 501 1103 paruit,
539 1057 802 1104 carnemque
835 1059 876 1086 se
900 1041 1064 1086 habere
1097 1041 1224 1086 etiam
1256 1058 1449 1086 sermone
1477 1042 1699 1095 firmavit,

320 1110 468 1156 dicens
496 1128 506 1155 ς
532 1131 550 1150 «
574 1111 752 1173 l'alpate
772 1122 812 1156 et
839 1111 980 1156 videte
998 1149 1008 1165 ‚
1037 1111 1139 1173 quia
1164 1112 1340 1174 spiritus
1359 1128 1531 1157 carnem
1557 1122 1701 1157 etossa

324 1204 342 1222 ›>
367 1198 453 1226 non
487 1181 624 1225 habet
646 1218 656 1233 ‚
682 1181 794 1227 sicut
820 1199 886 1227 me
910 1182 1064 1227 videtis
1101 1182 1307 1228 haberc2.
1336 1204 1354 1223 »
1381 1182 1504 1227 Unde
1535 1192 1704 1227 constat

319 1251 576 1315 Apostolum
604 1269 692 1297 non
717 1253 861 1298 carnis
884 1253 1173 1297 substantiam
1203 1270 1373 1312 negasse
1399 1252 1441 1297 in
1467 1269 1598 1312 regno
1623 1251 1704 1297 Dei
1768 1259 1769 1271 ³

317 1321 530 1378 futuram,
549 1322 621 1368 sed
648 1333 721 1368 aut
746 1323 945 1368 homines
970 1323 1045 1386 qui
1070 1323 1308 1368 secundum
1334 1340 1507 1368 carnem
1530 1323 1701 1376 vivunt,

319 1393 459 1439 carnis
484 1404 525 1439 et
549 1394 769 1454 sanguinis
791 1395 965 1439 nomine
991 1411 1281 1457 nuncupasse,
1306 1404 1381 1439 aut
1402 1394 1539 1457 ipsam
1562 1394 1705 1438 carnis

317 1465 646 1527 corruptionem
669 1501 679 1521 ,
710 1482 809 1527 quae
845 1476 951 1510 tunc
989 1467 1139 1527 utique
1167 1464 1285 1509 nulla
1319 1465 1413 1509 erit.
1460 1465 1569 1509 Nam
1602 1481 1703 1509 eum

317 1533 512 1589 dixisset,
555 1539 711 1580 «Caro
749 1547 790 1580 et
830 1535 1004 1594 sanguis
1040 1552 1221 1595 regnum
1264 1535 1340 1580 Dei
1385 1552 1474 1579 non
1510 1533 1705 1597 posside-

317 1627 338 1646 »
363 1605 478 1650 bunt
502 1623 511 1650 :
535 1627 554 1646 »
591 1607 700 1651 bene
733 1606 990 1665 intelligitur
1012 1643 1022 1661 ‚
1065 1617 1273 1669 tanquam
1316 1605 1572 1668 exponendo
1596 1603 1705 1667 quid

320 1672 501 1729 dixerit,
529 1675 741 1721 continuo
766 1675 1011 1721 subdidisse
1033 1713 1043 1730 ‚
1071 1697 1090 1716 c<
1113 1676 1263 1739 Neque
1298 1675 1524 1737 corruptio
1556 1674 1707 1720 incor-

320 1746 609 1809 »ruptionem
636 1746 876 1809 possidebit
895 1746 927 1792 3.
954 1768 974 1787 »
1000 1747 1063 1792 De
1094 1763 1180 1809 qua
1208 1763 1250 1790 re
1278 1745 1332 1791 ad
1353 1745 1706 1809 persuadendum

318 1816 569 1862 infidelibus
598 1816 797 1873 difficili,
837 1816 1070 1876 diligenter
1101 1827 1315 1880 quantum
1352 1816 1478 1879 potui
1518 1833 1586 1861 me
1614 1815 1707 1862 dis-

319 1887 496 1932 seruisse
520 1888 734 1950 reperiet,
765 1888 962 1951 quisquis
1003 1889 1062 1933 cle
1100 1889 1295 1933 (Ja'vz'tate
1318 1889 1415 1932 Dei
1447 1886 1610 1931 librum
1641 1885 1707 1931 le-

323 1957 740 2016 geritnovissimum.
762 1959 846 2004 Hic
869 1958 981 2004 liber
1003 1958 1063 2004 sic
1083 1958 1242 2021 incipit
1261 1975 1272 2003 ι
1305 1959 1549 2018 Quoniam
1562 1961 1706 2021 serip-

328 2040 425 2074 tum
452 2041 537 2075 est.

372 2129 385 2153 ¹
410 2142 418 2159 ι
439 2131 514 2163 Cor.
535 2141 587 2167 xv,
610 2131 650 2160 51.)
682 2148 721 2154 ——
741 2129 755 2151 ²
776 2134 850 2162 Luc.
866 2141 958 2173 xxiv,
975 2133 1088 2172 39.——
1105 2128 1118 2151 3
1142 2142 1150 2160 1
1173 2132 1248 2163 Cor.
1268 2140 1320 2168 xv,
1343 2129 1397 2162 50.
