1769 3235
294 246 378 291 150
716 262 751 291 s.
800 261 1039 292 Arctsrmr
1075 262 1277 293 EPlsCOPI

289 326 675 374 Macchabaeorum
700 325 845 381 libris,
874 327 996 389 quasi
1031 326 1085 373 ad
1109 329 1412 374 auctoritatem
1441 329 1660 389 scelerisss,

287 413 375 460 quo
393 413 435 455 se
458 396 574 458 ipsos
594 395 813 460 perdunt,
842 398 1118 458 perscrutatis
1138 400 1342 444 omnibus
1364 400 1666 448 ecclesiasticis

290 462 644 521 auctoritatibus,
662 467 729 513 vix
754 467 987 531 aliquando
1006 486 1046 514 se
1063 469 1274 515 invenisse
1299 470 1557 528 gloriantur,
1578 472 1664 518 ad-

288 537 377 582 huc
400 538 458 583 eis
483 554 706 600 nunquam
726 538 992 600 respondisse
1009 556 1077 584 me
1100 539 1255 587 recolo.
1288 540 1373 586 Sed
1390 577 1401 596 ,
1426 541 1546 605 quod
1574 552 1662 590 tuae

289 608 490 653 charitati
508 619 550 653 et
575 608 866 671 prudentibus
888 609 1136 672 quibusque
1160 609 1345 655 sufficiat
1377 610 1431 656 ad
1465 611 1568 658 istos
1585 629 1658 658 re-

288 678 559 738 darguendos
578 716 588 734 ,
618 679 653 724 si
677 679 729 725 ad
755 680 887 725 vitam
910 680 1257 726 Christianorum
1284 681 1338 726 de
1362 681 1518 728 Judaea
1541 693 1664 743 gente

289 760 417 811 atque
443 749 526 794 illis
549 749 700 795 litteris
725 750 864 813 parati
891 761 990 795 sunt
1017 751 1210 795 omnium
1228 750 1443 796 factorum
1464 753 1663 815 exempla

288 819 540 876 transferre,
580 832 684 866 tunc
713 832 755 867 et
778 821 864 867 hoc
898 821 1169 866 transferant.
1195 821 1244 867 Si
1269 832 1411 868 autem
1435 822 1525 868 illic
1559 834 1660 870 sunt

287 890 476 953 plurima
493 908 641 937 eorum
659 909 833 956 quoquc
853 891 1082 937 hominum
1099 929 1109 947 ‚
1132 893 1208 956 qui
1230 891 1469 938 litterarum
1486 893 1664 944 illarum

288 961 467 1024 veritate
492 961 657 1008 laudati
686 974 811 1018 sunt,
839 963 905 1008 vel
938 963 1148 1022 huicjam
1177 963 1363 1025 tempori
1389 980 1476 1009 non
1499 980 1664 1011 conve-

287 1032 448 1083 nientia
465 1068 476 1087 ‚
494 1032 557 1077 vel
576 1033 702 1077 etiam
724 1032 799 1077 illo
823 1043 1016 1096 tempore
1037 1049 1125 1077 non
1143 1043 1256 1078 recte
1273 1032 1385 1078 sacta
1402 1070 1412 1083 ,
1436 1033 1518 1078 tale
1533 1034 1663 1080 etiam

284 1103 371 1148 hoc
389 1112 473 1157 θεὶς
493 1102 608 1165 quod
626 1103 671 1147 in
695 1121 736 1147 se
754 1103 898 1166 ipsum
926 1103 1083 1157 Razius
1101 1103 1177 1148 iste
1192 1104 1410 1149 commisit
1434 1121 1444 1148 ε
1467 1104 1663 1167 quicum

287 1184 393 1219 esset
425 1173 542 1236 apud
571 1191 668 1219 suos
691 1174 848 1220 nobilis
867 1212 877 1230 ,
901 1186 943 1220 et
965 1174 1152 1219 multum
1178 1175 1222 1220 in
1252 1174 1477 1220 Juda‘i'smo
1514 1174 1662 1237 profe-

287 1248 436 1299 cisset‚
471 1245 598 1307 (quae
633 1243 715 1289 sibi
749 1244 793 1289 in
835 1244 1159 1307 comparatione
1189 1245 1369 1304 justitiae
1410 1244 1663 1291 christianae

282 1314 442 1359 damna
467 1325 508 1359 et
535 1325 722 1359 stercora
753 1313 882 1359 fuisse
914 1314 1022 1359 dicit
1059 1314 1318 1377 Apostolus2
1337 1315 1380 1375 ‚)
1409 1324 1450 1359 et
1479 1324 1662 1377 propter

283 1384 370 1430 hoc
407 1383 521 1429 idem
559 1385 715 1430 Razius
745 1384 1002 1430 Judaeorum
1037 1394 1162 1447 pater
1200 1379 1526 1447 appellaretur;
1553 1384 1661 1449 quid

283 1455 439 1506 mirum
461 1466 522 1500 est
541 1492 552 1507 ,
575 1454 607 1499 si
629 1465 832 1516 tanquam
854 1454 1024 1499 homini
1040 1454 1168 1499 elatio
1193 1453 1382 1517 superba
1410 1455 1656 1517 subrepsit,

282 1536 329 1581 ut
348 1525 496 1571 mallet
516 1542 644 1576 manu
671 1526 851 1588 propria
874 1525 1057 1587 perimi,
1078 1542 1208 1591 quam
1233 1536 1332 1588 post
1355 1524 1474 1571 illam
1497 1524 1539 1573 in
1562 1535 1660 1576 suoa

281 1613 379 1643 rum
403 1596 652 1659 aspectibus
675 1595 973 1645 celsitudinem
1004 1595 1213 1641 sustinere
1233 1591 1458 1656 indignam
1482 1595 1528 1642 in
1551 1594 1659 1643 hos-

286 1665 394 1710 tium
422 1665 623 1710 manibus
644 1665 920 1711 servitutem?

305 1731 309 1735 ⁹
349 1737 447 1782 VII.
481 1735 629 1781 Solent.
660 1738 703 1781 in
741 1736 890 1782 litteris
925 1736 1150 1797 gentilium
1188 1737 1265 1782 ista
1294 1735 1478 1784 laudari.
1515 1737 1567 1784 In
1589 1736 1660 1787 his

285 1801 429 1853 autem
464 1807 825 1853 Machabaeorum
862 1807 986 1852 libris
1021 1808 1220 1871 quamvis
1259 1807 1392 1853 homo
1418 1801 1509 1870 ipse
1529 1807 1659 1854 fuerit

281 1876 505 1932 laudatus,
536 1877 699 1927 factum
727 1888 869 1922 tamen
893 1881 983 1936 ejus
1007 1889 1227 1923 narratum
1263 1889 1354 1933 est,
1390 1894 1478 1923 non
1499 1878 1658 1927 lauda-

283 1958 393 1992 tum.
416 1957 456 1991 et
474 1945 766 2006 jtldicandum
792 1947 936 2010 potius
957 1964 1086 2010 quam
1121 1947 1383 1997 imitandum
1416 1947 1539 2010 quasi
1560 1958 1658 2004 ante

280 2017 428 2062 oculos
451 2018 756 2071 constitutum,
777 2034 863 2067 non
885 2035 983 2062 sane
1002 2029 1147 2063 nostro
1162 2015 1652 2079 judicioJ'udi'candum,

281 2087 401 2149 quod
428 2103 505 2131 nos
528 2103 703 2150 quoque
730 2097 776 2131 ut
799 2087 997 2131 homines
1019 2087 1181 2132 habere
1205 2103 1426 2149 possemus
1445 2123 1455 2142 ,
1486 2081 1559 2133 sed
1576 2091 1655 2150 Ju-

277 2157 394 2203 dicio
414 2156 626 2202 doctrinae
650 2157 807 2203 sobriae
823 2194 832 2208 ‚
863 2175 962 2222 quae
992 2158 1034 2202 in
1062 2157 1166 2220 ipsis
1194 2173 1368 2220 quoque
1391 2155 1516 2202 libris
1533 2153 1654 2208 vete-

279 2229 402 2281 ribus
421 2223 536 2275 clara
568 2240 642 2274 est.
673 2230 818 2288 Longe
849 2230 1016 2293 quippe
1046 2229 1128 2275 fuit
1160 2230 1237 2274 iste
1274 2228 1432 2274 Razius
1465 2246 1487 2274 a
1511 2228 1654 2285 verbis

278 2298 389 2352 illis,
414 2299 492 2344 ubi
517 2299 673 2358 legitur
693 2337 702 2349 ,
732 2321 750 2339 «
783 2299 927 2350 Omne
960 2299 1078 2363 quod
1114 2299 1196 2345 tibi
1229 2298 1491 2362 applicitum
1522 2292 1654 2365 fuerit

277 2391 296 2409 ι)
318 2369 492 2432 accipe,
521 2381 562 2414 et
584 2369 627 2414 in
665 2369 814 2415 dolore
850 2371 1011 2415 sustine
1030 2407 1039 2423 ‚
1067 2382 1110 2416 et
1140 2370 1185 2414 in
1203 2368 1452 2414 humilitate
1480 2381 1551 2415 tua
1569 2387 1653 2433 pa-

273 2461 292 2481 »
319 2439 513 2496 tient'iam
531 2437 647 2490 habe
666 2439 696 2486 3⁶
722 2463 740 2481 »
762 2440 859 2485 Non
881 2457 980 2500 ergo
999 2439 1084 2485 fuit
1102 2439 1182 2485 iste
1197 2439 1262 2484 vir
1276 2438 1485 2499 eligendae
1503 2440 1653 2497 mortis

266 2511 454 2574 sapien5‚
476 2510 548 2556 sed
567 2510 754 2556 ferendae
775 2510 1037 2557 humilitatis
1054 2511 1302 2574 impatiens.

320 2591 365 2626 *2
386 2592 491 2625 Marh.
510 2601 573 2625 xu‘.
595 2597 646 2631 37.
663 2613 707 2618 —
722 2593 736 2615 '²
755 2593 872 2638 Philip.
891 2603 939 2631 ¹¹¹,
962 2597 992 2628 8.
1017 2614 1053 2618 —
1071 2592 1085 2617 3
1100 2595 1195 2626 Eccli.
1217 2602 1253 2635 ¹¹,
1276 2600 1308 2630 4.

1740 201 1743 208 -
1737 0 1746 191 -ὴν-»ή-ὀη
