1769 3235
0 0 17 184 ’ἔ

10 280 14 343 ξ
514 300 727 336 ErrsrotA
765 304 931 337 ccxvn.
1331 307 1422 356 217

0 362 13 433 l
49 371 174 420 vobis
196 380 398 436 operatur
418 380 459 416 et
486 370 594 416 velle
619 380 660 416 et
685 370 956 433 perficerem
977 391 999 412 n
1018 371 1276 436 Respondes
1302 394 1322 415 α
1342 374 1426 419 Per

36 447 204 506 Legem
239 459 357 488 suam
375 479 384 497 ,
421 459 500 505 per
537 441 786 504 Scripturas
827 458 924 486 suas
942 479 953 497 ‚
995 443 1133 488 Deum
1175 445 1346 508 operari
1377 455 1426 490 ut

44 515 222 563 velimus
244 552 255 570 ,
289 531 395 577 quas
419 513 485 559 vel
509 513 690 573 legimus
711 512 779 557 vel
800 511 998 557 audimus
1021 531 1031 557 :
1067 513 1138 559 sed
1160 515 1217 560 eis
1237 532 1424 560 consen-

0 593 11 636 ῐ
45 586 122 632 tire
140 585 206 631 vel
227 602 314 630 non
338 584 578 630 consentire
596 585 654 629 ita
675 594 873 628 nostrum
894 593 972 638 est,
1001 594 1049 629 ut
1069 584 1101 629 si
1121 584 1302 630 velimus
1327 586 1421 639 fiat;

5 654 10 752 ἰ
46 657 80 703 si
103 666 243 702 autem
271 655 475 711 nolimus,
499 653 611 699 nihil
637 654 683 699 in
708 653 835 698 nobis
860 654 1157 716 operationem
1178 655 1257 700 Dei
1282 655 1423 700 valere

44 726 267 774 faciamus.
301 725 522 788 Operatur
539 726 706 789 quippe
728 723 799 769 ille
815 762 826 779 ‚
850 724 957 770 dicis
980 762 991 781 ,
1025 736 1239 789 quantum
1260 726 1304 770 in
1327 726 1423 789 ipso

4 754 10 854 l
43 807 104 844 est
129 807 178 843 ut
198 797 381 842 velimus
398 834 408 852 ‚
433 814 531 842 cum
564 796 691 841 nohis
717 806 821 841 nota
850 795 962 841 fiunt
986 800 1077 856 ejus
1107 796 1278 859 eloquia
1309 814 1320 840 ε
1350 795 1424 841 sed

3 862 8 929 l
42 869 77 915 si
97 867 155 914 eis
179 868 449 931 acquiescere
468 867 670 913 nolumus
691 903 703 922 ‚
729 882 806 911 nos
840 875 886 911 ut
907 867 1100 930 operatio
1129 869 1221 926 ejus
1246 864 1358 910 nihil
1379 865 1424 910 in

3 932 7 991 ἱ
42 937 169 984 nobis
197 937 335 1001 prosit
363 937 620 983 efficimus?
642 958 662 978 »
696 937 809 993 Quae
831 936 865 981 si
889 936 997 982 dicis
1013 975 1023 993 ‚
1046 936 1245 1001 profecto
1269 934 1427 981 nostris

2 993 7 1069 l
42 1008 311 1054 orationibus
335 1008 611 1054 contradicis.

2 1074 7 1147 l
106 1080 166 1126 II.
197 1080 280 1124 Dic
306 1097 406 1139 ergo
433 1079 700 1143 apertissime
725 1096 803 1125 nos
824 1096 904 1142 pro
931 1079 979 1124 iis
998 1117 1009 1136 ‚
1034 1081 1199 1143 quibus
1223 1082 1426 1139 Effinge<

2 1150 6 1222 l
41 1150 149 1197 lium
172 1150 467 1214 praedicamus
490 1189 500 1206 ‚
528 1169 617 1197 non
643 1151 801 1197 debere
824 1168 945 1196 orare
965 1162 1013 1196 ut
1036 1152 1220 1198 credant
1238 1190 1248 1208 ,
1279 1152 1353 1197 sed
1369 1151 1428 1196 eis

1 1230 4 1276 ξ
43 1221 346 1268 tantummodo
370 1222 627 1285 praedicare.
654 1225 808 1268 Exsere
844 1233 996 1268 contra
1026 1223 1240 1269 orationes
1267 1222 1426 1268 Eccle-

0 1277 5 1360 l
42 1291 116 1338 siae
138 1291 454 1355 disputationes
479 1303 572 1339 tuas
591 1331 601 1349 ,
624 1303 665 1339 et
687 1293 867 1356 quando
894 1292 1018 1338 audis
1052 1293 1320 1339 sacerdotem
1343 1291 1427 1337 Dei

43 1362 97 1409 ad
116 1362 249 1408 altare
265 1363 565 1410 exhortantem
584 1364 806 1428 populum
822 1364 919 1420 Dei,
943 1381 1066 1410 orare
1083 1380 1165 1427 pro
1189 1361 1426 1409 incredulis

0 1368 4 1392 l

0 1393 5 1514 l
43 1445 92 1480 ut
108 1451 179 1479 eos
201 1435 315 1480 Deus
338 1446 562 1481 convertat
587 1435 640 1481 ad
673 1435 805 1480 fidem
820 1472 831 1491 ‚
859 1445 900 1480 et
919 1452 1001 1499 pro
1024 1433 1351 1480 catechumenis
1378 1442 1428 1477 ut

0 1571 2 1644 i

0 1645 3 1671 ι

42 1504 100 1551 eis
123 1504 384 1551 desiderium
406 1506 739 1567 regenerationis
758 1506 966 1569 inspiret,
991 1516 1032 1552 et
1048 1522 1130 1569 pro
1153 1504 1356 1550 fidelibus
1377 1513 1426 1548 ut

40 1575 86 1621 in
108 1592 156 1621 eo
176 1575 295 1639 quod
313 1593 400 1622 esse
420 1588 652 1641 coeperunt
669 1614 679 1632 ‚
700 1581 790 1637 eJ'us
814 1594 991 1623 munere
1005 1585 1296 1641 perseverent,
1316 1573 1425 1619 sub-

41 1663 174 1692 sanna
205 1647 299 1710 pias
327 1665 454 1694 voces
472 1686 482 1704 ,
512 1659 555 1693 et
581 1648 652 1694 dic
683 1659 722 1694 te
747 1665 835 1694 non
862 1647 1002 1695 facere
1031 1647 1151 1713 quod
1184 1647 1391 1692 hortatur
1409 1682 1420 1699 ‚

42 1716 87 1762 id
110 1727 197 1773 est,
224 1719 366 1764 Deum
385 1737 467 1782 pro
485 1719 738 1765 infidelibus
759 1757 770 1776 ,
798 1729 846 1765 ut
881 1737 952 1765 eos
979 1719 1125 1765 fideles
1149 1717 1280 1764 faciat
1300 1755 1310 1771 ‚
1335 1733 1424 1762 non

42 1805 190 1848 rogare
207 1826 217 1843 ‚
249 1806 298 1835 eo
329 1790 451 1853 quod
475 1808 562 1836 non
594 1791 679 1836 sint
704 1791 783 1836 ista
809 1789 1272 1836 divinaemiserationis
1292 1788 1428 1833 bene-

44 1858 169 1914 ficia,
196 1859 269 1905 sed
300 1860 508 1907 humanae
531 1861 672 1907 officia
708 1862 957 1908 voluntatis.
992 1863 1047 1906 Et
1080 1861 1214 1906 homo
1246 1860 1291 1905 iu
1312 1858 1426 1903 Car-

44 1928 505 1989 thaginensieruditus
534 1932 740 1987 ecclesia,
776 1933 905 1978 etiam
941 1932 1177 1977 beatissimi
1215 1927 1430 1992 Cypriani

42 1998 206 2045 librum
232 2005 307 2046 De
332 2002 573 2049 dommim
604 2006 835 2050 Oratione
861 2003 1104 2050 condemna
1124 2039 1135 2058 ,
1168 2018 1300 2065 quam
1318 1999 1430 2045 doc-

0 2078 2 2112 i
35 2081 113 2116 ¹tor
136 2071 208 2117 ille
227 2089 328 2118 cum
351 2085 612 2137 exponeret,
648 2092 695 2120 ea
725 2074 914 2138 petenda
944 2091 1029 2119 esse
1053 2072 1237 2119 ostendit
1275 2089 1299 2116 a
1336 2070 1428 2115 Deo

44 2152 169 2204 patre
186 2179 196 2198 ‚
225 2159 325 2206 quae
351 2155 398 2190 tu
426 2145 534 2191 dicis
554 2162 641 2191 esse
669 2145 839 2191 homini
870 2145 925 2191 ab
954 2144 1161 2200 homine,
1183 2143 1272 2188 hoc
1291 2151 1370 2198 cst,
1403 2158 1426 2186 a

46 2227 88 2256 se
105 2229 216 2275 ipso.

113 2283 197 2330 lI-I.
230 2284 362 2341 Quod
382 2286 416 2331 si
435 2285 488 2331 de
511 2287 718 2350 precibus
743 2286 936 2332 ecclesiae
967 2297 1008 2331 et
1039 2286 1093 2332 de
1124 2295 1314 2347 martyre
1337 2284 1432 2345 Cy-

46 2354 205 2417 priano
226 2374 382 2419 parum
413 2369 542 2421 putas
567 2376 651 2404 esse
669 2358 789 2422 quod
809 2359 922 2413 dixi,
952 2358 1064 2404 aude
1088 2361 1269 2417 majora,
1287 2370 1433 2418 repre-

48 2424 192 2472 hende
215 2428 476 2491 Apostolum
495 2467 505 2485 ‚
533 2431 611 2495 qui
647 2431 780 2487 dixit,
824 2452 844 2473 c<
869 2431 1058 2476 Oramus
1093 2428 1149 2474 ad
1180 2430 1321 2474 Deum
1341 2461 1354 2484 ‚
1379 2441 1432 2469 ne

47 2515 72 2543 >2
90 2496 198 2560 quid
212 2496 380 2545 faciatis
397 2500 502 2546 mali
519 2501 555 2549 ².
569 2523 589 2543 »
610 2503 762 2566 Neque
782 2502 897 2548 enim
918 2500 1115 2546 dicturus
1134 2516 1175 2545 es
1197 2496 1310 2544 nihil
1331 2494 1436 2542 mali

50 2581 148 2611 eum
163 2566 303 2615 facere
320 2607 332 2626 ‚
358 2571 436 2634 qui
459 2588 548 2618 non
580 2572 720 2619 credit
736 2574 782 2620 in
801 2572 1028 2620 Christum
1045 2608 1057 2629 ‚
1091 2580 1167 2617 aut
1199 2568 1277 2633 qui
1298 2566 1431 2614 fidem

99 2647 111 2670 ¹
125 2648 243 2694 Philip.
263 2661 299 2691 11,
321 2654 374 2686 13.
389 2671 432 2678 —
451 2652 467 2675 2
487 2666 504 2686 2
522 2656 598 2690 Cor.
617 2664 687 2695 xm,
710 2668 741 2696 7.
