1769 3235
328 310 420 362 270
748 314 782 344 S.
824 311 1067 343 AUGUSTINI
1104 313 1307 344 EPISCOPI

331 396 374 425 se
392 394 515 441 posse
532 376 691 432 sanari,
706 376 893 439 etipsius
905 376 1004 423 fidei
1021 389 1298 437 augmentum
1310 415 1320 434 ‚
1343 389 1383 424 et·
1403 379 1534 425 totius
1546 380 1702 427 sanita-

325 448 379 494 tis
403 463 492 493 suae
507 457 829 510 consequantur
848 447 1060 493 effectum.
1090 452 1305 493 Caeterum
1325 448 1377 494 ad
1403 449 1570 495 nullum
1593 467 1704 514 opus

326 519 394 566 vel
416 517 716 581 incipiendum
735 555 746 574 ‚
785 517 944 563 nedum
972 519 1311 580 perficiendum,
1339 536 1601 583 quemquam
1619 522 1705 568 sibi

327 588 520 634 sufficere
540 604 662 650 posse
674 587 951 632 consentiunt
974 606 984 632 :
1005 605 1149 650 neque
1168 588 1281 633 enim
1299 588 1562 652 alicuioperi
1582 607 1704 637 cura⁴

327 659 457 705 tionis
474 674 624 703 eorum
651 657 1027 703 annumerandum
1044 668 1204 720 putant
1221 659 1417 703 exterrita
1443 669 1485 704 et
1514 660 1707 723 supplici

323 731 562 784 voluntate,
589 745 944 792 unumquemque
971 739 1183 787 aegrotum
1230 729 1337 774 velle
1377 730 1533 777 sanari.
1573 730 1707 787 Quod

324 801 438 846 enim
459 799 638 852 dicitur,
666 820 686 839 α
704 798 839 844 Crede
870 809 912 844 et
935 798 1077 844 salvus
1098 799 1178 844 eris
1195 819 1206 853 ;
1225 820 1244 840 >³
1264 816 1402 845 unum
1421 799 1581 846 horum
1601 801 1708 862 exigi

328 881 535 926 asserunt,
583 869 702 914 aliud
744 870 913 923 offerri3
953 880 1000 915 ut
1023 879 1204 932 propter
1236 869 1283 915 id
1305 870 1424 933 quod
1449 871 1652 931 exigitur,
1674 872 1708 918 si

327 941 544 987 redditum
570 940 728 995 fuerit,
770 939 814 984 id
847 939 966 1002 quod
1010 941 1189 986 offertur
1229 940 1434 1004 deinceps
1472 942 1702 990 tribuatur.

327 1012 452 1058 Unde
488 1027 754 1073 consequens
783 1021 959 1073 putant,
993 1011 1282 1058 exhibendam
1308 1011 1364 1056 ab
1382 1028 1431 1057 eo
1457 1012 1607 1070 fidem,
1631 1030 1709 1060 cu-

318 1086 391 1142 jus
421 1092 588 1128 naturae
630 1079 675 1125 id
712 1080 936 1126 voluntate
973 1081 1223 1128 Conditoris
1265 1097 1516 1129 concessum
1542 1093 1629 1140 est3
1665 1094 1708 1130 et

322 1152 487 1200 nullam
505 1151 564 1197 ita
584 1150 865 1214 depravatam
887 1151 951 1198 vel
979 1151 1231 1198 exstinctam
1251 1162 1428 1216 putant,
1451 1163 1500 1198 ut
1517 1170 1605 1199 non
1627 1152 1709 1199 de-

318 1223 420 1268 beat
452 1222 517 1268 vel
536 1223 671 1285 possit
699 1238 741 1267 se
778 1222 886 1269 velle
919 1222 1085 1276 sanari3
1112 1233 1294 1286 propter
1308 1222 1429 1286 quod
1447 1222 1516 1270 vel
1530 1234 1710 1270 sanetur

319 1293 417 1357 quis
435 1311 457 1338 a
475 1309 551 1338 sua
585 1291 651 1341 vel
672 1292 706 1337 si
742 1292 931 1338 noluerit
966 1309 1065 1338 cum
1096 1309 1173 1338 sua
1193 1292 1452 1353 aegritudine
1469 1293 1697 1357 puniatur.

322 1365 412 1409 Nee
429 1363 574 1423 negari
599 1362 804 1422 gratiam,
831 1362 865 1408 si
895 1361 1144 1426 praecedere
1170 1362 1346 1408 dicatur
1365 1362 1462 1408 talis
1481 1363 1699 1421 voluntas,

320 1451 420 1497 quae
459 1444 624 1479 tantum
666 1433 884 1478 medicum
930 1443 1116 1496 quaerat,
1156 1449 1245 1478 non
1282 1442 1425 1478 autern
1459 1432 1705 1498 quidquam

319 1505 514 1567 ipsajam
535 1503 690 1550 valeat.
726 1504 838 1549 Nam
864 1502 938 1548 illa
956 1502 1199 1549 testimonia
1219 1513 1268 1549 ut
1301 1513 1364 1550 est
1385 1503 1513 1559 illud,
1540 1525 1560 1545 «
1581 1504 1706 1552 Sicut

319 1596 340 1616 »
365 1574 601 1637 unicuique
625 1574 814 1637 partitus
831 1583 893 1620 est
907 1590 1152 1619 mensuram
1172 1573 1330 1628 fidei13
1351 1585 1426 1620 »et
1451 1573 1625 1631 similia,
1648 1574 1704 1621 ad

319 1644 365 1690 id
383 1645 536 1691 volunt
562 1644 719 1699 valere,
766 1655 816 1690 ut
842 1643 1073 1703 adjuvetur
1106 1645 1183 1707 qui
1197 1644 1525 1708 coeperit'velle,
1545 1662 1634 1691 non
1656 1655 1704 1692 ut

312 1716 442 1762 etiam
463 1714 649 1760 donetur
667 1725 716 1759 ut
739 1714 858 1763 velit.
893 1715 1062 1773 rejectis
1084 1716 1139 1761 ab
1169 1715 1256 1760 hoc
1281 1714 1400 1761 dono
1420 1715 1513 1760 aliis
1533 1715 1704 1779 pariter

316 1786 414 1841 reis,
439 1796 479 1831 et
504 1785 581 1849 qui
607 1795 779 1848 possent
818 1784 1014 1830 similiter
1042 1784 1237 1842 liberari,
1260 1785 1292 1830 si
1319 1803 1384 1841 ea,
1411 1802 1512 1849 quae
1538 1786 1703 1849 pariter

315 1857 505 1917 indignis
517 1866 749 1920 praestatur
763 1855 967 1901 credendi
989 1858 1205 1912 Voluntas,
1229 1856 1357 1901 etiam
1382 1856 1485 1918 ipsis
1505 1855 1702 1906 similiter

318 1938 615 1991 praestaretur.
647 1927 874 1983 Siautem‚
899 1928 1038 1979 aiunt,
1061 1927 1234 1972 dicatur
1251 1927 1317 1972 vel
1339 1927 1467 1972 talem
1495 1926 1702 1974 omnibus

312 1997 579 2054 remansisse,
606 2013 693 2059 qua
717 1996 784 2041 vel
802 2007 1076 2043 contemnere
1094 1997 1191 2060 quis
1209 1997 1366 2053 valeat,
1396 1997 1463 2043 vel
1489 1996 1697 2053 obedire3

313 2068 366 2114 de
386 2067 648 2131 compendio
664 2078 822 2131 putant
849 2068 1057 2113 rationem
1074 2068 1198 2113 reddi
1217 2069 1454 2114 electorum
1475 2067 1541 2113 vel
1564 2071 1698 2127 rejec-

311 2149 474 2192 torum,
503 2137 547 2183 in
572 2154 621 2182 co
639 2136 760 2200 quod
786 2137 1024 2201 unicuique
1044 2138 1244 2184 meritum
1269 2138 1463 2202 propriae
1487 2137 1696 2185 volunta-

312 2209 365 2254 tis
386 2208 652 2268 adjungitur.

377 2280 460 2326 111.
492 2300 510 2319 c<
530 2283 642 2324 Cum
667 2289 809 2324 autem
835 2278 999 2324 dicitur
1039 2280 1099 2324 eis
1118 2317 1127 2333 ‚
1168 2297 1300 2342 quare
1320 2280 1413 2326 aliis
1439 2278 1507 2326 vel
1530 2278 1696 2324 alicubi

309 2349 591 2414 praedicetur,
630 2348 697 2394 vel
732 2365 820 2394 non
856 2349 1140 2412 praedicetur,
1179 2349 1245 2395 re}
1268 2367 1385 2396 nunc
1428 2348 1695 2414 praedicetur

305 2420 427 2485 quod
448 2417 683 2484 aliquando
698 2436 808 2482 pene
825 2420 1045 2475 omnibus,
1070 2421 1181 2465 sieut
1196 2437 1314 2466 nunc
1343 2420 1564 2484 aliquibus
1586 2436 1692 2479 gen—

302 2492 422 2538 tibus
440 2508 530 2536 non
549 2489 842 2554 praedicatum
880 2490 935 2536 sit
968 2509 978 2535 ι
1008 2491 1163 2537 dicunt
1201 2491 1246 2536 id
1283 2491 1571 2555 praescientiae
1603 2507 1690 2537 esse

302 2558 483 2618 divinae,
516 2571 566 2607 ut
585 2577 635 2607 eo
660 2571 877 2626 tempore,
895 2572 937 2608 et
957 2562 1038 2620 ibi,
1062 2572 1103 2608 et
1124 2561 1209 2608 illis
1245 2563 1402 2610 veritas
1432 2561 1686 2609 anuntiare-

335 2645 346 2669 ¹
367 2649 468 2681 Rom.
487 2655 534 2677 x11
550 2667 559 2684 ‚
579 2646 610 2677 3.
