1769 3235
500 284 712 315 Eris'mLA
747 285 928 316 cxcvni.
1351 275 1411 337 95

37 459 1078 476 mun-2m§umsswfflwsssstmzusuwnsummxm
1086 463 1324 477 smzssmm
1338 466 1395 477 m

437 585 700 629 EPISTOLA
735 586 947 631 CXCVIII
966 587 997 629 ¹.

30 709 202 754 Domino
226 709 447 748 beatissimo
475 718 514 748 et
542 709 734 747 charitate
760 709 1018 747 sincerissima
1040 712 1264 750 venerando
1284 714 1399 753 fratri

101 780 141 810 et
162 773 387 823 coepiscopo
410 772 631 809 Auousrmo
651 770 865 809 HEsrcmus
884 770 923 808 in
942 770 1114 809 Domino
1135 772 1315 812 salutem.

30 899 269 958 Hesychius
304 901 550 956 Augustino
568 933 578 948 ,
613 899 875 957 significans
907 901 1195 944 consideratis
1232 902 1403 946 divinis

88 967 350 1008 testimoniis
366 969 417 1008 de
443 968 589 1009 soeculi
612 967 873 1023 finevideri
893 967 1002 1016 sibi,
1029 969 1145 1010 diem
1168 971 1346 1024 quidem
1367 982 1406 1013 et

86 1033 240 1076 horam
260 1036 428 1091 frustra
452 1035 655 1089 inquiri;
680 1045 876 1076 attamen
893 1037 1091 1093 cognosci
1103 1052 1222 1092 posse
1242 1053 1296 1079 ex
1316 1039 1403 1095 sig-

87 1102 156 1143 nis
174 1117 283 1143 num
295 1104 399 1158 jam
420 1103 546 1144 instet
568 1113 735 1159 tempus
752 1102 968 1144 adventus
991 1103 1186 1152 Christi,
1211 1120 1337 1160 quem
1357 1115 1406 1147 ut

85 1169 169 1210 cito
184 1178 424 1211 venturum
438 1171 511 1226 pio
526 1170 751 1227 expectari
770 1170 902 1212 docet.

90 1311 127 1357 Ι.
155 1332 174 1353 «
196 1315 505 1358 DEsmERANT1
530 1321 571 1357 et
589 1310 832 1375 expectanti
853 1310 963 1356 mihi
984 1323 1158 1357 sanctus
1178 1329 1397 1377 compres-

23 1381 153 1446 byter
170 1392 313 1427 noster
338 1382 559 1428 Cornutus
583 1382 744 1427 litteras
768 1382 949 1445 pertulit
969 1398 1076 1444 quas
1100 1384 1277 1440 misisti,
1300 1402 1400 1448 quae

24 1469 92 1499 me
122 1450 429 1508 laetificarunt,
463 1453 566 1517 quia
599 1454 850 1498 memoriam
874 1453 1007 1497 nostri
1042 1452 1203 1497 bonam
1237 1454 1400 1500 habere

24 1520 226 1583 dignatus
245 1540 310 1578 es,
331 1523 409 1586 qui
426 1533 467 1568 et
481 1523 591 1570 mihi
614 1524 765 1587 paucis
781 1561 791 1578 ‚
819 1540 1013 1568 sermone
1037 1523 1218 1585 proprio
1235 1535 1397 1570 sanctae

23 1593 176 1640 mentis
194 1603 280 1639 tuae
297 1631 307 1649 ‚
335 1594 388 1639 de
411 1594 478 1640 his
496 1611 597 1658 quae
615 1595 823 1658 petieram
848 1594 894 1639 in
918 1594 1101 1638 transitu
1125 1593 1390 1653 significasti.

24 1664 254 1728 Aliquanta
277 1675 416 1710 autem
440 1664 493 1711 de
511 1665 734 1728 opusculis
758 1664 895 1710 sancti
920 1665 1264 1727 compresbyteri
1288 1666 1394 1711 Hie-

21 1736 192 1798 ronymi
229 1733 485 1794 adjunxisti,
511 1746 559 1781 ut
591 1753 731 1781 meam
767 1735 1054 1798 quaestionem
1088 1734 1272 1781 lectione
1305 1740 1395 1795 eJ'us

21 1806 161 1869 operis
184 1804 237 1850 de
260 1806 418 1851 sanctis
441 1806 680 1869 Scripturis
699 1806 866 1869 explere
888 1822 1070 1868 possem.
1103 1806 1155 1849 Et
1175 1806 1276 1868 quia
1302 1806 1395 1866 dig-

20 1885 143 1920 natus
165 1891 208 1920 es
230 1874 274 1920 id
298 1885 443 1938 petere
467 1894 487 1921 a
520 1877 647 1922 nobis
665 1913 675 1932 ‚
713 1886 760 1921 ut
785 1875 893 1939 quid
927 1875 1184 1920 senserimus
1213 1875 1267 1920 de
1290 1876 1395 1939 ipsis

20 1945 354 2009 quaestionibus,
385 1964 462 2009 per
485 1947 648 1992 litteras
668 1958 755 1992 tuae
776 1946 1076 1991 sincerissimae
1097 1945 1301 1991 charitati
1322 1947 1394 1992 in-

19 2015 311 2074 sinuaremus3
345 2015 398 2062 ad
427 2033 475 2062 ca
502 2017 555 2063 de
582 2018 746 2080 quibus
777 2016 937 2079 scripta
971 2015 1076 2075 legi,
1104 2026 1236 2079 prout
1259 2016 1392 2063 intel-

17 2085 152 2132 lectus
171 2086 346 2146 exiguus
369 2104 476 2133 meae
498 2087 813 2134 mediocritatis
839 2087 995 2133 sentire
1022 2087 1193 2150 potuit,
1220 2098 1293 2132 aut
1322 2088 1394 2134 in-

18 2156 206 2218 telligere
220 2195 231 2215 ‚
256 2157 368 2204 infra
387 2159 553 2222 scripsi.
576 2182 595 2201 »

84 2228 143 2275 ΙΙ.
176 2250 196 2270 «
216 2228 329 2274 Cum
352 2229 432 2274 Dei
448 2229 758 2293 omnipotentis
775 2228 1015 2275 conditoris
1034 2228 1167 2274 totius
1187 2240 1396 2276 creaturae

20 2297 199 2345 arbitrio
223 2309 265 2344 et
286 2309 498 2363 potestate
515 2311 673 2346 cuncta
692 2311 914 2360 gerantur,
936 2299 1004 2346 vel
1019 2316 1118 2363 quae
1133 2299 1245 2345 facta
1269 2311 1394 2358 sunt,

0 2368 82 2416 ‘vel
104 2387 203 2434 quae
221 2371 349 2416 etiam
366 2369 515 2418 futura
540 2383 642 2418 sunt
662 2409 672 2422 ,
692 2382 945 2417 sanctorum
969 2370 1293 2434 Prophetarum
1317 2389 1393 2418 vo-

0 2450 1 2478 i
19 2439 140 2488 cibus
161 2453 500 2503 cognoscuntur,
518 2444 594 2507 qui
608 2443 867 2508 priusquam
890 2443 1044 2489 fierent
1059 2459 1106 2489 ea
1132 2459 1230 2506 quae
1248 2443 1396 2490 futura

63 2540 72 2562 ¹
101 2541 187 2574 AIias
214 2553 322 2575 nxxix.
343 2554 414 2587 quae
441 2549 550 2576 autem
582 2546 643 2585 193
675 2549 765 2586 erat,
789 2554 873 2576 nunc
907 2545 980 2580 148.
1003 2559 1046 2566 —
1067 2541 1190 2586 Scripta
1211 2544 1305 2587 paulo
1324 2549 1395 2588 post

31 2605 45 2628 s
61 2597 239 2640 uperiorem
