1769 3235
345 285 438 340 40⁹
765 295 799 325 s.
844 292 1090 324 mensum
1124 291 1328 323 EPISCOPI
1742 292 1745 323 ι

347 363 615 427 loqueretur,
646 360 705 406 ait
728 377 740 405 t
769 379 790 401 «
816 360 916 406 Non
942 368 993 405 ut
1016 357 1108 404 aliis
1133 357 1309 403 refectio
1332 356 1404 412 sit,
1427 354 1552 401 vobis
1577 365 1718 400 autem
1742 350 1747 420 ξ

348 455 371 477 »
385 431 615 493 angustia1,
632 431 830 477 »Pariter
842 447 942 491 ergo
956 430 1182 476 consilium
1197 428 1249 474 de
1263 428 1467 473 omnibus
1481 426 1716 481 haberetis,
1742 423 1747 485 ξ

348 504 511 568 puriter
523 501 856 548 moderaremini
875 500 982 564 quid
999 498 1377 546 thesaurizandum
1395 507 1499 542 esset
1522 496 1567 541 in
1585 495 1716 551 coelo,

348 574 457 639 quid
479 573 532 620 ad
554 574 655 619 vitae
672 573 807 632 hujus
823 572 1120 618 sufficientiam
1141 571 1265 616 vobis
1278 581 1319 615 et
1333 568 1481 615 vestris
1493 577 1720 629 vestroque
1744 566 1745 572 ’

346 645 437 691 filio
466 643 799 707 relinquendum
819 681 830 699 ‚
863 660 917 688 ne
954 642 1046 688 aliis
1074 651 1179 686 esset
1201 640 1376 685 refectio
1394 676 1405 688 .
1430 638 1554 683 vobis
1575 647 1719 682 autem
1744 694 1747 711 Ι

345 715 557 775 angustia.
583 717 638 760 Et
665 715 709 760 in
740 714 808 759 his
833 711 1116 776 disponendis
1143 721 1272 773 atque
1296 708 1504 754 faciendis
1521 745 1531 763 ,
1555 708 1588 753 si
1612 705 1720 770 quid
1744 713 1749 780 ξ

342 786 425 832 iibi
459 785 568 831 forte
603 784 758 830 melius
788 783 1026 838 videretur,
1066 796 1310 840 suggereres
1340 779 1433 824 viro
1460 788 1718 833 reverenter,

341 856 621 920 ejusdemque
651 855 954 901 auctoritatem
987 863 1193 915 tanquam
1218 852 1281 896 tui
1307 849 1463 913 capitis
1488 848 1722 913 sequereris
1744 855 1749 904 j

343 927 623 981 obedientem
645 937 694 972 ut
717 942 864 971 omnes
883 924 958 987 qui
979 940 1130 968 sanum
1157 922 1355 986 sapiunt,
1376 920 1429 966 ad
1453 937 1562 984 quos
1582 929 1723 983 posset
1744 926 1750 980 ᾗ

340 998 428 1044 hoc
461 998 627 1043 bonum
666 1006 856 1042 vestrum
890 994 1007 1041 fama
1045 991 1260 1056 perferre,
1296 992 1349 1038 de
1380 991 1537 1037 domus
1570 990 1750 1037 vestrael

339 1068 489 1115 fructu
529 1085 577 1113 ac
620 1083 728 1130 pace
763 1065 1029 1126 gauderent,
1076 1075 1117 1110 et
1156 1063 1425 1111 adversarius
1460 1072 1723 1108 revereretur
1746 1050 1750 1135 Ξ

340 1138 453 1185 nihil
473 1138 638 1183 habens
657 1136 712 1182 de
738 1137 863 1183 vobis
889 1135 1031 1181 dicere
1057 1134 1198 1198 pravi.
1747 1143 1750 1199 ἰ

406 1209 486 1255 lx.
525 1210 662 1253 Porro
695 1207 727 1252 si
760 1206 813 1252 de
841 1205 1052 1251 faciendis
1080 1204 1361 1268 eleemosynis
1381 1204 1484 1249 etin
1509 1220 1723 1267 pauperes

341 1278 646 1343 impendendis
682 1279 811 1323 rebus
848 1277 953 1332 tuis,
999 1275 1052 1322 de
1076 1293 1164 1339 quo
1197 1275 1314 1321 bono
1339 1292 1467 1338 opere
1489 1285 1531 1319 et
1566 1273 1750 1334 magno}

345 1362 431 1397 tam
451 1349 666 1395 evidentia
689 1359 910 1412 praecepta
931 1357 1030 1392 sunt
1054 1346 1256 1401 Domini,
1278 1363 1376 1392 cum
1399 1346 1491 1390 viro
1512 1356 1586 1390 tuo
1608 1344 1724 1390 fideli
1746 1340 1751 1413 ξ

341 1431 383 1466 et
419 1433 562 1465 tecum
599 1430 748 1464 sancta
788 1419 1070 1464 continentiae
1107 1428 1236 1480 pacta
1264 1427 1458 1462 servante
1493 1416 1724 1461 consilium

340 1490 666 1538 communicare
693 1489 895 1545 deberes,
924 1488 1202 1552 ejusdemque
1225 1505 1314 1533 non
1341 1504 1541 1550 spernere
1564 1486 1725 1532 volun-
1746 1491 1749 1495 ’

345 1572 473 1607 tatem
495 1581 506 1614 3
537 1571 703 1624 quanto
741 1560 875 1619 magis
913 1559 966 1605 de
996 1559 1153 1605 habitu
1179 1569 1307 1622 atque
1328 1557 1483 1604 vestitu
1504 1557 1616 1603 nihil
1642 1557 1724 1603 tibi
1747 1591 1751 1612 ,

343 1643 503 1696 praeter
523 1635 615 1691 ejus
640 1631 873 1676 arbitrium
911 1630 1170 1676 mutandum
1192 1630 1259 1675 vel
1287 1629 1586 1692 usurpandum
1611 1628 1721 1680 suit,

344 1702 460 1748 unde
484 1701 595 1747 nihil
618 1701 828 1746 divinitus
861 1700 1044 1761 legimus
1066 1700 1367 1763 imperatum?
1407 1700 1630 1762 Scriptum
1663 1708 1725 1745 est

343 1771 551 1836 quidem,
583 1771 781 1816 mulieres
803 1788 889 1816 esse
913 1770 1070 1817 debere
1095 1771 1138 1815 in
1164 1771 1326 1816 habitu
1356 1781 1507 1816 ornato
1528 1771 1544 1798 2
1565 1789 1576 1823 3
1605 1770 1726 1815 auri-

344 1859 428 1906 que
469 1841 824 1904 circumpositio,
865 1852 906 1886 et
940 1841 1118 1886 intortio
1143 1841 1327 1886 crinium
1347 1877 1358 1896 ‚
1385 1851 1426 1885 et
1451 1851 1606 1886 caetera
1638 1841 1726 1886 hu-
1747 1854 1752 1891 ι

338 1912 532 1974 ¹jusmodi
563 1928 663 1975 quae
699 1911 767 1957 vel
804 1911 856 1956 ad
876 1912 1046 1957 inanem
1070 1928 1279 1975 pompam
1306 1909 1373 1956 vel
1398 1910 1449 1956 ad
1474 1910 1724 1956 illecebram
1747 1937 1752 1995 Ι

345 1984 498 2031 sormae
522 1981 725 2028 adhiberi
755 1981 921 2038 solent,
954 1983 1108 2027 merito
1130 1982 1389 2045 reprehensa
1413 1993 1526 2028 sunt.
1558 1981 1641 2028 Sed
1665 1993 1728 2028 cst
1748 2002 1752 2035 ;

346 2053 528 2117 quidam
568 2069 648 2115 pro
692 2052 870 2098 modulo
897 2069 1096 2115 personae
1121 2052 1301 2098 habitus
1330 2052 1578 2097 matronalis
1607 2070 1630 2098 a
1656 2048 1752 2108 νὶ-ξ

346 2123 469 2171 duali
504 2134 618 2169 veste
653 2122 884 2169 distinctus
906 2160 916 2176 ‚
955 2125 1030 2186 qui
1067 2134 1207 2186 potest
1244 2123 1448 2168 fidelibus
1484 2115 1752 2184 conjugatis}

347 2195 464 2242 salva
490 2193 708 2253 religionis
746 2194 1018 2239 observantia
1050 2194 1296 2240 convenire.
1328 2194 1458 2238 Hunc
1482 2204 1523 2239 te
1548 2183 1752 2261 maritus}

346 2267 381 2313 si
406 2265 622 2329 deponere
641 2263 805 2319 noluit,
829 2274 936 2309 nete
960 2263 1079 2310 velut
1101 2263 1279 2310 viduam
1303 2263 1378 2309 illo
1399 2264 1726 2324 viventejacta-
1748 2264 1752 2313 ἔ

348 2356 440 2395 res,
462 2347 569 2401 puto
587 2336 689 2399 quia
708 2353 794 2381 non
817 2335 958 2381 fuerat
976 2336 1021 2381 in
1046 2336 1131 2381 hac
1155 2353 1198 2381 re
1221 2351 1357 2398 usque
1377 2334 1430 2381 ad
1453 2334 1726 2382 dissensionis
1749 2326 1752 2383 l

347 2407 600 2455 scandalum
620 2405 943 2469 perducendus,
964 2406 1099 2466 magis
1121 2405 1428 2452 inobedientiae
1450 2405 1578 2461 malo,
1593 2423 1726 2470 quam
1747 2398 1752 2465 l

351 2479 483 2526 ullius
506 2477 778 2524 abstinentiae
802 2478 936 2524 bono.
962 2477 1081 2534 Quid
1101 2478 1216 2523 enim
1245 2488 1306 2523 est
1327 2477 1574 2533 absurdius,
1594 2494 1724 2541 quam
1748 2470 1752 2544 ξ

347 2549 572 2598 mulierem
596 2546 650 2593 de
674 2547 832 2593 humili
866 2559 979 2594 veste
1005 2548 1098 2594 viro
1128 2547 1376 2611 superbire,
1409 2548 1480 2594 cui
1515 2559 1554 2594 te
1572 2549 1720 2611 potius

396 2635 407 2658 Ι
429 2644 446 2664 2
465 2633 542 2663 Cor.
562 2642 633 2670 vm,
656 2633 705 2662 13.
724 2649 765 2656 —
780 2630 796 2653 2
813 2643 825 2662 ι
846 2631 931 2665 Tim.
950 2643 986 2670 n,
1002 2643 1034 2673 9.
