1769 3235
547 264 759 295 EPISTOLA
797 266 1043 298 ccxxxvui.
1398 253 1490 300 325

113 416 292 428 §.Q-mssa
302 415 479 427 Νικαιαν
487 412 670 425 ,Ἄκη-νυ.
687 414 731 425 Μ
741 414 1229 429 κνιινιΜ-Μιψωινινυινιο
1239 419 1292 428 w
1301 418 1487 431 mvn-*sss

479 519 743 561 EPISTOLA
779 518 1077 562 CCXXXVIH
1096 522 1124 562 ¹.

114 636 387 694 Augustinus
409 636 634 676 Pascentio
661 635 840 689 (domus
864 637 995 691 regite
1017 637 1183 678 Comici
1203 640 1395 688 Ariano,
1417 643 1495 696 qui

172 705 315 760 ipsum
336 705 396 743 ad
420 703 684 757 colloquium
714 704 833 759 apud
860 703 1179 761 Carthaginem.
1199 719 1461 760 provocarat
1482 740 1492 755 ,

169 786 223 812 ex
249 771 442 812 Possidio
466 787 500 812 c.
536 771 619 826 17.)
651 781 690 810 ει
716 772 763 811 in
782 772 1044 827 professione
1071 770 1179 828 fidei
1208 774 1418 824 eluserat,
1442 792 1494 817 ac

166 840 477 894 postjactczrat
508 839 813 896 Augustinum
843 838 897 879 ab
922 839 1012 893 ipso
1033 851 1313 896 super-acum,
1334 845 1496 898 scripto

168 906 314 947 reddit
349 907 570 946 racionem
609 906 717 962 fidei
748 922 834 948 suoe
864 906 916 946 de
949 907 1089 949 tribus
1114 910 1313 964 personis
1337 921 1375 951 et
1406 926 1491 951 uno

165 974 277 1022 Deo,
305 975 439 1029 deque
462 974 592 1016 vsrbo
614 980 788 1026 ὸμοὺσιω.

171 1104 206 1150 Ι.
248 1103 497 1150 VOLUERAM
535 1103 711 1166 quidem
747 1114 921 1166 petente
957 1115 998 1150 te
1037 1116 1166 1169 atque
1195 1108 1410 1162 instante,
1443 1118 1492 1154 ut

107 1173 348 1220 meminisse
374 1174 564 1233 dignaris
584 1211 594 1228 ‚
626 1174 712 1218 imo
736 1191 817 1236 pro
845 1175 996 1220 merito
1029 1177 1169 1221 aetatis
1194 1194 1244 1222 ac
1269 1177 1493 1238 dignitatis

109 1256 197 1290 tuae
218 1245 401 1304 jubente
431 1255 470 1289 te
488 1281 498 1299 ‚
533 1243 586 1289 de
608 1244 693 1289 fide
716 1245 991 1300 Christiana,
1018 1246 1145 1291 etiam
1172 1264 1360 1310 praesens
1389 1265 1490 1294 cum

109 1325 322 1379 praesente
338 1352 348 1367 ‚
376 1315 420 1360 in
445 1325 656 1377 quantum
682 1314 788 1359 mihi
808 1314 1058 1361 facultatem
1082 1318 1293 1362 Dominus
1313 1317 1493 1377 largire-

108 1397 197 1440 tur,
231 1386 425 1432 conferre
461 1402 717 1431 sermonem.
761 1386 844 1431 Sed
880 1386 983 1449 quia
1021 1387 1100 1431 tibi
1136 1398 1232 1449 post
1253 1388 1489 1450 prandium

108 1455 334 1519 displicuit
367 1455 486 1520 quod
520 1456 630 1500 inter
668 1471 745 1500 nos
770 1473 894 1501 mane
914 1455 1162 1519 placuerat,
1190 1469 1237 1502 ut
1261 1475 1283 1503 a
1311 1459 1490 1504 notariis

106 1529 239 1573 verba
274 1537 418 1572 nostra
460 1527 787 1589 exciperentur;
828 1544 878 1571 ne
915 1527 1094 1573 ulterius
1125 1528 1271 1583 dicas,
1305 1529 1424 1593 quod
1451 1542 1489 1575 te

107 1598 238 1643 audio
264 1614 348 1643 non
375 1609 533 1652 tacere,
559 1613 645 1641 non
672 1613 736 1641 me
759 1596 886 1643 fuisse
906 1615 1056 1643 ausum
1078 1599 1161 1644 tibi
1189 1598 1333 1644 dicere
1359 1599 1489 1645 fidem

108 1687 245 1715 meam
262 1706 273 1724 ,
297 1669 364 1714 his
385 1669 536 1714 litteris
561 1669 712 1732 accipe
731 1706 740 1723 ‚
762 1669 880 1732 quod
905 1680 946 1715 et
969 1682 1013 1715 tu
1035 1670 1164 1730 legas,
1189 1681 1229 1715 et
1252 1671 1323 1716 cui
1344 1671 1490 1717 volue-

104 1740 162 1785 ris
182 1739 412 1799 legendum
440 1739 581 1786 tradas
603 1776 613 1792 ‚
637 1750 678 1784 et
698 1739 818 1802 quod
839 1740 1024 1785 volueris
1045 1740 1230 1785 vicissim
1254 1741 1488 1787 scribendo

105 1811 196 1874 ipse
220 1810 493 1873 respondeas.
536 1810 741 1873 Iniquum
774 1820 835 1854 est
873 1810 986 1855 enim
1027 1821 1074 1856 ut
1109 1811 1292 1874 quisque
1325 1811 1378 1857 de
1403 1812 1487 1858 alio

99 1881 298 1942 Judicare
319 1881 448 1936 velit,
474 1891 516 1925 et
534 1880 724 1941 judicari
753 1879 806 1926 de
825 1897 867 1926 se
890 1880 1010 1927 nolit.

170 1952 229 1998 ll.
260 1952 314 1997 Et
340 1951 394 1996 de
415 1952 635 2015 praeterito
656 1950 834 2014 quidem
857 1951 1020 2014 placito
1041 1961 1187 1997 nostro
1207 1989 1218 2007 ‚
1238 1952 1356 2016 quod
1385 1969 1489 1998 con-

105 2020 223 2068 dicto
253 2021 490 2067 meridiano
507 2021 689 2085 implvre
709 2021 905 2075 noluisti,
927 2020 1053 2067 facile
1074 2021 1306 2068 existimari
1326 2034 1486 2086 potest,

105 2093 201 2156 quis
236 2104 431 2138 nostrum
460 2092 560 2137 fidei
593 2108 683 2137 suae
710 2091 917 2136 fiduciam
954 2109 1039 2137 non
1068 2093 1303 2148 habuerit3
1340 2104 1488 2139 utrum

104 2164 180 2228 qui
204 2163 378 2209 volebat
405 2174 452 2208 ut
476 2163 711 2216 diceretur,
735 2173 772 2207 et
797 2163 977 2207 timebat
997 2180 1048 2208 ne
1068 2173 1309 2217 teneretur;
1341 2181 1395 2209 an
1413 2164 1490 2226 qui

107 2250 240 2298 unque
259 2234 367 2280 adeo
389 2234 565 2279 nolebat
583 2251 675 2278 eam
700 2233 1040 2296 disceptantium
1072 2233 1241 2294 judicio
1269 2234 1493 2290 subtrahi,

105 2316 152 2351 ut
178 2305 380 2352 mandata
400 2305 551 2350 litteris
569 2304 693 2350 vellet
712 2305 840 2349 ctiam
864 2303 1096 2364 legentium
1121 2305 1343 2350 memoriae
1363 2321 1487 2350 com-

105 2375 321 2430 mendari,
346 2394 398 2422 ne
416 2377 646 2440 quisquam
673 2374 738 2420 vel
757 2374 978 2420 oblivione
1000 2376 1204 2438 opinatus
1227 2374 1294 2420 vel
1319 2374 1488 2420 dissen-

104 2447 222 2493 sione
247 2447 464 2502 irritatus‚
487 2446 649 2492 diceret
671 2446 727 2491 ab
751 2445 897 2508 aliquo
920 2456 1114 2491 nostrum
1140 2482 1150 2500 ,
1188 2456 1262 2492 aut
1288 2462 1375 2491 non
1401 2461 1489 2491 esse

105 2517 274 2565 dictum
294 2519 414 2583 quod
439 2517 608 2564 dietum
631 2527 747 2574 erat,
775 2526 851 2562 aut
868 2516 1037 2562 dictum
1060 2533 1147 2562 esse
1170 2515 1289 2581 quod
1316 2515 1485 2562 dictum

153 2609 162 2632 ⁸
180 2609 266 2644 Alias
283 2621 392 2645 cmxiv.
413 2620 485 2653 quae
504 2615 612 2642 autem
635 2610 699 2641 238
719 2614 800 2653 erat,
823 2619 908 2640 nunc
925 2609 980 2650 69.
