1769 3235
540 258 754 292 musmom
787 260 905 291 cciv.
1340 266 1355 295 1
1367 248 1422 297 51

15 354 17 371 ι
117 328 239 376 VIII.
267 327 491 392 Scriptum
521 338 611 382 est,
635 325 753 389 quod
779 325 964 372 voluerit
989 348 1010 368 «
1035 328 1251 376 Nobiliter
1272 340 1314 377 et
1331 331 1434 376 viri-

13 439 16 466 ἱ
56 400 187 446 »liter
215 401 350 454 mori,
382 398 455 444 sed
486 395 702 460 numquid
726 395 824 441 ideo
855 397 1109 459 sapienter?
1135 421 1154 440 α
1175 400 1394 447 Nobiliter
1413 423 1433 445 »

12 481 16 511 ¹
55 470 247 524 scilicet,
275 487 328 514 ne
357 469 602 515 libertatern
634 467 701 512 sui
743 467 907 527 generis
947 467 1147 530 captivus
1183 471 1427 517 amitteret:

11 545 15 582 ὲ
55 562 75 583 ι(
102 539 290 585 Viriliter
309 561 329 581 ›>
352 550 494 584 autem
508 574 519 595 ‚
539 537 657 601 quod
678 548 817 583 tantas
834 537 944 583 vires
965 537 1096 583 animi
1114 538 1317 596 haberet,
1337 541 1434 604 qui-

11 643 13 646 >
53 611 135 657 bus
155 609 335 655 idoneus
354 620 461 654 esset
479 619 526 654 ut
553 625 594 653 se
614 608 704 671 ipse
722 608 953 671 perimeret
973 627 984 661 ;
1012 608 1132 671 quod
1160 609 1306 669 gladio
1328 628 1431 658 cum

9 692 12 749 ὲ
51 680 231 743 implere
248 697 335 726 non
358 690 524 744 posset,
550 679 603 725 de
626 696 752 724 muro
771 696 813 724 se
832 679 1107 742 praecipitem
1133 679 1282 737 dedit,
1310 693 1352 727 et
1371 682 1432 729 sic

9 761 12 790 ὁ
54 750 199 797 adhuc
231 750 355 796 vivus
389 750 623 812 abruptam
658 750 853 795 cucurrit
891 748 943 794 ad
973 761 1174 812 petram,
1218 762 1345 814 atque
1366 752 1431 798 ibi

7 861 9 880 ἶ
46 826 134 883 jam
152 822 371 882 exsanguis
387 821 589 867 intestina
611 839 684 867 sua
707 820 940 884 produxit,
964 838 1065 884 quae
1087 832 1272 886 utraque
1296 840 1431 870 manu

51 892 254 956 dissipata
272 893 502 956 spargebat
529 893 573 939 in
595 893 811 957 populum
829 930 839 947 ‚
867 910 916 939 ac
938 892 1093 939 deinde
1123 903 1274 957 postea
1295 893 1432 940 defes-

5 981 8 1015 i
49 979 118 1010 sus
149 963 372 1010 occubuit.
409 965 566 1025 Magna
594 963 692 1010 haec
728 974 854 1020 sunt,
884 981 964 1009 nec
994 974 1137 1010 tamen
1161 964 1293 1011 bona.
1328 964 1427 1010 Non

49 1034 161 1080 enim
181 1035 346 1080 bonum
371 1045 433 1081 est
453 1053 579 1081 omne
609 1035 728 1098 quod
753 1052 957 1095 magnum
981 1045 1069 1088 est3
1093 1036 1302 1099 quoniam
1328 1046 1429 1081 sunt

48 1121 201 1165 magna
225 1106 354 1150 etiam
379 1106 505 1152 mala.
546 1107 657 1151 Deus
676 1106 782 1151 dixit
803 1143 813 1161 ‚
850 1127 870 1146 α
893 1107 1172 1151 Innocentem
1198 1117 1240 1151 et
1257 1109 1427 1165 justum

48 1197 70 1219 »
91 1193 145 1222 ne
166 1175 389 1222 occidas1.
416 1199 436 1218 >2
459 1177 505 1222 Si
528 1194 628 1237 ergo
647 1177 725 1222 iste
755 1178 961 1223 innocens
979 1188 1021 1222 et
1050 1179 1188 1239 justus
1205 1194 1293 1222 non
1310 1176 1424 1233 fuit,

1 1241 5 1310 ξ
47 1260 126 1291 cur
146 1245 411 1309 proponitur
439 1246 717 1292 imitandus?
743 1247 787 1292 Si
821 1257 963 1292 autem
985 1247 1193 1292 innocens
1224 1257 1265 1292 et
1284 1250 1429 1306 justus

0 1345 4 1364 ι,
45 1316 147 1372 fuit,
170 1334 305 1380 quare
327 1317 578 1364 interfector
600 1318 843 1364 innocentis
882 1330 924 1363 et
947 1319 1081 1378 justi,
1120 1317 1165 1363 id
1204 1327 1266 1362 est
1290 1317 1429 1380 ipsius

45 1387 189 1445 Razii‚
213 1388 391 1452 insuper
407 1399 592 1452 putatur
609 1405 699 1433 esse
719 1387 966 1434 laudandus
986 1390 1002 1433 ?

109 1459 185 1505 lx.
215 1459 323 1505 Haec
350 1460 524 1505 interim
544 1497 554 1515 ‚
578 1476 631 1504 ne
653 1459 838 1504 nimium
862 1458 1028 1523 prolixa
1050 1459 1144 1516 fiat,
1171 1456 1280 1504 huic
1305 1457 1428 1522 epis-

44 1528 144 1574 tolae
161 1530 397 1592 implendae
414 1531 514 1576 satis
529 1531 626 1579 sint.
652 1531 802 1577 Debeo
823 1542 965 1576 autem
986 1528 1428 1589 Thamugadensibus

44 1600 255 1659 ejusmodi
288 1601 572 1647 ministerium
601 1602 850 1658 charitatis,
882 1602 1090 1666 quoniam
1114 1600 1227 1646 mihi
1256 1610 1297 1645 et
1321 1610 1425 1646 voto

45 1680 119 1716 tuo
145 1681 186 1716 et
220 1672 276 1717 ab
308 1672 558 1719 honorabili
592 1684 632 1719 et
656 1673 912 1719 charissimo
947 1673 1038 1719 filio
1073 1689 1168 1718 meo
1200 1671 1424 1729 Eleusino,

44 1742 117 1806 qui
138 1743 431 1789 Tribunatum
464 1744 580 1808 apud
607 1762 676 1790 eos
707 1746 814 1804 egit,
848 1745 957 1790 bene
985 1743 1192 1790 insinuati
1222 1753 1346 1798 sunt,
1375 1752 1426 1788 ut

44 1812 255 1859 ambabus
285 1815 477 1877 epistolis
510 1815 748 1861 Ganclentii
779 1815 1103 1860 Donatistarum
1126 1813 1354 1877 episcopi,
1383 1822 1426 1858 et

42 1882 222 1928 maxime
238 1886 483 1946 posteriori,
503 1903 636 1949 quam
655 1885 895 1931 secundum
923 1885 1173 1948 Scripturas
1191 1892 1363 1929 sanctas
1385 1899 1429 1928 se

41 1951 187 2001 fecisse
208 1955 463 2009 arbitratur,
486 1957 545 2003 ita
565 1955 848 2020 respondeam
864 1993 876 2014 ,
904 1973 958 2002 ne
976 1953 1141 2018 aliquid
1160 1952 1426 2017 praetermis-

42 2038 134 2068 sum
158 2034 352 2087 putetur.

87 2127 100 2151 ¹
118 2129 222 2163 Exod.
242 2140 342 2169 xx111‚
363 2142 394 2171 7.
