1769 3235
6 298 10 333 ἑ

4 372 7 399 ι

1 465 5 527 ἶ

520 277 732 309 EpisQrorA
768 279 975 310 ccxxxrv.
1352 263 1440 310 311

69 343 238 394 dudum
270 342 382 389 inter
399 359 476 388 nos
502 343 773 400 convenerit,
799 344 866 389 xel
891 361 1009 390 nunc
1026 342 1264 390 identidem
1289 342 1443 390 litteris

3 444 5 450 ·
66 415 200 475 magis
223 415 444 477 magisque
473 414 704 460 conveniat
731 415 963 490 praeceptis
991 432 1079 460 non
1107 414 1249 462 dicam
1270 426 1443 461 tantum

66 485 320 541 SOCI'athiS‚
339 501 417 530 HOC
436 495 519 530 tUlS
538 486 841 531 Romanorum
858 502 925 530 Vll
944 502 1041 530 VOI'C
1055 486 1219 548 optime
1243 486 1444 549 PPOPhC-

0 587 3 603 ι
64 557 180 612 ticis,
221 569 294 602 aut
333 559 486 620 paucis
523 556 902 620 Jerosolymiticis,
926 556 998 602 sed
1033 557 1162 602 etiam
1204 557 1442 620 Orpheicis

64 637 190 691 atque
207 626 395 687 Ageticis
412 664 423 683 ,
448 637 489 672 et
507 627 838 688 Trimegisticis,
858 627 986 687 longe
1008 637 1105 672 ante
1120 627 1205 673 illis
1227 628 1442 691 antiquio-

63 697 214 754 ribus,
242 708 284 743 et
316 714 428 761 pene
459 697 645 745 rudibus
682 698 829 745 adhuc
857 697 1049 754 saeculis,
1077 697 1160 744 diis
1191 699 1443 745 auctoribus

60 769 194 814 enatis
208 806 218 825 ‚
234 779 276 814 et
296 769 373 814 toti
395 769 493 815 orbi
511 780 638 815 terrae
655 770 780 816 certis
800 769 1017 815 limitibus
1035 769 1209 833 partitas
1234 769 1445 815 trifariam

59 839 268 886 divinitus
292 840 495 897 ostensis,
521 842 646 904 prius
670 858 802 906 quam
827 858 985 887 nomen
1006 851 1080 886 aut
1105 841 1283 904 Europa
1307 856 1443 903 cape-

56 921 136 967 ret,
165 921 240 957 aut
273 911 374 958 Asia
402 911 649 976 acciperet,
679 923 753 958 aut
771 912 913 975 Lybia
937 910 1175 975 possideret
1196 911 1339 956 virum
1359 907 1446 955 bo-

55 997 185 1039 num,
207 992 254 1028 ut
278 992 328 1028 tu
356 982 524 1029 medius
550 983 682 1029 fidius
707 995 750 1029 et
769 984 849 1034 eris
868 994 909 1029 et
934 981 1071 1028 fuisti.
1105 980 1334 1045 Siquidem
1361 980 1445 1026 ad-

52 1052 143 1101 huc
158 1064 256 1118 post
267 1053 503 1101 hominum
518 1056 791 1112 memoriam,
809 1055 891 1100 nisi
909 1053 1215 1118 Xenophontis
1230 1053 1448 1112 figmentis

53 1119 311 1189 ‘compositae
335 1124 501 1172 fabulae
533 1126 711 1173 schema
746 1125 959 1172 concedas
978 1163 988 1182 ,
1022 1125 1170 1170 adhuc
1201 1123 1409 1169 audierim
1432 1161 1441 1179 ,

51 1193 251 1256 legerim,
283 1195 470 1243 viderim
506 1197 723 1242 neminem
740 1235 751 1253 ,
778 1207 854 1242 aut
878 1207 992 1242 certe
1024 1206 1124 1259 post
1149 1211 1285 1240 unum
1303 1231 1313 1250 ‚
1336 1194 1440 1239 nul-

49 1264 168 1325 lum,
192 1267 336 1332 quod,
362 1267 452 1313 Deo
472 1277 600 1324 teste,
628 1268 748 1313 bono
771 1267 970 1331 periculo
997 1277 1204 1331 certoque
1232 1265 1410 1310 dixerim
1426 1302 1436 1321 ,

49 1336 130 1383 nisi
153 1347 212 1390 te,
237 1339 376 1383 Deum
395 1349 437 1383 et
461 1339 627 1384 conniti
646 1357 815 1403 semper
833 1355 1086 1399 agnoscere,
1107 1348 1148 1382 et
1167 1354 1292 1400 posse
1313 1338 1439 1399 puri-

50 1416 135 1453 tate
156 1408 289 1454 animi
323 1409 605 1473 corporisque
638 1413 832 1474 projecta
866 1408 1099 1469 gravedine
1122 1407 1275 1453 sectari
1310 1406 1438 1457 facil-

47 1476 147 1523 lime
165 1516 175 1535 ,
197 1490 239 1525 et
260 1496 337 1543 spe
360 1479 565 1543 perfectae
590 1480 869 1526 conscientiae
900 1497 990 1525 non
1019 1478 1157 1525 dubia
1180 1477 1436 1524 credulitate

48 1558 201 1596 tenere.
235 1571 254 1591 »

111 1621 168 1667 Π.
205 1642 224 1662 κ
246 1622 404 1671 Verum
431 1639 517 1687 qua
534 1623 603 1668 via
630 1622 739 1668 effici
768 1623 930 1688 possit,
957 1621 1093 1683 magis
1115 1631 1245 1667 estut
1273 1631 1321 1667 tu
1344 1638 1434 1671 non

45 1693 221 1749 nescias,
244 1693 410 1739 etmihi
432 1711 519 1739 non
537 1693 754 1740 insinuato
775 1692 1034 1739 extrinsecus
1049 1692 1197 1756 aliquo
1215 1691 1434 1751 dissertes,

43 1779 173 1828 quam
196 1774 244 1812 ut
279 1782 300 1809 a
328 1782 394 1810 me
416 1802 426 1821 ,
466 1765 650 1809 Domine
679 1763 941 1829 percolende
963 1800 973 1819 ,
1016 1763 1140 1810 seiaS.
1181 1763 1296 1820 Quia
1322 1773 1431 1808 tunc

41 1832 174 1879 fateor
198 1833 331 1895 hujus
355 1835 462 1880 boni
483 1835 528 1880 in
549 1830 692 1880 sedem
709 1835 984 1898 profecturus
1008 1833 1240 1889 sufficiens,
1265 1844 1313 1879 ut
1334 1850 1430 1879 mea

41 1916 248 1968 expetunt
263 1907 520 1961 sacerdotia,
538 1906 715 1951 minime
736 1906 940 1962 necdum,
956 1916 997 1951 et
1015 1906 1049 1951 si
1067 1916 1212 1951 tamen
1230 1916 1430 1968 potuero,

41 1974 249 2021 viaticum
267 1977 439 2037 colligo.
467 1977 629 2022 Verum
654 1977 761 2040 quid
782 1976 996 2022 traditum
1023 1987 1170 2022 sancte
1196 1987 1325 2039 atque
1347 1993 1428 2021 an-

40 2045 224 2109 tiquitus
243 2057 410 2093 teneam
435 2058 565 2110 atque
586 2047 852 2103 custodiam,
881 2057 931 2093 ut
949 2058 1136 2110 potuero
1160 2047 1314 2110 paucis
1331 2046 1429 2092 edi-—

39 2132 150 2163 cam.
175 2117 254 2163 Via
274 2129 335 2164 est
360 2119 404 2164 in
423 2120 562 2164 Deum
588 2119 756 2175 melior,
784 2136 871 2182 qua
896 2119 963 2164 vir
982 2119 1142 2174 bonus,
1161 2119 1263 2182 piis,
1282 2119 1424 2182 puris,

33 2187 177 2246 Justis‚
211 2190 338 2235 castis
360 2227 369 2244 ,
395 2191 507 2235 veris
531 2189 661 2235 dictis
684 2189 900 2253 factisque
921 2227 932 2245 ,
952 2190 1041 2235 sine
1067 2189 1155 2235 ulia
1182 2200 1431 2253 temporum

38 2269 307 2305 mutatorum
334 2271 508 2324 captati
528 2262 766 2321 jactatione
789 2261 1031 2324 probatus,
1057 2271 1099 2306 et
1130 2263 1324 2307 Deorum
1346 2277 1428 2306 co-

36 2328 191 2375 mitatu
212 2330 413 2387 vallatus
439 2332 516 2377 Dei
542 2332 692 2396 utique
708 2333 1000 2395 potestatibus
1025 2332 1245 2385 emeritus,
1272 2330 1316 2376 id
1345 2341 1424 2387 est,

37 2402 125 2459 ejsss
148 2401 276 2447 unius
295 2413 336 2448 et
355 2404 525 2449 univers
531 2403 543 2448 i
567 2413 607 2447 et
638 2402 1098 2466 incompiehensibilis
1119 2413 1161 2448 et
1191 2401 1426 2447 ineffabilis

35 2469 451 2537 infatigabilisque?
459 2473 634 2519 reat01is
666 2473 874 2537 impletus
898 2473 1164 2530 virtutibus,
1195 2490 1335 2537 quos,
1373 2487 1422 2522 ut

34 2558 185 2587 verum
209 2555 299 2601 est,
329 2544 510 2605 Angelos
532 2545 694 2602 dicitis,
719 2545 788 2591 vel
813 2545 923 2609 quid
945 2544 1126 2591 alterum
1147 2555 1248 2609 post
1276 2547 1422 2589 Deum

35 2612 102 2658 vel
129 2629 229 2659 curn
258 2619 376 2673 Deo,
408 2627 483 2662 aut
509 2634 528 2662 a
556 2617 672 2671 Deo,
699 2616 838 2663 autin
861 2618 1001 2664 Deum
1030 2616 1269 2663 intentione
1291 2614 1424 2662 animi
