1769 3235
489 275 699 308 EPISTOLA
734 275 879 308 cxcvi.
1331 264 1382 306 81

28 367 48 388 »
72 344 253 391 nostra1.
273 365 292 385 >2
328 343 414 388 Nec
446 353 588 388 tamen
626 341 722 387 ideo
755 341 854 387 tales
883 345 974 401 jam
999 356 1204 396 essemus,
1238 341 1390 406 quales

27 416 182 463 erimus
211 431 309 460 cum
333 413 510 459 mortale
530 413 614 458 hoc
641 412 831 457 induerit
859 412 1241 458 immortalitatem.
1268 412 1394 458 Tunc

25 486 137 534 enim
173 502 260 530 non
286 484 423 530 solum
449 482 559 529 nulli
592 482 802 528 desiderio
827 482 993 545 peccati
1016 481 1291 537 obediemus,
1321 481 1395 527 sed

28 555 144 603 nulla
181 565 310 602 erunt
356 554 566 601 desideria
606 553 705 599 talia
725 589 736 609 ,
779 552 939 616 quibus
974 568 1062 598 non
1102 552 1278 599 obedire
1319 556 1396 612 ju-

27 629 220 675 beamur.

89 700 163 746 Vl.
191 701 318 745 Nunc
336 716 409 760 erg
425 699 679 746 ubidicitur
703 716 713 744 ε
737 719 758 740 «
774 703 870 745 Jam
890 715 977 744 non
994 715 1072 758 ego
1093 714 1250 761 operor
1265 698 1394 756 illud,

31 794 52 815 »
72 770 147 817 sed
167 769 209 815 id
229 770 350 834 quod
378 770 422 815 in
440 787 508 815 me
529 769 702 815 habitat
721 770 1004 832 peccatum2‚
1034 790 1054 810 ι)
1078 768 1132 814 de
1160 770 1399 833 concupis-

29 841 168 888 centia
186 840 326 886 carnis
346 840 524 895 dicitur,
554 856 653 902 quae
672 849 879 902 operatur
900 839 944 884 in
968 838 1094 883 nobis
1111 849 1255 884 motus
1274 856 1397 895 suos,

30 911 156 957 etiam
178 909 354 973 quando
373 909 430 955 eis
451 926 537 954 non
557 908 787 954 obedimus
802 943 812 963 ‚
833 907 940 953 dum
956 924 1045 953 non
1070 918 1219 967 regnat
1239 926 1401 972 pecca-

31 991 123 1027 tum
144 981 189 1026 in
218 991 363 1026 nostro
386 980 558 1026 mortali
576 996 759 1043 corpore
784 978 839 1025 ad
864 978 1159 1024 obediendum
1180 978 1401 1026 desideriis

32 1057 143 1113 ejus,
179 1068 258 1097 nec
293 1052 549 1097 exhibemus
586 1050 781 1096 membra
813 1060 958 1095 nostra
999 1067 1118 1095 arma
1160 1050 1403 1113 iniquitatis

35 1133 212 1188 peccato
231 1140 241 1167 ε
261 1122 304 1168 in
323 1122 587 1185 quajustitia
605 1121 803 1166 nondum
821 1131 1118 1166 consummata
1134 1138 1407 1184 perseveran-

35 1204 97 1240 ter
134 1192 436 1256 proficientes,
474 1192 528 1236 ad
565 1195 654 1251 ejus
692 1191 1112 1236 consummationem
1144 1191 1410 1255 quandoque

34 1264 276 1318 veniemus,
321 1262 398 1308 ubi
433 1262 603 1326 peccati
638 1261 992 1324 concupiscentia
1029 1278 1117 1306 non
1162 1261 1414 1307 cohibenda

37 1346 163 1398 atque
179 1332 390 1380 frenanda
407 1370 417 1389 ‚
444 1333 516 1378 sed
545 1332 663 1378 nulla
692 1332 759 1378 sit.
786 1332 882 1377 Hoc
907 1331 1020 1376 enim
1054 1333 1140 1376 Lex
1168 1331 1316 1394 posuit
1343 1331 1416 1377 di-

37 1404 173 1452 cendo
198 1421 208 1449 ε
238 1425 257 1444 α
274 1404 372 1449 Non
404 1403 684 1466 concupisces
701 1401 736 1458 3,
756 1423 776 1443 ›>
801 1418 888 1447 non
913 1400 1033 1464 quod
1062 1401 1136 1446 hic
1166 1400 1411 1458 valeamus,

38 1476 110 1523 sed
138 1474 192 1521 ad
221 1474 342 1538 quod
373 1473 645 1538 proficiendo
677 1471 918 1519 tendamus.
951 1471 1112 1517 Verum
1135 1471 1221 1517 hoc
1247 1473 1297 1518 fit
1327 1489 1417 1518 non

39 1549 149 1606 Lege
166 1561 266 1608 quae
285 1545 372 1591 hoc
390 1544 601 1607 imperat,
625 1542 696 1589 sed
726 1542 811 1588 fide
835 1558 934 1606 quae
956 1541 1044 1587 hoc
1071 1542 1297 1604 impetrat3
1324 1559 1413 1589 non

39 1616 177 1663 littera
203 1632 288 1678 qua
310 1615 511 1674 jubetur,
545 1613 617 1659 sed
645 1613 812 1676 Spiritu
837 1629 924 1675 quo
952 1612 1143 1658 donatur
1166 1630 1176 1656 :
1207 1629 1293 1657 non
1315 1629 1416 1673 ergo

39 1686 200 1733 meritis
218 1686 437 1749 operantis
454 1685 662 1740 hominis,
686 1684 757 1729 sed
774 1683 991 1743 largientis
1009 1682 1145 1743 gratia
1160 1682 1411 1731 salvatoris.

42 1756 214 1804 Utilitas
238 1756 386 1820 itaque
411 1756 536 1815 Legis
562 1765 644 1810 est,
669 1765 716 1800 ut
739 1754 964 1800 homiuem
986 1753 1040 1798 de
1062 1770 1139 1798 sua
1162 1753 1417 1800 infirmitate

0 1844 1 1852 ¹
43 1826 294 1882 convincat,
315 1837 356 1872 et
385 1826 534 1886 gratiae
562 1825 824 1871 medicinam
845 1841 943 1888 quae
964 1825 1007 1869 in
1033 1823 1208 1870 Christo
1226 1835 1312 1881 est,
1335 1825 1416 1872 im·

0 1892 2 1963 ff
43 1897 213 1963 plorare
234 1896 484 1960 compellat.
509 1917 529 1937 α
551 1895 705 1942 Omnis
728 1895 842 1940 enim
866 1894 943 1958 qui
965 1894 1233 1940 invocaverit
1256 1911 1416 1943 nomen

46 1990 66 2011 »
94 1968 292 2024 Domini,
323 1967 465 2013 salvus
495 1966 618 2013 erit4.
659 1965 893 2023 Quomodo
915 1982 1016 2025 ergo
1050 1965 1345 2020 invocabunt,
1369 1966 1416 2013 in

1 2074 4 2098 ἶ
44 2059 64 2081 »
89 2054 220 2102 quem
250 2055 336 2083 non
360 2036 665 2083 crediderunt?
697 2035 920 2099 quomodo
944 2034 1144 2088 credent,
1167 2051 1298 2097 quem
1329 2053 1419 2083 non

48 2130 68 2153 »
93 2108 362 2155 audierunf’?
381 2130 402 2150 »
427 2107 551 2154 Unde
584 2107 716 2171 paulo
741 2119 841 2171 post
863 2107 973 2153 dicit
996 2124 1007 2151 ι
1030 2127 1050 2147 ε(
1074 2106 1213 2165 Igitur
1234 2107 1342 2154 fides
1370 2126 1419 2155 ex

3 2190 5 2231 j
49 2201 70 2222 »
93 2179 244 2226 auditu
261 2216 272 2235 ,
301 2178 474 2225 auditus
501 2189 642 2224 autem
666 2195 742 2241 per
760 2178 943 2224 verbum
967 2176 1175 2223 Christiss.
1206 2198 1226 2218 n

111 2249 212 2296 Vll.
242 2249 354 2306 Quae
377 2266 477 2296 cum
503 2249 562 2294 ita
587 2249 693 2304 sint,
723 2248 799 2312 qui
824 2265 866 2293 se
890 2246 1109 2292 Israelitas
1126 2262 1212 2292 esse
1228 2249 1421 2294 carnali-

5 2324 6 2360 ἐ
52 2330 113 2366 ter
136 2318 351 2380 gaudent,
375 2330 414 2365 et
430 2331 589 2383 praeter
606 2319 788 2378 gratiam
816 2317 1007 2373 Christi,
1032 2316 1075 2361 in
1093 2318 1203 2376 Lege
1228 2317 1422 2376 glorian-

5 2391 8 2433 }
54 2401 123 2437 tur
140 2428 150 2448 ‚
173 2391 203 2436 ii
226 2402 326 2436 sunt
350 2390 403 2437 de
423 2392 585 2454 quibus
612 2391 714 2436 item
742 2389 974 2453 Apostolus
994 2388 1077 2443 ait,
1100 2409 1118 2428 c<
1141 2388 1271 2443 Quod
1294 2389 1423 2449 igno-

7 2486 9 2510 3
57 2472 233 2507 »rantes
275 2462 353 2507 Dei
386 2461 597 2521 justitiam
619 2497 628 2516 ‚
672 2471 713 2506 et
750 2477 871 2506 suam
909 2458 1098 2504 volentes
1133 2458 1394 2507 constituere
1413 2498 1423 2516 ,

8 2535 9 2541 ¹
103 2561 113 2584 ¹
137 2561 254 2596 Manli.
273 2574 317 2600 w,
343 2573 453 2595 12.—
473 2561 487 2584 ‘⁰'
514 2565 608 2593 Rom.
630 2573 674 2591 xz!
692 2589 698 2598 ,
722 2573 835 2593 1-.—-·
852 2558 963 2593 3ΙῙΜ.
987 2571 1016 2598 7.
1037 2576 1082 2582 —
1104 2555 1116 2580 4
1142 2559 1223 2590 Jnel,
1252 2572 1286 2597 ιι,
1310 2563 1364 2594 32.
1388 2578 1430 2585 0--

9 2624 11 2626 “
58 2614 71 2640 ⁵
89 2618 147 2648 Act
177 2628 349 2654 113‘21.5-
371 2615 497 2650 ssssviw.
518 2629 548 2652 x,
569 2629 618 2651 ιτ.

227 2689 402 2718 exiruis.
1286 2674 1311 2713 ὁ
