1769 3235
339 284 430 330 268
741 298 774 325 s.
819 297 1061 328 Aucusrml
1097 299 1299 329 EPISCOPI

335 367 474 412 claros
499 364 636 425 caligo
673 364 793 410 istius
825 363 1040 426 opinionis
1065 364 1296 419 obscurat,
1328 364 1704 415 defaecatissimum

334 437 482 482 lumen
504 437 653 495 gratiae
677 444 939 497 recepturos.
972 435 1083 480 Nam
1116 452 1250 480 unum
1281 452 1426 481 eorum
1467 439 1705 501 praecipuae

337 507 605 552 auctoritatis
620 516 659 551 et
680 504 938 568 spiritalium
965 505 1205 551 studiorum
1229 506 1388 557 virum,
1408 518 1603 552 sanctum
1628 509 1704 554 Hi-

333 577 491 622 larium
531 575 648 638 (22)
682 575 969 621 Arelatensem
1008 577 1306 639 Episcopum,
1345 578 1451 622 sciat
1479 577 1703 625 beatitudo
1756 605 1769 624 s*

332 659 405 693 tua
427 647 732 693 admiratorem
756 657 1092 709 sectatoremque
1117 647 1159 691 in
1184 647 1275 692 aliis
1296 648 1499 692 omnibus
1518 659 1602 694 tuae
1619 666 1704 695 esse

333 719 547 765 doctrinae
569 739 580 772 ;
611 729 652 764 et
679 717 732 763 de
753 718 837 763 hoc
855 716 973 780 quod
1003 717 1047 761 in
1072 716 1290 779 querelam
1317 717 1451 762 trahit
1474 755 1483 772 ,
1514 720 1703 782 jampri-

332 790 429 836 dem
469 789 587 853 apud
628 788 897 835 sanctitatem
933 799 1050 833 tuam
1083 804 1251 833 sensum
1277 805 1402 833 suum
1435 805 1511 851 per
1542 788 1704 836 litteras

333 862 438 908 velle
468 860 677 907 conferre.
717 858 797 904 Sed
824 859 927 921 quia
963 868 1108 902 utrum
1135 857 1220 903 hoc
1244 858 1441 904 facturus
1465 896 1477 915 ‚
1517 869 1588 904 aut
1616 876 1702 922 quo

328 933 413 977 fine
441 932 494 977 sit
516 930 711 976 facturus
730 966 740 983 ,
765 928 981 973 incertum
1005 938 1094 981 est,
1121 938 1162 972 et
1187 928 1380 973 omnium
1412 940 1609 974 nostrum
1634 930 1704 975 fa-

327 1003 477 1063 tigatio
496 1040 507 1059 ,
543 1000 801 1064 providente
824 999 910 1044 hoc
934 999 1137 1062 praesenti
1161 998 1320 1043 saeculo
1354 1000 1431 1044 Dei
1458 1001 1594 1058 gratia
1613 1037 1623 1056 ,
1658 1001 1703 1046 in

328 1083 416 1119 tuae
444 1070 672 1119 charitatis
704 1070 745 1115 et
777 1069 969 1115 scientiae
987 1069 1131 1128 vigore
1160 1068 1373 1132 respirat3
1413 1069 1524 1114 adde
1559 1069 1702 1115 erudi-

327 1144 484 1190 tionem
510 1141 781 1196 humilibus,
807 1139 917 1185 adde
938 1140 1276 1203 increpationem
1301 1139 1514 1202 superbis.
1541 1140 1701 1186 Neces-

326 1215 488 1259 sarium
511 1224 552 1259 et
578 1212 683 1258 utile
709 1222 770 1257 est
794 1212 923 1257 etiam
941 1227 1042 1274 quae
1074 1211 1237 1274 scripta
1259 1221 1360 1256 sunt
1386 1211 1575 1255 scribere
1599 1247 1610 1265 ,
1649 1228 1702 1257 ne

323 1285 414 1331 leve
436 1285 698 1330 existimetur
732 1282 847 1346 quod
886 1299 973 1327 non
1005 1282 1251 1345 frequenter
1284 1282 1493 1340 arguitur.
1536 1281 1700 1327 Sanum

322 1357 436 1401 enim
460 1364 618 1418 putant
641 1370 726 1398 esse
742 1351 861 1415 quod
887 1369 973 1396 non
999 1352 1134 1407 dolet,
1156 1369 1235 1396 nec
1258 1351 1414 1397 vulnus
1434 1351 1700 1414 superducta

324 1439 423 1473 cute
440 1426 629 1472 sentiunt
651 1442 662 1469 :
683 1423 755 1469 sed
779 1423 1022 1484 intelligant
1044 1433 1357 1486 perventurum
1377 1421 1430 1467 ad
1446 1423 1696 1479 sectionem,

321 1497 441 1560 quod
476 1495 682 1542 habuerit
713 1505 1056 1558 perseverantem
1099 1505 1326 1539 tumorem.
1370 1493 1520 1537 Gratia
1558 1493 1634 1538 Dei
1658 1503 1699 1537 et

321 1586 405 1631 pax
430 1567 604 1613 Domini
630 1567 764 1611 nostri
784 1569 883 1611 Jesu
904 1565 1068 1611 Christi
1094 1575 1274 1610 coronet
1298 1575 1338 1609 te
1360 1564 1404 1608 in
1445 1563 1563 1608 omni
1591 1573 1699 1608 tem-

322 1656 427 1702 pore
445 1676 455 1694 ,
483 1649 525 1683 et
548 1636 845 1683 ambulantem
866 1635 919 1681 de
939 1637 1096 1681 virtute
1116 1636 1160 1681 in
1184 1635 1384 1680 virtutem
1414 1633 1622 1693 glorificet
1653 1633 1697 1679 in
1748 1678 1750 1680 ,

321 1720 562 1763 aeternum,
607 1707 791 1752 Domine
839 1708 961 1769 Papa
989 1706 1262 1761 beatissime,
1302 1704 1579 1750 ineffabiliter
1613 1703 1698 1749 mi-

323 1780 502 1836 rabilis,
549 1777 956 1842 incomparabiliter
1002 1777 1291 1834 honorande,
1339 1775 1697 1839 praestantissime

323 1861 519 1915 patrone.
551 1872 571 1892 ›>
