1769 3235
321 268 386 316 86·
734 283 769 312 s.
811 281 1057 313 Auousrim
1093 282 1297 314 EPlscol‘l

322 349 426 404 ista3
452 344 812 410 profundumque
838 347 1090 409 mysterium
1109 384 1119 402 ‚
1143 358 1191 392 ut
1215 346 1343 393 multi
1365 362 1412 392 ex
1430 347 1566 394 Israel
1585 349 1692 408 nati,
1748 355 1751 403 ζ

324 434 412 462 non
432 417 518 462 sint
539 416 673 461 lsrael
694 452 704 471 ‚
726 427 768 461 et
791 417 917 462 multi
941 434 1028 463 non
1049 418 1132 462 sint
1167 417 1269 474 filii,
1306 433 1406 462 curn
1433 417 1519 463 sint
1550 432 1694 465 semen
1748 414 1751 470 ’ξ

325 487 548 534 Abrahae?
573 486 806 543 Quomodo
823 487 936 532 enim
957 504 1045 532 non
1063 498 1181 543 sunt,
1201 487 1423 550 quomodo
1438 503 1516 534 nos
1532 503 1694 548 sumus,
1749 487 1751 489 ’

325 558 409 603 nisi
432 558 534 621 quia
567 574 654 602 non
688 568 787 602 sunt
819 556 898 602 filii
923 558 1218 620 promissionis
1246 557 1302 603 ad
1326 557 1491 604 Christi
1512 559 1695 618 gratiam
1749 567 1752 613 Ξ

328 627 592 691 pertinentes
611 660 622 680 ‚
659 626 731 671 sed
757 625 836 671 filii
867 627 1012 672 carnis
1035 644 1191 672 nomen
1219 627 1345 672 inane
1367 631 1609 686 gestantes}>
1633 631 1697 676 Ac

324 717 404 762 per
429 700 516 745 hoc
546 715 624 744 nec
656 699 720 744 illi
740 708 842 744 sunt
868 699 1030 755 Israel,
1056 700 1169 745 sicut
1195 714 1343 744 sumus
1373 714 1476 757 nos;
1508 714 1589 746 nec
1619 712 1699 747 nos
1750 695 1753 726 ’ἶ

327 785 475 815 sumus
487 768 622 814 Israel
639 804 650 824 ‚
677 768 790 814 sicut
814 779 914 814 sunt
935 769 1013 816 illi.
1040 769 1129 814 Nos
1143 769 1259 815 enim
1289 784 1439 814 sumus
1459 769 1698 816 secundum

325 838 564 902 spiritalem
584 838 946 898 regenerationem
962 875 973 894 ,
995 838 1058 884 1111
1073 838 1314 885 secundum
1335 839 1553 886 carnalem
1576 856 1700 900 gene⁴
1751 890 1754 898 .

323 908 552 954 rationem.

389 977 493 1024 XII.
526 975 793 1022 Intuendum
819 987 881 1022 est
904 977 1071 1040 quippe
1096 977 1150 1022 ad
1173 976 1536 1034 discernendum,
1565 977 1700 1024 alium
1751 982 1754 987 '

325 1064 411 1094 esse
441 1046 578 1092 Israel
604 1046 680 1109 qui
715 1057 897 1109 propter
921 1064 1095 1092 carnem
1126 1064 1286 1093 nomen
1326 1048 1524 1111 accepit,
1567 1047 1702 1094 alium
1751 1053 1754 1094 ἶ

327 1133 429 1163 vero
448 1116 525 1179 qui
547 1126 728 1178 propter
749 1117 952 1179 spiritum
967 1152 978 1174 ,
1004 1133 1094 1162 rem
1111 1152 1122 1173 ,
1149 1134 1249 1180 quae
1270 1117 1346 1163 illo
1368 1117 1543 1163 nomine
1565 1118 1703 1178 signi·-
1752 1119 1753 1122 ’

327 1187 488 1232 fleatur
510 1217 522 1242 ,
557 1186 764 1233 obtinuit.
799 1187 1027 1250 Numquid
1052 1187 1168 1232 enim
1193 1205 1241 1234 ex
1263 1190 1377 1247 Agar
1402 1187 1559 1234 ancilla
1585 1187 1705 1234 Sara!-

329 1256 420 1302 nati
449 1265 550 1301 sunt
574 1255 820 1302 Israelitae?
855 1258 1008 1302 Nonne
1033 1257 1193 1302 Ismael
1215 1274 1262 1303 ex
1285 1257 1360 1302 illa
1387 1267 1514 1303 natus
1544 1267 1606 1302 est
1625 1293 1637 1314 ‚
1662 1265 1705 1303 et
1752 1246 1769 1286 's

328 1343 418 1373 non
442 1325 758 1382 Israelitarum,
792 1326 865 1372 sed
884 1327 1206 1373 Ismaelitarum
1239 1337 1409 1387 gentem
1434 1343 1513 1373 suo
1546 1327 1707 1374 semine

331 1396 621 1460 propagavit?
641 1398 705 1441 De
723 1396 829 1442 Sara
852 1414 1040 1460 namque
1065 1399 1183 1443 venit
1210 1397 1347 1443 Israel
1367 1414 1446 1461 per
1463 1398 1582 1443 Isaac
1597 1434 1607 1454 ,
1629 1398 1707 1461 qui

330 1477 378 1512 ex
398 1466 683 1529 promissione
702 1476 829 1512 natus
850 1477 911 1512 est
928 1467 1137 1514 Abrahae.
1159 1468 1325 1513 Tamen
1345 1483 1446 1513 cum
1467 1467 1705 1514 secundum

332 1537 619 1600 propaginem
636 1538 776 1583 carnis
795 1554 835 1582 se
858 1537 919 1583 ita
937 1554 1002 1583 res
1025 1537 1186 1583 habeat
1206 1575 1217 1594 ‚
1238 1538 1410 1583 venitur
1436 1535 1489 1583 ad
1509 1537 1708 1583 intellec-

333 1616 428 1653 tum
448 1606 714 1670 spiritalem,
746 1617 788 1652 et
815 1607 1099 1652 inveniuntur
1124 1607 1179 1652 ad
1206 1607 1355 1653 Saram
1385 1623 1472 1652 non
1495 1607 1710 1670 pertinere

332 1677 525 1723 carnales
551 1677 780 1734 Israfflstae,
802 1679 879 1741 qui
901 1695 946 1723 ex
965 1678 1039 1724 illa
1060 1678 1200 1723 carnis
1223 1678 1435 1738 originem
1458 1677 1646 1734 ducunt,
1668 1687 1710 1723 et
1753 1691 1755 1715 ῑ

333 1747 549 1810 pertinere
582 1747 638 1793 ad
666 1765 760 1794 eam
793 1748 941 1812 potius
965 1748 1229 1804 Christiani,
1258 1750 1335 1811 qui
1359 1764 1447 1793 11011
1469 1747 1710 1794 secundum
1752 1766 1755 1809 ᾗ

332 1816 493 1862 Ismae'l
526 1817 605 1863 filii
638 1828 740 1863 sunt
776 1819 943 1873 carnis,
980 1818 1054 1864 sed
1086 1817 1325 1864 seeundum
1352 1819 1472 1863 Isaac
1503 1817 1582 1863 filii
1611 1825 1712 1863 sunt
1752 1815 1755 1861 ἕ

333 1887 655 1950 promissionis,
675 1905 762 1934 non
785 1889 840 1934 ad
867 1889 1004 1951 ipsius
1023 1890 1143 1934 Isaac
1164 1887 1336 1934 carnale
1365 1905 1533 1943 semen,
1561 1887 1635 1933 sed
1656 1887 1712 1933 ad

335 1956 530 2019 spiritale
558 1958 811 2021 mysterium
835 1959 1115 2021 pertinentes.
1154 1962 1219 2003 Ita
1251 1958 1419 2021 quippe
1452 1956 1508 2002 ad
1538 1955 1713 2002 Galatas
1753 1951 1756 1998 ἶ

338 2026 571 2089 Apostolus
586 2026 799 2090 loquitur,
818 2049 837 2068 «
856 2028 997 2073 Dicite
1016 2028 1143 2084 mihi,
1164 2028 1246 2072 sub
1267 2032 1378 2086 Lege
1397 2042 1482 2071 esse
1501 2025 1709 2082 volentes,
1753 2031 1755 2036 ⁴

338 2117 359 2139 ›>
385 2101 545 2157 Legem
562 2115 648 2143 11011
666 2093 872 2144 audistis?
895 2098 1118 2161 Scriptum
1133 2108 1193 2143 est
1215 2097 1329 2142 enim
1347 2096 1467 2159 quod
1487 2096 1714 2143 Abraham
1752 2120 1755 2146 3

338 2188 359 2209 »
383 2168 492 2214 duos
516 2168 629 2214 filios
646 2169 823 2225 habuit,
846 2185 981 2215 unum
1000 2169 1054 2214 de
1078 2168 1255 2221 ancilla,
1277 2178 1469 2213 etunum
1489 2167 1708 2213 delibera.

340 2259 361 2280 >2
380 2237 465 2284 Sed
481 2237 551 2284 ille
573 2233 750 2301 quidem
774 2238 918 2302 quide
943 2237 1116 2293 ancilla,
1143 2237 1381 2283 secundum
1399 2248 1573 2282 carnem
1589 2246 1715 2282 natus

340 2330 361 2351 »
382 2321 444 2354 est
467 2326 477 2353 :
502 2309 581 2372 qui
617 2319 759 2354 autem
788 2309 842 2355 de
865 2309 1003 2355 libera
1026 2345 1036 2364 ‚
1066 2325 1143 2371 per
1178 2307 1588 2371 repromissionem3
1615 2320 1715 2370 quae

342 2400 362 2420 »
387 2389 488 2424 sunt
526 2380 572 2424 in
608 2378 823 2439 allegoria.
857 2379 966 2424 Haec
1002 2379 1117 2423 enim
1156 2388 1256 2423 sunt
1288 2377 1376 2422 duo
1419 2377 1707 2422 Testamenta.
1753 2403 1755 2406 ·

339 2470 359 2491 η
379 2449 527 2495 Unum
550 2449 732 2512 quidem
757 2467 779 2494 a
809 2459 955 2495 monte
979 2448 1081 2494 Sina
1101 2485 1112 2504 ‚
1138 2450 1182 2494 in
1206 2448 1456 2494 servitutem
1481 2459 1684 2507 generans
1700 2482 1712 2503 ,
1753 2441 1755 2450 ¹

339 2539 361 2561 ι)
381 2519 502 2583 quod
519 2530 583 2565 est
610 2522 736 2580 Agar.
757 2520 861 2566 Sina
884 2519 998 2565 enim
1023 2535 1144 2564 mons
1164 2529 1227 2564 est
1250 2518 1294 2564 in
1321 2517 1498 2573 Arabia,
1521 2516 1717 2580 (11110011-
1754 2542 1756 2553 «

336 2594 554 2649 »junctus
585 2600 647 2635 est
684 2590 791 2635 huie
811 2626 821 2646 ,
849 2606 949 2652 quae
985 2605 1102 2635 nunc
1133 2598 1196 2633 est
1217 2587 1482 2645 Jerusalem,
1516 2597 1558 2632 et
1585 2585 1717 2633 servit
