1769 3235
492 288 705 320 EPls‘roLA
741 291 986 323 ccxxxvnr.
1334 278 1430 340 329

55 367 126 404 tua
154 355 401 418 conscripta
433 354 542 400 velle
574 354 772 400 retinere.
811 355 880 400 lbi
905 356 1012 418 quid
1039 357 1334 421 responderim
1357 374 1429 404 re-

51 425 222 474 cordari
248 443 335 470 non
361 425 495 479 libet,
530 435 658 487 atque
683 424 846 469 utinam
870 443 947 471 nec
971 437 1013 472 tu
1035 428 1291 475 memineris.
1326 428 1429 474 Ser-

50 496 145 544 vavi
188 507 329 541 tamen
360 495 552 541 debitam
591 495 968 541 honorificentiam
1010 498 1167 543 honori
1207 509 1279 544 tuo
1298 536 1309 555 ,
1348 515 1426 545 nec

49 565 328 614 maledictum
358 565 591 628 deputavi,
619 565 737 628 quod
759 582 846 610 non
875 584 896 610 a
923 567 1099 613 veritate
1116 605 1126 622 ‚
1148 568 1220 613 sed
1243 586 1264 613 a
1286 580 1426 631 potes-

50 648 136 683 tate
161 636 312 682 audire
339 636 601 682 meruissem.
628 637 792 681 'samen
813 636 916 699 quia
944 637 1012 681 vel
1034 637 1127 699 ipsa
1147 639 1279 684 verba
1300 656 1428 702 repe-

47 707 150 762 tivi,
173 717 220 751 ut
241 723 380 768 pressa
405 723 509 751 voce
530 706 717 751 dicerem
735 743 744 761 ,
770 708 918 751 lta-ne
937 705 1201 753 calumniam
1222 726 1428 771 paramus

48 793 122 823 nos
148 777 267 821 tibi?
296 787 340 821 ut
362 777 556 836 ignoscas
578 788 695 840 pete.

110 847 232 910 Vltl.
283 847 365 892 Sed
408 859 452 892 tu
494 848 563 893 his
603 848 760 893 auditis
779 885 788 903 ,
828 864 977 893 rursus
1014 848 1144 894 fidem
1175 859 1293 894 tuam
1320 867 1426 895 sono

47 917 228 964 clariore
274 919 483 981 repetiisti
512 956 522 975 ,
577 932 706 982 atque
751 919 796 964 in
834 919 978 964 verbis
1019 920 1101 965 tuis
1141 937 1228 965 non
1275 919 1426 966 audivi

46 1010 67 1031 «
96 989 232 1034 Deum
261 989 417 1034 Filium
435 1027 445 1045 ,
475 1011 494 1031 n
520 990 641 1053 quod
661 1007 912 1054 nunquam,
937 991 1106 1054 quoties
1129 1008 1223 1036 eam
1248 991 1421 1047 dixisti,

47 1071 256 1106 tacueras,
286 1061 370 1106 Hic
397 1078 474 1121 ego
507 1073 594 1106 tam
623 1061 841 1117 modeste,
875 1072 921 1107 ut
943 1079 1157 1125 nusquam
1178 1062 1424 1125 pulsarem,

47 1140 93 1175 ut
115 1129 168 1175 de
185 1131 449 1193 excipiendis
469 1132 612 1177 verbis
634 1132 806 1187 nostris,
831 1132 947 1195 quod
969 1132 1080 1177 inter
1107 1150 1182 1178 nos
1205 1132 1428 1196 placuerat

45 1201 320 1264 impleretur,
348 1203 478 1248 etiam
513 1203 651 1266 ipsam
679 1204 907 1249 utilitatem
942 1204 994 1250 de
1026 1206 1230 1268 praesenti
1255 1205 1427 1268 experi-

46 1282 192 1318 mento
232 1273 450 1332 suggessi,
482 1273 630 1319 dicens
662 1284 702 1318 te
735 1274 878 1337 ipsum
914 1292 1000 1319 non
1033 1275 1224 1337 potuisse
1247 1274 1291 1320 in
1331 1291 1426 1319 me-

47 1344 181 1388 moria
206 1345 338 1388 verba
362 1354 432 1388 tua
454 1344 533 1389 tibi
551 1344 828 1389 usitatissima
847 1345 1094 1400 retinerem,
1116 1344 1296 1408 quando
1317 1360 1425 1389 nun-

46 1431 176 1478 quam
210 1431 256 1459 ea
282 1427 473 1478 repetere
503 1415 683 1461 valuisse
711 1415 969 1461 videbamus
989 1454 999 1472 ,
1028 1434 1127 1462 cum
1151 1433 1235 1461 non
1259 1413 1428 1478 aliquid

49 1485 229 1530 maxime
246 1486 530 1531 necessarium
553 1503 725 1548 parares
745 1506 756 1539 ;
789 1497 952 1549 quanto
984 1486 1127 1531 minus
1152 1503 1275 1549 posse
1299 1486 1396 1530 illos
1414 1521 1425 1538 ‚

47 1556 121 1619 qui
154 1572 229 1600 nos
261 1556 487 1609 audirent,
523 1557 582 1601 ita
615 1567 863 1602 nostrorum
890 1557 1130 1602 meminisse
1153 1557 1423 1612 verborum,

49 1637 95 1671 ut
121 1626 152 1671 si
175 1626 281 1689 quid
306 1626 416 1671 forte
440 1627 505 1672 vel
540 1637 588 1672 tu
626 1627 679 1672 de
716 1627 845 1681 meis,
879 1627 947 1672 vel
965 1644 1043 1686 ego
1065 1626 1119 1672 de
1144 1627 1230 1672 tuis
1251 1625 1395 1670 verbis
1413 1661 1425 1680 ,

48 1696 197 1742 vellem
230 1708 462 1742 retractare
495 1708 624 1760 atque
659 1697 874 1742 discutere
902 1735 911 1751 ,
940 1697 1134 1742 valerent
1163 1713 1235 1742 seu
1260 1696 1429 1741 dietum

47 1784 117 1813 seu
145 1785 228 1812 non
257 1767 425 1813 dietum
464 1768 633 1831 liquido
672 1767 920 1821 reeordari3
961 1769 1003 1813 in
1036 1785 1122 1831 qua
1158 1767 1284 1812 nobis
1310 1765 1429 1811 diffi-

48 1837 207 1883 cultate
230 1837 356 1884 facite
383 1840 652 1884 notariorum
685 1839 883 1883 recitatio
907 1839 1171 1884 subveniret.
1204 1838 1332 1882 Tunc
1357 1837 1429 1881 in-

48 1908 276 1969 dignanter
294 1911 433 1956 dixisti
452 1948 462 1965 ,
486 1932 504 1950 α
524 1910 676 1955 Melius
690 1909 819 1956 fuisse
846 1920 894 1955 ut
917 1927 1054 1954 meam
1080 1909 1238 1954 famam
1259 1924 1429 1970 semper

49 1979 246 2035 audires,
284 1998 332 2026 eo
362 1981 484 2045 quod
518 1981 644 2040 longe
679 1980 926 2026 inferiorem
964 1997 1030 2026 me
1069 1989 1268 2043 expertus
1291 1994 1426 2033 esses,

46 2068 174 2116 quam
201 2051 280 2096 tibi
300 2052 372 2096 itta
394 2056 609 2112 jactasset.
639 2073 657 2093 n
683 2052 810 2097 Tunc
834 2068 911 2110 ego
932 2049 1296 2103 commemoravi,
1327 2064 1428 2094 cum

49 2133 87 2167 te
109 2134 205 2168 ante
226 2123 459 2186 prandium
482 2122 765 2168 salutaremus
784 2160 793 2175 ‚
822 2133 863 2167 et
883 2140 972 2167 eam
994 2122 1152 2166 famam
1174 2121 1300 2166 nobis
1319 2136 1430 2182 prae·

48 2192 253 2246 dicasses‚
272 2193 360 2239 hoe
385 2212 450 2239 me
471 2193 638 2248 dixisse,
660 2193 781 2256 quod
803 2193 856 2238 de
877 2211 942 2238 me
962 2192 1032 2237 itta
1056 2192 1232 2237 mentita
1252 2191 1318 2237 sit.
1346 2191 1429 2235 Hie

47 2280 146 2309 sane
165 2264 286 2319 aisti,
310 2286 329 2304 «
360 2265 517 2309 Verum
543 2281 610 2309 me
631 2264 798 2311 dixisse.
829 2286 849 2305 n
879 2263 1070 2309 Proinde
1098 2279 1198 2307 eum
1234 2260 1324 2307 duo
1349 2259 1430 2306 tibi

49 2333 101 2379 de
125 2351 192 2379 me
217 2334 384 2379 diversa
403 2334 538 2380 locuti
561 2335 646 2380 sint
667 2372 677 2389 ,
710 2335 827 2380 aliud
852 2334 964 2380 fama
987 2351 1077 2378 mea
1098 2371 1108 2387 ‚
1130 2344 1171 2378 et
1191 2332 1309 2377 aliud
1328 2348 1425 2391 ego,

49 2405 184 2464 magis
215 2405 364 2469 utique
389 2405 576 2466 gaudere
609 2406 747 2452 debeo
764 2442 774 2459 ,
801 2423 865 2452 me
884 2405 1032 2469 potius
1056 2421 1188 2468 quam
1212 2403 1330 2449 iliam
1357 2419 1428 2447 re-

49 2486 220 2539 pertum
262 2493 348 2522 esse
387 2494 598 2524 veracem.
628 2477 712 2523 Sed
749 2478 850 2541 quia
890 2477 1103 2540 seriptum
1132 2486 1223 2531 est,
1255 2496 1275 2515 «
1304 2473 1433 2519 Solus

51 2568 70 2588 »
94 2548 210 2593 Deus
229 2564 376 2604 verax,
403 2550 543 2595 omnis
562 2559 706 2597 autem
729 2549 861 2596 homo
889 2547 1098 2595 mendax1
1118 2568 1130 2602 3
1158 2569 1176 2588 υ
1198 2561 1348 2592 vereor
1377 2560 1431 2591 ne

98 2630 107 2652 ¹
131 2632 225 2664 Rom,
247 2641 294 2669 nr,
315 2638 345 2668 4.
