1769 3235
339 239 434 301 494
751 248 787 280 s,
829 247 1073 280 aueusnm
1106 248 1311 285 EPISCOPI

344 342 364 363 ›>
386 336 474 365 non
489 315 669 364 fecit1.»
686 315 771 361 Sed
790 315 919 361 etiam
938 314 1046 361 illud
1062 333 1149 362 non
1162 317 1304 363 minus
1322 333 1470 363 verum
1490 329 1568 375 est,
1587 319 1710 366 «Vita

344 412 365 432 »
387 400 429 435 et
447 405 562 434 mors
580 405 603 433 a
626 387 816 433 Domino
837 390 931 432 Deo
948 390 1035 432 est²
1062 405 1072 432 ι
1091 409 1110 430 »
1137 388 1223 434 vita
1253 388 1414 434 scilicet
1437 406 1458 435 a
1483 388 1671 436 donante
1692 426 1702 446 ,

343 478 459 507 mors
486 478 509 506 a
527 459 789 507 vindicante.

410 534 492 578 ΙΙΙ.
524 533 632 577 Item
658 531 777 594 quod
802 530 909 586 dixi,
932 532 1151 576 Donatum
1179 535 1305 591 cujus
1329 531 1556 595 epistolam
1581 531 1710 578 refel-

343 604 696 663 leban1‚rogasse
721 613 768 648 ut
793 603 1164 666 Imperatorinter
1180 602 1324 664 ipsum
1349 613 1390 647 et
1408 602 1713 658 Caecilianum,

345 674 656 720 transmarinos
687 673 914 736 episcopos
934 672 1102 731 judices
1121 671 1244 717 daret
1268 692 1279 725 ;
1318 690 1406 718 non
1437 674 1580 736 ipsum
1600 711 1610 729 ‚
1645 673 1715 719 sed

347 747 478 792 alium
501 747 719 790 Donatum
741 783 751 800 ‚
775 744 962 804 ejusdem
988 755 1129 788 tamen
1164 744 1432 798 schismatis,
1455 745 1541 790 hoc
1574 744 1720 790 fecisse
1767 771 1769 786 ⁴

346 817 621 882 probabilius
646 817 877 861 invenitur.
918 814 994 860 Ille
1019 824 1162 859 autem
1185 831 1270 859 non
1289 825 1379 859 erat
1398 815 1721 874 Carthaginen-

348 889 401 935 sis
420 890 747 933 Donatistarum
771 887 1003 949 episcopus
1024 923 1034 937 ,
1065 885 1137 930 sed
1176 903 1197 931 a
1227 885 1345 930 Casis
1369 885 1500 945 nigris
1516 923 1525 941 ‚
1553 886 1627 948 qui
1653 897 1722 931 ta-

350 977 446 1006 men
472 959 640 1022 primus
664 957 780 1021 apud
800 958 1110 1017 Carthaginem
1138 959 1281 1019 ipsum
1306 956 1515 1002 nefarium
1536 957 1722 1002 schisma

348 1029 579 1076 commisit.
606 1030 695 1073 Nec
717 1045 815 1073 sane
832 1029 1031 1073 Donatus
1049 1027 1398 1087 Carthaginensis
1416 1037 1465 1072 ut
1486 1026 1724 1073 Christiani

349 1099 726 1163 rebaptizarentur
756 1098 970 1154 instituit,
996 1097 1116 1162 quod
1143 1114 1220 1158 ego
1246 1115 1342 1143 eum
1371 1097 1603 1143 instituisse
1625 1113 1724 1142 cre-

348 1169 573 1222 dideram,
606 1168 783 1233 quando
815 1173 906 1230 ejus
942 1169 1150 1232 Epistolae
1189 1169 1521 1231 respondebam.
1555 1169 1644 1214 Nec
1673 1168 1727 1214 de

348 1240 463 1286 libro
489 1239 778 1285 Ecclesiastici
802 1239 895 1303 ipse
917 1240 1098 1286 abstulit
1121 1239 1174 1285 de
1197 1239 1339 1285 media
1364 1239 1571 1286 sententia
1593 1239 1724 1285 verba

350 1311 406 1357 ad
430 1328 519 1356 rem
539 1310 775 1357 necessaria
795 1347 805 1366 ‚
833 1311 912 1357 ubi
935 1300 1035 1356 cum
1060 1312 1273 1373 scriptum
1303 1311 1377 1366 sit,
1415 1331 1435 1351 α
1457 1311 1546 1367 Qui
1574 1310 1727 1373 bapti-

351 1403 372 1425 »
395 1393 519 1427 zatur
538 1399 562 1427 a
585 1391 777 1436 mortuo,
805 1391 846 1426 et
872 1381 1030 1427 iterum
1060 1381 1197 1441 tangit
1222 1380 1346 1426 illum
1367 1417 1378 1437 ‚
1412 1380 1521 1445 quid
1551 1380 1729 1445 proficit

353 1473 374 1496 2>
397 1452 558 1498 lavatio
577 1454 668 1510 ejus
688 1451 704 1480 3
726 1455 744 1497 ἶ)
768 1473 786 1494 n
811 1452 888 1498 iste
906 1452 965 1498 sic
991 1453 1139 1516 posuit
1163 1463 1371 1515 tanquam
1398 1452 1609 1515 scriptum
1631 1462 1692 1498 est
1713 1489 1724 1508 ‚

353 1523 481 1580 «Qui
508 1523 761 1585 baptizatur
785 1541 807 1568 a
832 1534 1005 1569 mortuo
1026 1560 1035 1580 ,
1061 1523 1169 1587 quid
1191 1523 1368 1586 proficit
1385 1523 1545 1568 lavatio
1568 1527 1659 1583 ejus
1677 1525 1728 1568 Ρ»

353 1594 443 1639 Nos
463 1603 604 1638 autem
626 1603 666 1638 et
692 1604 788 1638 ante
809 1610 941 1657 quam
968 1605 1072 1639 esset
1097 1611 1196 1659 pars
1225 1593 1406 1649 Donati,
1436 1594 1496 1639 sic
1525 1593 1730 1639 habuisse

352 1663 523 1710 codices
560 1663 802 1727 plurimos,
839 1674 1136 1709 verumtamen
1171 1663 1297 1710 Afros
1316 1701 1326 1717 ‚
1354 1674 1402 1708 ut
1432 1681 1520 1709 non
1553 1673 1660 1709 esset
1685 1662 1731 1709 in

353 1734 519 1789 medio,
544 1745 586 1778 el
611 1738 778 1780 ilerum
804 1739 953 1797 tangil
973 1735 1125 1789 illum,
1150 1745 1298 1798 postea
1320 1733 1571 1780 didicimus.
1599 1733 1732 1791 Quod

353 1806 388 1851 si
412 1815 519 1850 tunc
541 1804 711 1850 scissem
735 1842 745 1860 ‚
779 1822 869 1850 non
891 1805 935 1850 in
960 1806 1090 1851 istum
1121 1815 1329 1868 tanquam
1358 1804 1401 1850 in
1426 1804 1567 1850 furem
1595 1803 1731 1850 divini

354 1876 546 1940 eloquii,
576 1876 643 1922 vel
668 1875 922 1922 violatorem
939 1915 948 1925 .
986 1887 1103 1922 tanta
1132 1876 1327 1922 dixissem
1349 1913 1360 1933 ‚
1394 1877 1478 1922 Hic
1504 1874 1645 1921 liberl‘
1671 1875 1732 1921 sic

354 1947 513 2010 incipit
534 1984 546 2003 ‚
575 1950 621 1992 A
627 1946 675 1992 bs
699 1959 742 1992 [e
766 1951 853 1993 isto
871 1960 1130 2012 pra’sentes
1152 1949 1414 1994 audieram.

406 2056 415 2078 ¹
437 2058 510 2100 Sap.
534 2067 566 2088 xx
583 2081 592 2098 ‚
624 2058 675 2089 13.
698 2074 741 2079 —-
761 2073 807 2083 —-
831 2055 846 2078 2
871 2056 968 2090 Eccii.
991 2067 1024 2088 xx
1041 2083 1049 2098 ‚
1082 2063 1132 2094 14.
1151 2075 1189 2080 —
1213 2054 1227 2079 3
1243 2057 1343 2091 Eccli.
1363 2068 1474 2096 xxxiv,
1495 2059 1548 2089 30,
1566 2075 1611 2081 —
1628 2054 1643 2078 ⁴
1659 2041 1734 2090 Non

355 2117 452 2145 extat.
