<?xml version="1.0" encoding="UTF-8"?>
<!DOCTYPE html PUBLIC "-//W3C//DTD XHTML 1.0 Transitional//EN"
    "http://www.w3.org/TR/xhtml1/DTD/xhtml1-transitional.dtd">
<html xmlns="http://www.w3.org/1999/xhtml" xml:lang="en" lang="en">
 <head>
  <title>
</title>
<meta http-equiv="Content-Type" content="text/html;charset=utf-8" />
  <meta name='ocr-system' content='tesseract 3.04.00' />
  <meta name='ocr-capabilities' content='ocr_page ocr_carea ocr_par ocr_line ocrx_word'/>
</head>
<body>
  <div class='ocr_page' id='page_1' title='image "./operaomniaaccura41auguuoft/operaomniaaccura41auguuoft_0250.png"; bbox 0 0 1769 3235; ppageno 0'>
   <div class='ocr_carea' id='block_1_1' title="bbox 319 305 1295 350">
    <p class='ocr_par' dir='ltr' id='par_1_1' title="bbox 319 305 1295 350">
     <span class='ocr_line' id='line_1_1' title="bbox 319 305 1295 350; baseline -0.003 -1"><span class='ocrx_word' id='word_1_1' title='bbox 319 305 411 350; x_wconf 78' lang='lat'>236</span> <span class='ocrx_word' id='word_1_2' title='bbox 548 309 551 312; x_wconf 84' lang='lat'>&#39;</span> <span class='ocrx_word' id='word_1_3' title='bbox 736 317 770 347; x_wconf 88' lang='lat' dir='ltr'>s.</span> <span class='ocrx_word' id='word_1_4' title='bbox 815 317 1057 348; x_wconf 76' lang='lat' dir='ltr'>Auensrlm</span> <span class='ocrx_word' id='word_1_5' title='bbox 1091 316 1295 347; x_wconf 82' lang='lat' dir='ltr'>EPISCOPI</span> 
     </span>
    </p>
   </div>
   <div class='ocr_carea' id='block_1_2' title="bbox 315 382 1694 930">
    <p class='ocr_par' dir='ltr' id='par_1_2' title="bbox 315 382 1694 930">
     <span class='ocr_line' id='line_1_2' title="bbox 319 382 1691 447; baseline -0.001 -17"><span class='ocrx_word' id='word_1_6' title='bbox 319 395 447 447; x_wconf 82' lang='lat' dir='ltr'>atque</span> <span class='ocrx_word' id='word_1_7' title='bbox 464 383 676 430; x_wconf 89' lang='lat' dir='ltr'>consentis</span> <span class='ocrx_word' id='word_1_8' title='bbox 695 383 851 428; x_wconf 88' lang='lat' dir='ltr'>debere</span> <span class='ocrx_word' id='word_1_9' title='bbox 872 400 949 428; x_wconf 88' lang='lat' dir='ltr'>nos</span> <span class='ocrx_word' id='word_1_10' title='bbox 973 383 1102 428; x_wconf 87' lang='lat' dir='ltr'>etiam</span> <span class='ocrx_word' id='word_1_11' title='bbox 1137 399 1258 441; x_wconf 81' lang='lat' dir='ltr'>agere</span> <span class='ocrx_word' id='word_1_12' title='bbox 1290 383 1444 441; x_wconf 78' lang='lat' dir='ltr'>gratias</span> <span class='ocrx_word' id='word_1_13' title='bbox 1475 400 1523 428; x_wconf 83' lang='lat' dir='ltr'>ac</span> <span class='ocrx_word' id='word_1_14' title='bbox 1558 382 1691 429; x_wconf 81' lang='lat' dir='ltr'>solere</span> 
     </span>
     <span class='ocr_line' id='line_1_3' title="bbox 316 453 1692 517; baseline -0.001 -17"><span class='ocrx_word' id='word_1_15' title='bbox 316 472 398 517; x_wconf 89' lang='lat' dir='ltr'>pro</span> <span class='ocrx_word' id='word_1_16' title='bbox 416 455 596 509; x_wconf 84' lang='lat' dir='ltr'>talibus,</span> <span class='ocrx_word' id='word_1_17' title='bbox 634 470 734 499; x_wconf 88' lang='lat' dir='ltr'>eum</span> <span class='ocrx_word' id='word_1_18' title='bbox 761 453 814 498; x_wconf 86' lang='lat' dir='ltr'>ad</span> <span class='ocrx_word' id='word_1_19' title='bbox 846 453 977 499; x_wconf 86' lang='lat' dir='ltr'>fidem</span> <span class='ocrx_word' id='word_1_20' title='bbox 1006 457 1098 513; x_wconf 82' lang='lat' dir='ltr'>ejus</span> <span class='ocrx_word' id='word_1_21' title='bbox 1132 453 1466 516; x_wconf 79' lang='lat' dir='ltr'>doctrinamque</span> <span class='ocrx_word' id='word_1_22' title='bbox 1495 453 1692 499; x_wconf 86' lang='lat' dir='ltr'>conversi</span> 
     </span>
     <span class='ocr_line' id='line_1_4' title="bbox 317 522 1694 585; baseline -0.002 -15"><span class='ocrx_word' id='word_1_23' title='bbox 317 524 508 570; x_wconf 81' lang='lat' dir='ltr'>volentes</span> <span class='ocrx_word' id='word_1_24' title='bbox 535 542 581 569; x_wconf 88' lang='lat' dir='ltr'>ex</span> <span class='ocrx_word' id='word_1_25' title='bbox 606 524 857 569; x_wconf 80' lang='lat' dir='ltr'>nolentibus</span> <span class='ocrx_word' id='word_1_26' title='bbox 877 524 1006 579; x_wconf 80' lang='lat' dir='ltr'>fiunt,</span> <span class='ocrx_word' id='word_1_27' title='bbox 1030 533 1203 585; x_wconf 84' lang='lat' dir='ltr'>oportet</span> <span class='ocrx_word' id='word_1_28' title='bbox 1227 523 1315 567; x_wconf 82' lang='lat' dir='ltr'>sine</span> <span class='ocrx_word' id='word_1_29' title='bbox 1337 522 1609 567; x_wconf 71' lang='lat' dir='ltr'>dubitatione</span> <span class='ocrx_word' id='word_1_30' title='bbox 1625 522 1694 568; x_wconf 89' lang='lat' dir='ltr'>fa-</span> 
     </span>
     <span class='ocr_line' id='line_1_5' title="bbox 320 592 1692 654; baseline -0.001 -15"><span class='ocrx_word' id='word_1_31' title='bbox 320 596 445 640; x_wconf 82' lang='lat' dir='ltr'>tearis</span> <span class='ocrx_word' id='word_1_32' title='bbox 478 594 724 640; x_wconf 82' lang='lat' dir='ltr'>voluntates</span> <span class='ocrx_word' id='word_1_33' title='bbox 759 593 990 638; x_wconf 87' lang='lat' dir='ltr'>hominum</span> <span class='ocrx_word' id='word_1_34' title='bbox 1020 593 1096 637; x_wconf 86' lang='lat' dir='ltr'>Dei</span> <span class='ocrx_word' id='word_1_35' title='bbox 1138 592 1274 651; x_wconf 77' lang='lat' dir='ltr'>gratia</span> <span class='ocrx_word' id='word_1_36' title='bbox 1293 593 1544 654; x_wconf 66' lang='lat' dir='ltr'>praeveniri,</span> <span class='ocrx_word' id='word_1_37' title='bbox 1579 603 1620 638; x_wconf 86' lang='lat' dir='ltr'>et</span> <span class='ocrx_word' id='word_1_38' title='bbox 1644 603 1692 638; x_wconf 88' lang='lat' dir='ltr'>ut</span> 
     </span>
     <span class='ocr_line' id='line_1_6' title="bbox 316 662 1687 727; baseline -0.001 -17"><span class='ocrx_word' id='word_1_39' title='bbox 316 665 484 710; x_wconf 86' lang='lat' dir='ltr'>bonum</span> <span class='ocrx_word' id='word_1_40' title='bbox 510 664 644 710; x_wconf 89' lang='lat' dir='ltr'>velint</span> <span class='ocrx_word' id='word_1_41' title='bbox 669 664 884 718; x_wconf 87' lang='lat' dir='ltr'>homines,</span> <span class='ocrx_word' id='word_1_42' title='bbox 928 663 1047 727; x_wconf 84' lang='lat' dir='ltr'>quod</span> <span class='ocrx_word' id='word_1_43' title='bbox 1077 663 1300 717; x_wconf 80' lang='lat' dir='ltr'>nolebant,</span> <span class='ocrx_word' id='word_1_44' title='bbox 1351 666 1491 708; x_wconf 83' lang='lat' dir='ltr'>Deum</span> <span class='ocrx_word' id='word_1_45' title='bbox 1532 662 1687 718; x_wconf 75' lang='lat' dir='ltr'>faeere,</span> 
     </span>
     <span class='ocr_line' id='line_1_7' title="bbox 315 733 1692 798; baseline -0.001 -18"><span class='ocrx_word' id='word_1_46' title='bbox 315 735 393 798; x_wconf 84' lang='lat' dir='ltr'>qui</span> <span class='ocrx_word' id='word_1_47' title='bbox 415 744 594 794; x_wconf 79' lang='lat' dir='ltr'>rogatur</span> <span class='ocrx_word' id='word_1_48' title='bbox 614 745 662 780; x_wconf 91' lang='lat' dir='ltr'>ut</span> <span class='ocrx_word' id='word_1_49' title='bbox 684 734 831 789; x_wconf 74' lang='lat' dir='ltr'>faciat,</span> <span class='ocrx_word' id='word_1_50' title='bbox 859 744 900 779; x_wconf 86' lang='lat' dir='ltr'>et</span> <span class='ocrx_word' id='word_1_51' title='bbox 938 735 1008 779; x_wconf 89' lang='lat' dir='ltr'>eui</span> <span class='ocrx_word' id='word_1_52' title='bbox 1042 750 1122 777; x_wconf 89' lang='lat' dir='ltr'>nos</span> <span class='ocrx_word' id='word_1_53' title='bbox 1152 733 1355 778; x_wconf 82' lang='lat' dir='ltr'>novimus</span> <span class='ocrx_word' id='word_1_54' title='bbox 1389 750 1510 793; x_wconf 81' lang='lat' dir='ltr'>agere</span> <span class='ocrx_word' id='word_1_55' title='bbox 1534 733 1692 792; x_wconf 84' lang='lat' dir='ltr'>gratias</span> 
     </span>
     <span class='ocr_line' id='line_1_8' title="bbox 316 803 1691 864; baseline -0.001 -14"><span class='ocrx_word' id='word_1_56' title='bbox 316 804 499 864; x_wconf 88' lang='lat' dir='ltr'>dignum</span> <span class='ocrx_word' id='word_1_57' title='bbox 511 815 552 850; x_wconf 87' lang='lat' dir='ltr'>et</span> <span class='ocrx_word' id='word_1_58' title='bbox 570 808 736 864; x_wconf 82' lang='lat' dir='ltr'>justum</span> <span class='ocrx_word' id='word_1_59' title='bbox 760 822 845 850; x_wconf 81' lang='lat' dir='ltr'>esse</span> <span class='ocrx_word' id='word_1_60' title='bbox 863 821 960 849; x_wconf 84' lang='lat' dir='ltr'>curn</span> <span class='ocrx_word' id='word_1_61' title='bbox 987 803 1146 849; x_wconf 85' lang='lat' dir='ltr'>fecerit.</span> <span class='ocrx_word' id='word_1_62' title='bbox 1190 804 1401 849; x_wconf 87' lang='lat' dir='ltr'>Dominus</span> <span class='ocrx_word' id='word_1_63' title='bbox 1418 804 1499 850; x_wconf 87' lang='lat' dir='ltr'>tibi</span> <span class='ocrx_word' id='word_1_64' title='bbox 1532 804 1605 849; x_wconf 88' lang='lat' dir='ltr'>det</span> <span class='ocrx_word' id='word_1_65' title='bbox 1619 803 1691 848; x_wconf 88' lang='lat' dir='ltr'>in-</span> 
     </span>
     <span class='ocr_line' id='line_1_9' title="bbox 315 873 1222 930; baseline -0.001 -10"><span class='ocrx_word' id='word_1_66' title='bbox 315 874 536 920; x_wconf 81' lang='lat' dir='ltr'>tellectum</span> <span class='ocrx_word' id='word_1_67' title='bbox 563 875 607 920; x_wconf 92' lang='lat' dir='ltr'>in</span> <span class='ocrx_word' id='word_1_68' title='bbox 632 875 856 930; x_wconf 83' lang='lat' dir='ltr'>omnibns,</span> <span class='ocrx_word' id='word_1_69' title='bbox 882 874 1057 920; x_wconf 85' lang='lat' dir='ltr'>domine</span> <span class='ocrx_word' id='word_1_70' title='bbox 1077 873 1222 920; x_wconf 86' lang='lat' dir='ltr'>frater.</span> 
     </span>
    </p>
   </div>
   <div class='ocr_carea' id='block_1_3' title="bbox 313 1051 1684 1064">
    <p class='ocr_par' dir='ltr' id='par_1_3' title="bbox 313 1051 1684 1064">
     <span class='ocr_line' id='line_1_10' title="bbox 313 1051 1684 1064; baseline 0.001 -3"><span class='ocrx_word' id='word_1_71' title='bbox 313 1051 372 1061; x_wconf 63' lang='lat' dir='ltr'>w-</span> <span class='ocrx_word' id='word_1_72' title='bbox 379 1051 621 1062; x_wconf 52' lang='lat' dir='ltr'>nxzxmmsu</span> <span class='ocrx_word' id='word_1_73' title='bbox 627 1053 683 1062; x_wconf 54' lang='grc' dir='ltr'>,ια</span> <span class='ocrx_word' id='word_1_74' title='bbox 690 1053 748 1063; x_wconf 47' lang='lat' dir='ltr'>”a</span> <span class='ocrx_word' id='word_1_75' title='bbox 754 1053 810 1063; x_wconf 52' lang='lat' dir='ltr'>§aa</span> <span class='ocrx_word' id='word_1_76' title='bbox 817 1053 1000 1064; x_wconf 47' lang='lat' dir='ltr'>mmmm-sun</span> <span class='ocrx_word' id='word_1_77' title='bbox 1008 1053 1063 1062; x_wconf 54' lang='lat' dir='ltr'>xxx</span> <span class='ocrx_word' id='word_1_78' title='bbox 1070 1052 1313 1063; x_wconf 47' lang='lat' dir='ltr'>swmsnwzsn</span> <span class='ocrx_word' id='word_1_79' title='bbox 1321 1053 1436 1063; x_wconf 50' lang='grc' dir='ltr'>ινιιπ</span> <span class='ocrx_word' id='word_1_80' title='bbox 1442 1053 1618 1063; x_wconf 47' lang='lat' dir='ltr'>«summan-n</span> <span class='ocrx_word' id='word_1_81' title='bbox 1626 1053 1684 1063; x_wconf 65' lang='lat' dir='ltr'>m</span> 
     </span>
    </p>
   </div>
   <div class='ocr_carea' id='block_1_4' title="bbox 713 1176 1269 1219">
    <p class='ocr_par' dir='ltr' id='par_1_4' title="bbox 713 1176 1269 1219">
     <span class='ocr_line' id='line_1_11' title="bbox 713 1176 1269 1219; baseline 0.002 -2"><span class='ocrx_word' id='word_1_82' title='bbox 713 1176 976 1219; x_wconf 90' lang='lat' dir='ltr'><strong>EPISTOLA</strong></span> <span class='ocrx_word' id='word_1_83' title='bbox 1012 1176 1221 1219; x_wconf 75' lang='lat' dir='ltr'>CCXVIII</span> <span class='ocrx_word' id='word_1_84' title='bbox 1241 1177 1269 1218; x_wconf 90' lang='lat'>¹.</span> 
     </span>
    </p>
   </div>
   <div class='ocr_carea' id='block_1_5' title="bbox 394 1294 1613 1394">
    <p class='ocr_par' dir='ltr' id='par_1_5' title="bbox 394 1294 1613 1394">
     <span class='ocr_line' id='line_1_12' title="bbox 394 1294 1613 1333; baseline 0.001 -1"><span class='ocrx_word' id='word_1_85' title='bbox 394 1295 566 1332; x_wconf 84' lang='lat' dir='ltr'>Domino</span> <span class='ocrx_word' id='word_1_86' title='bbox 593 1294 844 1333; x_wconf 84' lang='lat' dir='ltr'>dilectissimo</span> <span class='ocrx_word' id='word_1_87' title='bbox 873 1304 910 1333; x_wconf 86' lang='lat' dir='ltr'>et</span> <span class='ocrx_word' id='word_1_88' title='bbox 937 1294 1295 1332; x_wconf 80' lang='lat' dir='ltr'>desiderantissimo</span> <span class='ocrx_word' id='word_1_89' title='bbox 1317 1294 1398 1332; x_wconf 78' lang='lat' dir='ltr'>filio</span> <span class='ocrx_word' id='word_1_90' title='bbox 1420 1295 1613 1333; x_wconf 48' lang='lat' dir='ltr'>Pauus-0</span> 
     </span>
     <span class='ocr_line' id='line_1_13' title="bbox 873 1356 1130 1394; baseline -0.004 -1"><span class='ocrx_word' id='word_1_91' title='bbox 873 1356 1130 1394; x_wconf 57' lang='lat' dir='ltr'>Anocszmns.</span> 
     </span>
    </p>
   </div>
   <div class='ocr_carea' id='block_1_6' title="bbox 313 1488 1755 1547">
    <p class='ocr_par' dir='ltr' id='par_1_6' title="bbox 313 1488 1755 1547">
     <span class='ocr_line' id='line_1_14' title="bbox 313 1488 1755 1547; baseline -0.001 -16"><span class='ocrx_word' id='word_1_92' title='bbox 313 1489 572 1531; x_wconf 77' lang='lat' dir='ltr'>Palatinum</span> <span class='ocrx_word' id='word_1_93' title='bbox 595 1488 859 1530; x_wconf 70' lang='lat' dir='ltr'>adhortatur</span> <span class='ocrx_word' id='word_1_94' title='bbox 885 1498 932 1529; x_wconf 73' lang='lat' dir='ltr'>ut</span> <span class='ocrx_word' id='word_1_95' title='bbox 954 1490 1002 1528; x_wconf 78' lang='lat' dir='ltr'>in</span> <span class='ocrx_word' id='word_1_96' title='bbox 1029 1488 1290 1529; x_wconf 68' lang='lat' dir='ltr'>Christiana</span> <span class='ocrx_word' id='word_1_97' title='bbox 1311 1489 1531 1546; x_wconf 70' lang='lat' dir='ltr'>sapientia</span> <span class='ocrx_word' id='word_1_98' title='bbox 1550 1488 1691 1547; x_wconf 73' lang='lat' dir='ltr'>prosi-</span> <span class='ocrx_word' id='word_1_99' title='bbox 1752 1488 1755 1497; x_wconf 88' lang='lat'>&#39;</span> 
     </span>
    </p>
   </div>
   <div class='ocr_carea' id='block_1_7' title="bbox 371 1556 1692 1680">
    <p class='ocr_par' dir='ltr' id='par_1_7' title="bbox 371 1556 1692 1680">
     <span class='ocr_line' id='line_1_15' title="bbox 371 1556 1692 1612; baseline 0.001 -16"><span class='ocrx_word' id='word_1_100' title='bbox 371 1557 461 1596; x_wconf 77' lang='lat' dir='ltr'>ciac</span> <span class='ocrx_word' id='word_1_101' title='bbox 481 1572 535 1596; x_wconf 82' lang='lat' dir='ltr'>ac</span> <span class='ocrx_word' id='word_1_102' title='bbox 551 1569 793 1612; x_wconf 75' lang='lat' dir='ltr'>perseveret</span> <span class='ocrx_word' id='word_1_103' title='bbox 809 1589 819 1604; x_wconf 90' lang='lat'><strong><em>,</em></strong></span> <span class='ocrx_word' id='word_1_104' title='bbox 846 1557 895 1597; x_wconf 77' lang='lat' dir='ltr'>id</span> <span class='ocrx_word' id='word_1_105' title='bbox 912 1572 1182 1611; x_wconf 73' lang='lat' dir='ltr'>swnmopere</span> <span class='ocrx_word' id='word_1_106' title='bbox 1207 1571 1365 1598; x_wconf 76' lang='lat' dir='ltr'>cavens</span> <span class='ocrx_word' id='word_1_107' title='bbox 1383 1572 1436 1598; x_wconf 79' lang='lat' dir='ltr'>ne</span> <span class='ocrx_word' id='word_1_108' title='bbox 1451 1571 1566 1612; x_wconf 75' lang='lat' dir='ltr'>spem</span> <span class='ocrx_word' id='word_1_109' title='bbox 1591 1556 1692 1598; x_wconf 78' lang='lat' dir='ltr'>bene</span> 
     </span>
     <span class='ocr_line' id='line_1_16' title="bbox 373 1624 1236 1680; baseline 0 -14"><span class='ocrx_word' id='word_1_110' title='bbox 373 1626 557 1666; x_wconf 74' lang='lat' dir='ltr'>vivendi</span> <span class='ocrx_word' id='word_1_111' title='bbox 574 1624 746 1666; x_wconf 70' lang='lat' dir='ltr'>collocet</span> <span class='ocrx_word' id='word_1_112' title='bbox 770 1625 817 1664; x_wconf 81' lang='lat' dir='ltr'>in</span> <span class='ocrx_word' id='word_1_113' title='bbox 837 1625 1033 1680; x_wconf 75' lang='lat' dir='ltr'>propriis</span> <span class='ocrx_word' id='word_1_114' title='bbox 1049 1625 1236 1666; x_wconf 72' lang='lat' dir='ltr'>viribus.</span> 
     </span>
    </p>
   </div>
   <div class='ocr_carea' id='block_1_8' title="bbox 312 1760 1690 1893">
    <p class='ocr_par' dir='ltr' id='par_1_8' title="bbox 312 1760 1690 1893">
     <span class='ocr_line' id='line_1_17' title="bbox 377 1760 1690 1824; baseline -0.001 -17"><span class='ocrx_word' id='word_1_115' title='bbox 377 1763 411 1807; x_wconf 85' lang='lat' dir='ltr'>I.</span> <span class='ocrx_word' id='word_1_116' title='bbox 439 1761 759 1807; x_wconf 77' lang='lat' dir='ltr'>CONVERSATIO</span> <span class='ocrx_word' id='word_1_117' title='bbox 799 1772 872 1808; x_wconf 87' lang='lat' dir='ltr'>tua</span> <span class='ocrx_word' id='word_1_118' title='bbox 905 1761 1060 1807; x_wconf 87' lang='lat' dir='ltr'>fortior</span> <span class='ocrx_word' id='word_1_119' title='bbox 1084 1772 1214 1824; x_wconf 83' lang='lat' dir='ltr'>atque</span> <span class='ocrx_word' id='word_1_120' title='bbox 1233 1761 1503 1807; x_wconf 78' lang='lat' dir='ltr'>fructuosior</span> <span class='ocrx_word' id='word_1_121' title='bbox 1526 1760 1580 1807; x_wconf 87' lang='lat' dir='ltr'>ad</span> <span class='ocrx_word' id='word_1_122' title='bbox 1596 1762 1690 1806; x_wconf 91' lang='lat' dir='ltr'>Do-</span> 
     </span>
     <span class='ocr_line' id='line_1_18' title="bbox 312 1832 1685 1893; baseline -0.001 -15"><span class='ocrx_word' id='word_1_123' title='bbox 312 1833 481 1878; x_wconf 89' lang='lat' dir='ltr'>minum</span> <span class='ocrx_word' id='word_1_124' title='bbox 501 1835 642 1878; x_wconf 89' lang='lat' dir='ltr'>Deum</span> <span class='ocrx_word' id='word_1_125' title='bbox 673 1842 871 1878; x_wconf 88' lang='lat' dir='ltr'>nostrum</span> <span class='ocrx_word' id='word_1_126' title='bbox 894 1850 1101 1893; x_wconf 85' lang='lat' dir='ltr'>magnum</span> <span class='ocrx_word' id='word_1_127' title='bbox 1139 1833 1266 1878; x_wconf 88' lang='lat' dir='ltr'>nobis</span> <span class='ocrx_word' id='word_1_128' title='bbox 1297 1832 1443 1877; x_wconf 81' lang='lat' dir='ltr'>attulit</span> <span class='ocrx_word' id='word_1_129' title='bbox 1462 1832 1685 1892; x_wconf 82' lang='lat' dir='ltr'>gaudium.</span> 
     </span>
    </p>
   </div>
   <div class='ocr_carea' id='block_1_9' title="bbox 310 1900 1753 2108">
    <p class='ocr_par' dir='ltr' id='par_1_9' title="bbox 310 1900 1753 2108">
     <span class='ocr_line' id='line_1_19' title="bbox 314 1900 1753 1964; baseline -0.001 -17"><span class='ocrx_word' id='word_1_130' title='bbox 314 1903 488 1963; x_wconf 79' lang='lat' dir='ltr'>Elegisti</span> <span class='ocrx_word' id='word_1_131' title='bbox 506 1903 620 1948; x_wconf 89' lang='lat' dir='ltr'>enim</span> <span class='ocrx_word' id='word_1_132' title='bbox 639 1921 661 1948; x_wconf 84' lang='lat' dir='ltr'>a</span> <span class='ocrx_word' id='word_1_133' title='bbox 678 1907 911 1963; x_wconf 83' lang='lat' dir='ltr'>juventute</span> <span class='ocrx_word' id='word_1_134' title='bbox 926 1903 1190 1957; x_wconf 81' lang='lat' dir='ltr'>doctrinam,</span> <span class='ocrx_word' id='word_1_135' title='bbox 1219 1913 1266 1948; x_wconf 90' lang='lat' dir='ltr'>ut</span> <span class='ocrx_word' id='word_1_136' title='bbox 1279 1902 1471 1947; x_wconf 83' lang='lat' dir='ltr'>invenias</span> <span class='ocrx_word' id='word_1_137' title='bbox 1490 1918 1623 1964; x_wconf 90' lang='lat' dir='ltr'>usque</span> <span class='ocrx_word' id='word_1_138' title='bbox 1636 1900 1691 1946; x_wconf 85' lang='lat' dir='ltr'>ad</span> <span class='ocrx_word' id='word_1_139' title='bbox 1750 1911 1753 1917; x_wconf 77' lang='lat'><em>&#39;</em></span> 
     </span>
     <span class='ocr_line' id='line_1_20' title="bbox 312 1972 1752 2037; baseline -0.002 -18"><span class='ocrx_word' id='word_1_140' title='bbox 312 1991 442 2019; x_wconf 82' lang='lat' dir='ltr'>canos</span> <span class='ocrx_word' id='word_1_141' title='bbox 467 1974 773 2037; x_wconf 78' lang='lat' dir='ltr'>sapientian1².</span> <span class='ocrx_word' id='word_1_142' title='bbox 816 1975 925 2019; x_wconf 84' lang='lat' dir='ltr'>Cani</span> <span class='ocrx_word' id='word_1_143' title='bbox 964 1984 1064 2018; x_wconf 83' lang='lat' dir='ltr'>sunt</span> <span class='ocrx_word' id='word_1_144' title='bbox 1105 1990 1204 2032; x_wconf 83' lang='lat' dir='ltr'>ergo</span> <span class='ocrx_word' id='word_1_145' title='bbox 1231 1989 1375 2019; x_wconf 83' lang='lat' dir='ltr'>sensus</span> <span class='ocrx_word' id='word_1_146' title='bbox 1402 1972 1610 2027; x_wconf 80' lang='lat' dir='ltr'>hominis,</span> <span class='ocrx_word' id='word_1_147' title='bbox 1646 1982 1688 2017; x_wconf 89' lang='lat' dir='ltr'>et</span> <span class='ocrx_word' id='word_1_148' title='bbox 1750 2006 1752 2034; x_wconf 69' lang='lat'><em>3</em></span> 
     </span>
     <span class='ocr_line' id='line_1_21' title="bbox 310 2043 1751 2108; baseline -0.002 -18"><span class='ocrx_word' id='word_1_149' title='bbox 310 2045 542 2090; x_wconf 86' lang='lat' dir='ltr'>senectutis</span> <span class='ocrx_word' id='word_1_150' title='bbox 561 2056 664 2090; x_wconf 83' lang='lat' dir='ltr'>aetas</span> <span class='ocrx_word' id='word_1_151' title='bbox 693 2046 780 2090; x_wconf 83' lang='lat' dir='ltr'>vita</span> <span class='ocrx_word' id='word_1_152' title='bbox 807 2045 1087 2090; x_wconf 82' lang='lat' dir='ltr'>immaculata</span> <span class='ocrx_word' id='word_1_153' title='bbox 1112 2044 1144 2090; x_wconf 79' lang='lat'>3.</span> <span class='ocrx_word' id='word_1_154' title='bbox 1172 2045 1316 2100; x_wconf 82' lang='lat' dir='ltr'>Quam</span> <span class='ocrx_word' id='word_1_155' title='bbox 1335 2044 1468 2089; x_wconf 86' lang='lat' dir='ltr'>donet</span> <span class='ocrx_word' id='word_1_156' title='bbox 1488 2043 1570 2088; x_wconf 89' lang='lat' dir='ltr'>tibi</span> <span class='ocrx_word' id='word_1_157' title='bbox 1595 2044 1690 2088; x_wconf 84' lang='lat' dir='ltr'>Do-</span> <span class='ocrx_word' id='word_1_158' title='bbox 1750 2084 1751 2108; x_wconf 24' lang='grc' dir='ltr'>ἶ</span> 
     </span>
    </p>
   </div>
   <div class='ocr_carea' id='block_1_10' title="bbox 307 2112 1692 2390">
    <p class='ocr_par' dir='ltr' id='par_1_10' title="bbox 307 2112 1692 2390">
     <span class='ocr_line' id='line_1_22' title="bbox 310 2112 1692 2178; baseline -0.001 -18"><span class='ocrx_word' id='word_1_159' title='bbox 310 2115 453 2161; x_wconf 85' lang='lat' dir='ltr'>minus</span> <span class='ocrx_word' id='word_1_160' title='bbox 466 2116 649 2178; x_wconf 78' lang='lat' dir='ltr'>petenti,</span> <span class='ocrx_word' id='word_1_161' title='bbox 673 2115 886 2178; x_wconf 82' lang='lat' dir='ltr'>quaerenti</span> <span class='ocrx_word' id='word_1_162' title='bbox 915 2125 1044 2176; x_wconf 86' lang='lat' dir='ltr'>atque</span> <span class='ocrx_word' id='word_1_163' title='bbox 1070 2114 1280 2177; x_wconf 35' lang='lat' dir='ltr'>pulsantis,</span> <span class='ocrx_word' id='word_1_164' title='bbox 1322 2113 1398 2175; x_wconf 92' lang='lat' dir='ltr'>qui</span> <span class='ocrx_word' id='word_1_165' title='bbox 1433 2112 1554 2159; x_wconf 87' lang='lat' dir='ltr'>novit</span> <span class='ocrx_word' id='word_1_166' title='bbox 1573 2113 1692 2158; x_wconf 82' lang='lat' dir='ltr'>bona</span> 
     </span>
     <span class='ocr_line' id='line_1_23' title="bbox 309 2182 1689 2241; baseline -0.002 -11"><span class='ocrx_word' id='word_1_167' title='bbox 309 2185 411 2231; x_wconf 83' lang='lat' dir='ltr'>data</span> <span class='ocrx_word' id='word_1_168' title='bbox 443 2185 546 2231; x_wconf 83' lang='lat' dir='ltr'>dare</span> <span class='ocrx_word' id='word_1_169' title='bbox 567 2185 666 2231; x_wconf 88' lang='lat' dir='ltr'>filiis</span> <span class='ocrx_word' id='word_1_170' title='bbox 707 2186 793 2230; x_wconf 82' lang='lat' dir='ltr'>suis</span> <span class='ocrx_word' id='word_1_171' title='bbox 813 2185 845 2232; x_wconf 70' lang='lat'>4.</span> <span class='ocrx_word' id='word_1_172' title='bbox 884 2185 1095 2241; x_wconf 82' lang='lat' dir='ltr'>Quamvis</span> <span class='ocrx_word' id='word_1_173' title='bbox 1120 2185 1234 2229; x_wconf 83' lang='lat' dir='ltr'>enim</span> <span class='ocrx_word' id='word_1_174' title='bbox 1261 2182 1487 2228; x_wconf 79' lang='lat' dir='ltr'>abundent</span> <span class='ocrx_word' id='word_1_175' title='bbox 1515 2182 1595 2228; x_wconf 88' lang='lat' dir='ltr'>tibi</span> <span class='ocrx_word' id='word_1_176' title='bbox 1620 2199 1689 2228; x_wconf 85' lang='lat' dir='ltr'>ex-</span> 
     </span>
     <span class='ocr_line' id='line_1_24' title="bbox 309 2253 1690 2314; baseline -0.002 -12"><span class='ocrx_word' id='word_1_177' title='bbox 309 2257 556 2302; x_wconf 86' lang='lat' dir='ltr'>hortatores</span> <span class='ocrx_word' id='word_1_178' title='bbox 599 2268 642 2302; x_wconf 90' lang='lat' dir='ltr'>et</span> <span class='ocrx_word' id='word_1_179' title='bbox 683 2256 1004 2302; x_wconf 82' lang='lat' dir='ltr'>exhortationes</span> <span class='ocrx_word' id='word_1_180' title='bbox 1041 2256 1095 2301; x_wconf 86' lang='lat' dir='ltr'>ad</span> <span class='ocrx_word' id='word_1_181' title='bbox 1135 2256 1247 2301; x_wconf 85' lang='lat' dir='ltr'>viam</span> <span class='ocrx_word' id='word_1_182' title='bbox 1288 2255 1436 2300; x_wconf 79' lang='lat' dir='ltr'>salutis</span> <span class='ocrx_word' id='word_1_183' title='bbox 1470 2265 1512 2299; x_wconf 89' lang='lat' dir='ltr'>et</span> <span class='ocrx_word' id='word_1_184' title='bbox 1541 2253 1690 2314; x_wconf 84' lang='lat' dir='ltr'>gloriae</span> 
     </span>
     <span class='ocr_line' id='line_1_25' title="bbox 307 2325 1689 2390; baseline -0.003 -17"><span class='ocrx_word' id='word_1_185' title='bbox 307 2327 601 2390; x_wconf 64' lang='lat' dir='ltr'>sempiternae,</span> <span class='ocrx_word' id='word_1_186' title='bbox 623 2328 806 2373; x_wconf 72' lang='lat' dir='ltr'>maxime</span> <span class='ocrx_word' id='word_1_187' title='bbox 819 2327 914 2390; x_wconf 84' lang='lat' dir='ltr'>ipsa</span> <span class='ocrx_word' id='word_1_188' title='bbox 933 2327 1069 2386; x_wconf 82' lang='lat' dir='ltr'>gratia</span> <span class='ocrx_word' id='word_1_189' title='bbox 1090 2326 1273 2381; x_wconf 79' lang='lat' dir='ltr'>Christi,</span> <span class='ocrx_word' id='word_1_190' title='bbox 1301 2341 1401 2388; x_wconf 80' lang='lat' dir='ltr'>quae</span> <span class='ocrx_word' id='word_1_191' title='bbox 1416 2325 1497 2370; x_wconf 88' lang='lat' dir='ltr'>tibi</span> <span class='ocrx_word' id='word_1_192' title='bbox 1522 2335 1610 2369; x_wconf 85' lang='lat' dir='ltr'>tam</span> <span class='ocrx_word' id='word_1_193' title='bbox 1627 2341 1689 2369; x_wconf 86' lang='lat' dir='ltr'>sa-</span> 
     </span>
    </p>
   </div>
   <div class='ocr_carea' id='block_1_11' title="bbox 309 2395 1750 2457">
    <p class='ocr_par' dir='ltr' id='par_1_11' title="bbox 309 2395 1750 2457">
     <span class='ocr_line' id='line_1_26' title="bbox 309 2395 1750 2457; baseline -0.001 -16"><span class='ocrx_word' id='word_1_194' title='bbox 309 2396 496 2442; x_wconf 87' lang='lat' dir='ltr'>lubriter</span> <span class='ocrx_word' id='word_1_195' title='bbox 519 2397 564 2442; x_wconf 91' lang='lat' dir='ltr'>in</span> <span class='ocrx_word' id='word_1_196' title='bbox 587 2397 718 2444; x_wconf 89' lang='lat' dir='ltr'>corde</span> <span class='ocrx_word' id='word_1_197' title='bbox 757 2408 832 2442; x_wconf 89' lang='lat' dir='ltr'>tuo</span> <span class='ocrx_word' id='word_1_198' title='bbox 865 2398 1011 2442; x_wconf 80' lang='lat' dir='ltr'>locuta</span> <span class='ocrx_word' id='word_1_199' title='bbox 1035 2407 1127 2442; x_wconf 88' lang='lat' dir='ltr'>est:</span> <span class='ocrx_word' id='word_1_200' title='bbox 1174 2407 1317 2441; x_wconf 83' lang='lat' dir='ltr'>tamen</span> <span class='ocrx_word' id='word_1_201' title='bbox 1345 2395 1471 2440; x_wconf 84' lang='lat' dir='ltr'>etiam</span> <span class='ocrx_word' id='word_1_202' title='bbox 1513 2411 1590 2439; x_wconf 93' lang='lat' dir='ltr'>nos</span> <span class='ocrx_word' id='word_1_203' title='bbox 1607 2410 1688 2457; x_wconf 88' lang='lat' dir='ltr'>pro</span> <span class='ocrx_word' id='word_1_204' title='bbox 1748 2418 1750 2423; x_wconf 94' lang='lat'><em>·</em></span> 
     </span>
    </p>
   </div>
   <div class='ocr_carea' id='block_1_12' title="bbox 1733 2360 1759 3235">
    <p class='ocr_par' dir='ltr' id='par_1_12' title="bbox 1733 2360 1759 3235">
     <span class='ocr_line' id='line_1_27' title="bbox 1740 2360 1750 2471; baseline 0 0"><span class='ocrx_word' id='word_1_205' title='bbox 1740 2360 1750 2471; x_wconf 65' lang='grc' dir='ltr'>ἶ</span> 
     </span>
     <span class='ocr_line' id='line_1_28' title="bbox 1738 2445 1759 2726; baseline 0 -94"><span class='ocrx_word' id='word_1_206' title='bbox 1738 2445 1759 2726; x_wconf 54' lang='grc' dir='ltr'>ζ,</span> 
     </span>
     <span class='ocr_line' id='line_1_29' title="bbox 1736 2753 1743 2954; baseline 0 -24"><span class='ocrx_word' id='word_1_207' title='bbox 1736 2753 1743 2954; x_wconf 69' lang='grc' dir='ltr'>Ξ</span> 
     </span>
     <span class='ocr_line' id='line_1_30' title="bbox 1736 2961 1742 3119; baseline 0 -6"><span class='ocrx_word' id='word_1_208' title='bbox 1736 2961 1742 3119; x_wconf 66' lang='grc' dir='ltr'>ἕ</span> 
     </span>
     <span class='ocr_line' id='line_1_31' title="bbox 1733 3150 1741 3235; baseline 0 0"><span class='ocrx_word' id='word_1_209' title='bbox 1733 3150 1741 3235; x_wconf 71' lang='lat'>1</span> 
     </span>
    </p>
   </div>
   <div class='ocr_carea' id='block_1_13' title="bbox 312 2463 1689 2532">
    <p class='ocr_par' dir='ltr' id='par_1_13' title="bbox 312 2463 1689 2532">
     <span class='ocr_line' id='line_1_32' title="bbox 312 2463 1689 2532; baseline -0.002 -19"><span class='ocrx_word' id='word_1_210' title='bbox 312 2466 554 2514; x_wconf 88' lang='lat' dir='ltr'>dilectionis</span> <span class='ocrx_word' id='word_1_211' title='bbox 573 2468 733 2524; x_wconf 90' lang='lat' dir='ltr'>officio,</span> <span class='ocrx_word' id='word_1_212' title='bbox 750 2485 883 2532; x_wconf 88' lang='lat' dir='ltr'>quam</span> <span class='ocrx_word' id='word_1_213' title='bbox 904 2468 985 2514; x_wconf 88' lang='lat' dir='ltr'>tibi</span> <span class='ocrx_word' id='word_1_214' title='bbox 1013 2467 1241 2522; x_wconf 80' lang='lat' dir='ltr'>debemus,</span> <span class='ocrx_word' id='word_1_215' title='bbox 1271 2466 1486 2512; x_wconf 87' lang='lat' dir='ltr'>afferimus</span> <span class='ocrx_word' id='word_1_216' title='bbox 1521 2463 1689 2528; x_wconf 86' lang='lat' dir='ltr'>aliquid</span> 
     </span>
    </p>
   </div>
   <div class='ocr_carea' id='block_1_14' title="bbox 308 2563 1687 2670">
    <p class='ocr_par' dir='ltr' id='par_1_14' title="bbox 308 2563 1687 2670">
     <span class='ocr_line' id='line_1_33' title="bbox 357 2563 1687 2612; baseline -0.002 -12"><span class='ocrx_word' id='word_1_217' title='bbox 357 2569 369 2590; x_wconf 79' lang='lat'>¹</span> <span class='ocrx_word' id='word_1_218' title='bbox 385 2568 471 2600; x_wconf 77' lang='lat' dir='ltr'>Alias</span> <span class='ocrx_word' id='word_1_219' title='bbox 489 2579 604 2602; x_wconf 85' lang='lat' dir='ltr'>ccvm.</span> <span class='ocrx_word' id='word_1_220' title='bbox 624 2579 695 2612; x_wconf 86' lang='lat' dir='ltr'>quae</span> <span class='ocrx_word' id='word_1_221' title='bbox 714 2576 821 2601; x_wconf 86' lang='lat' dir='ltr'>autem</span> <span class='ocrx_word' id='word_1_222' title='bbox 843 2569 907 2600; x_wconf 84' lang='lat'>218</span> <span class='ocrx_word' id='word_1_223' title='bbox 926 2573 1006 2606; x_wconf 82' lang='lat' dir='ltr'>erat,</span> <span class='ocrx_word' id='word_1_224' title='bbox 1026 2578 1113 2600; x_wconf 89' lang='lat' dir='ltr'>nunc</span> <span class='ocrx_word' id='word_1_225' title='bbox 1131 2569 1183 2601; x_wconf 80' lang='lat'>13,</span> <span class='ocrx_word' id='word_1_226' title='bbox 1205 2585 1251 2590; x_wconf 97' lang='lat'><strong>—</strong></span> <span class='ocrx_word' id='word_1_227' title='bbox 1273 2566 1395 2609; x_wconf 78' lang='lat' dir='ltr'>Scripta</span> <span class='ocrx_word' id='word_1_228' title='bbox 1409 2565 1489 2597; x_wconf 81' lang='lat' dir='ltr'>forte</span> <span class='ocrx_word' id='word_1_229' title='bbox 1508 2564 1590 2598; x_wconf 75' lang='lat' dir='ltr'>circa</span> <span class='ocrx_word' id='word_1_230' title='bbox 1603 2563 1687 2597; x_wconf 86' lang='lat' dir='ltr'>idem</span> 
     </span>
     <span class='ocr_line' id='line_1_34' title="bbox 308 2621 1455 2670; baseline -0.003 -13"><span class='ocrx_word' id='word_1_231' title='bbox 308 2631 445 2670; x_wconf 84' lang='lat' dir='ltr'>tempus.</span> <span class='ocrx_word' id='word_1_232' title='bbox 458 2643 503 2648; x_wconf 92' lang='lat'>—</span> <span class='ocrx_word' id='word_1_233' title='bbox 516 2623 533 2647; x_wconf 82' lang='lat'><em>2</em></span> <span class='ocrx_word' id='word_1_234' title='bbox 551 2625 714 2669; x_wconf 82' lang='lat' dir='ltr'>Eccli.v1‚</span> <span class='ocrx_word' id='word_1_235' title='bbox 733 2626 785 2658; x_wconf 86' lang='lat'>18.</span> <span class='ocrx_word' id='word_1_236' title='bbox 800 2644 842 2650; x_wconf 91' lang='lat'>—-</span> <span class='ocrx_word' id='word_1_237' title='bbox 861 2622 875 2648; x_wconf 88' lang='lat'><strong>3</strong></span> <span class='ocrx_word' id='word_1_238' title='bbox 888 2626 960 2668; x_wconf 85' lang='lat' dir='ltr'>Sap.</span> <span class='ocrx_word' id='word_1_239' title='bbox 975 2635 1018 2664; x_wconf 78' lang='grc' dir='ltr'>ιν,</span> <span class='ocrx_word' id='word_1_240' title='bbox 1040 2635 1072 2665; x_wconf 86' lang='lat'>9.</span> <span class='ocrx_word' id='word_1_241' title='bbox 1088 2641 1130 2647; x_wconf 95' lang='lat'>—</span> <span class='ocrx_word' id='word_1_242' title='bbox 1152 2621 1165 2644; x_wconf 78' lang='lat'>4</span> <span class='ocrx_word' id='word_1_243' title='bbox 1183 2621 1300 2654; x_wconf 78' lang='lat' dir='ltr'>Mutth.</span> <span class='ocrx_word' id='word_1_244' title='bbox 1322 2633 1381 2665; x_wconf 78' lang='lat' dir='ltr'>vu,</span> <span class='ocrx_word' id='word_1_245' title='bbox 1403 2632 1455 2654; x_wconf 83' lang='lat'>11.</span> 
     </span>
    </p>
   </div>
   <div class='ocr_carea' id='block_1_15' title="bbox 1741 0 1769 2714">
    <p class='ocr_par' dir='ltr' id='par_1_15' title="bbox 1741 0 1769 2714">
     <span class='ocr_line' id='line_1_35' title="bbox 1741 0 1769 2714; baseline 0 0"><span class='ocrx_word' id='word_1_246' title='bbox 1741 0 1769 2714; x_wconf 95' lang='lat' dir='ltr'> </span> 
     </span>
    </p>
   </div>
   <div class='ocr_carea' id='block_1_16' title="bbox 1756 3038 1768 3235">
    <p class='ocr_par' dir='ltr' id='par_1_16' title="bbox 1756 3011 1769 3235">
     <span class='ocr_line' id='line_1_36' title="bbox 1756 3038 1768 3235; baseline 0 -214"><span class='ocrx_word' id='word_1_247' title='bbox 1756 3038 1768 3235; x_wconf 41' lang='lat'>3</span> 
     </span>
    </p>
   </div>
  </div>
 </body>
</html>
