<?xml version="1.0" encoding="UTF-8"?>
<!DOCTYPE html PUBLIC "-//W3C//DTD XHTML 1.0 Transitional//EN"
    "http://www.w3.org/TR/xhtml1/DTD/xhtml1-transitional.dtd">
<html xmlns="http://www.w3.org/1999/xhtml" xml:lang="en" lang="en">
 <head>
  <title>
</title>
<meta http-equiv="Content-Type" content="text/html;charset=utf-8" />
  <meta name='ocr-system' content='tesseract 3.04.00' />
  <meta name='ocr-capabilities' content='ocr_page ocr_carea ocr_par ocr_line ocrx_word'/>
</head>
<body>
  <div class='ocr_page' id='page_1' title='image "./operaomniaaccura41auguuoft/operaomniaaccura41auguuoft_0613.png"; bbox 0 0 1769 3235; ppageno 0'>
   <div class='ocr_carea' id='block_1_1' title="bbox 619 294 1378 365">
    <p class='ocr_par' dir='ltr' id='par_1_1' title="bbox 619 294 1378 365">
     <span class='ocr_line' id='line_1_1' title="bbox 619 294 1378 365; baseline 0.003 -18"><span class='ocrx_word' id='word_1_1' title='bbox 619 308 774 347; x_wconf 66' lang='lat' dir='ltr'>maxx.</span> <span class='ocrx_word' id='word_1_2' title='bbox 1289 294 1378 365; x_wconf 79' lang='lat'>591</span> 
     </span>
    </p>
   </div>
   <div class='ocr_carea' id='block_1_2' title="bbox 45 377 1391 829">
    <p class='ocr_par' dir='ltr' id='par_1_2' title="bbox 45 377 1391 829">
     <span class='ocr_line' id='line_1_2' title="bbox 45 377 1379 422; baseline -0.001 -7"><span class='ocrx_word' id='word_1_3' title='bbox 45 377 153 416; x_wconf 64' lang='lat' dir='ltr'>(inor</span> <span class='ocrx_word' id='word_1_4' title='bbox 175 379 291 415; x_wconf 88' lang='lat' dir='ltr'>XVII.</span> <span class='ocrx_word' id='word_1_5' title='bbox 314 378 437 414; x_wconf 85' lang='lat' dir='ltr'>Contra</span> <span class='ocrx_word' id='word_1_6' title='bbox 456 379 622 422; x_wconf 80' lang='lat' dir='ltr'>epistotam</span> <span class='ocrx_word' id='word_1_7' title='bbox 637 380 857 420; x_wconf 85' lang='lat' dir='ltr'>Parmeniani,</span> <span class='ocrx_word' id='word_1_8' title='bbox 872 378 947 413; x_wconf 87' lang='lat' dir='ltr'>libri</span> <span class='ocrx_word' id='word_1_9' title='bbox 966 385 1040 413; x_wconf 79' lang='lat' dir='ltr'>tres.</span> <span class='ocrx_word' id='word_1_10' title='bbox 1321 383 1379 414; x_wconf 83' lang='lat'>551</span> 
     </span>
     <span class='ocr_line' id='line_1_3' title="bbox 76 431 1383 474; baseline -0.002 -8"><span class='ocrx_word' id='word_1_11' title='bbox 76 453 114 459; x_wconf 88' lang='lat'>—-</span> <span class='ocrx_word' id='word_1_12' title='bbox 183 435 316 466; x_wconf 91' lang='lat' dir='ltr'>XVIII.</span> <span class='ocrx_word' id='word_1_13' title='bbox 346 435 397 465; x_wconf 83' lang='lat' dir='ltr'>De</span> <span class='ocrx_word' id='word_1_14' title='bbox 422 432 602 474; x_wconf 84' lang='lat' dir='ltr'>Baptismo‚</span> <span class='ocrx_word' id='word_1_15' title='bbox 630 431 703 463; x_wconf 89' lang='lat' dir='ltr'>libri</span> <span class='ocrx_word' id='word_1_16' title='bbox 720 437 854 474; x_wconf 78' lang='lat' dir='ltr'>septem.</span> <span class='ocrx_word' id='word_1_17' title='bbox 1322 434 1383 464; x_wconf 81' lang='lat'>532</span> 
     </span>
     <span class='ocr_line' id='line_1_4' title="bbox 77 482 1383 525; baseline -0.002 -8"><span class='ocrx_word' id='word_1_18' title='bbox 77 504 116 510; x_wconf 89' lang='lat'>--</span> <span class='ocrx_word' id='word_1_19' title='bbox 184 486 282 517; x_wconf 72' lang='lat' dir='ltr'>XIX.</span> <span class='ocrx_word' id='word_1_20' title='bbox 297 486 422 516; x_wconf 83' lang='lat' dir='ltr'>Contra</span> <span class='ocrx_word' id='word_1_21' title='bbox 435 483 520 525; x_wconf 85' lang='lat' dir='ltr'>quod</span> <span class='ocrx_word' id='word_1_22' title='bbox 535 483 644 514; x_wconf 85' lang='lat' dir='ltr'>attulit</span> <span class='ocrx_word' id='word_1_23' title='bbox 660 483 833 515; x_wconf 82' lang='lat' dir='ltr'>Centurius</span> <span class='ocrx_word' id='word_1_24' title='bbox 844 493 861 514; x_wconf 83' lang='lat' dir='ltr'>a</span> <span class='ocrx_word' id='word_1_25' title='bbox 876 482 1064 522; x_wconf 83' lang='lat' dir='ltr'>Donatistis,</span> <span class='ocrx_word' id='word_1_26' title='bbox 1081 482 1164 516; x_wconf 87' lang='lat' dir='ltr'>liber</span> <span class='ocrx_word' id='word_1_27' title='bbox 1178 495 1271 516; x_wconf 89' lang='lat' dir='ltr'>unus.</span> <span class='ocrx_word' id='word_1_28' title='bbox 1323 484 1383 515; x_wconf 76' lang='lat'>555</span> 
     </span>
     <span class='ocr_line' id='line_1_5' title="bbox 79 535 1385 577; baseline -0.004 -10"><span class='ocrx_word' id='word_1_29' title='bbox 79 554 118 561; x_wconf 91' lang='lat'>—-</span> <span class='ocrx_word' id='word_1_30' title='bbox 184 538 263 568; x_wconf 84' lang='lat' dir='ltr'>XX.</span> <span class='ocrx_word' id='word_1_31' title='bbox 291 537 341 567; x_wconf 79' lang='lat' dir='ltr'>A.1</span> <span class='ocrx_word' id='word_1_32' title='bbox 367 535 588 577; x_wconf 84' lang='lat' dir='ltr'>inquisitiones</span> <span class='ocrx_word' id='word_1_33' title='bbox 610 535 779 572; x_wconf 83' lang='lat' dir='ltr'>Januarii,</span> <span class='ocrx_word' id='word_1_34' title='bbox 805 535 875 566; x_wconf 86' lang='lat' dir='ltr'>libri</span> <span class='ocrx_word' id='word_1_35' title='bbox 902 536 975 566; x_wconf 85' lang='lat' dir='ltr'>duo.</span> <span class='ocrx_word' id='word_1_36' title='bbox 1317 535 1385 567; x_wconf 80' lang='lat' dir='ltr'>ibid</span> 
     </span>
     <span class='ocr_line' id='line_1_6' title="bbox 80 585 1386 628; baseline -0.003 -9"><span class='ocrx_word' id='word_1_37' title='bbox 80 606 119 612; x_wconf 91' lang='lat'>—</span> <span class='ocrx_word' id='word_1_38' title='bbox 185 589 285 619; x_wconf 86' lang='lat' dir='ltr'>XX&#39;.</span> <span class='ocrx_word' id='word_1_39' title='bbox 313 588 360 618; x_wconf 73' lang='lat' dir='ltr'>Dc</span> <span class='ocrx_word' id='word_1_40' title='bbox 377 587 486 628; x_wconf 81' lang='lat' dir='ltr'>Opere</span> <span class='ocrx_word' id='word_1_41' title='bbox 502 585 734 617; x_wconf 81' lang='lat' dir='ltr'>Monacliorum</span> <span class='ocrx_word' id='word_1_42' title='bbox 747 609 754 623; x_wconf 87' lang='lat'>‚</span> <span class='ocrx_word' id='word_1_43' title='bbox 773 585 855 617; x_wconf 81' lang='lat' dir='ltr'>liber</span> <span class='ocrx_word' id='word_1_44' title='bbox 871 596 960 617; x_wconf 87' lang='lat' dir='ltr'>unus.</span> <span class='ocrx_word' id='word_1_45' title='bbox 1324 586 1386 623; x_wconf 73' lang='lat'>534</span> 
     </span>
     <span class='ocr_line' id='line_1_7' title="bbox 81 636 1388 678; baseline -0.002 -8"><span class='ocrx_word' id='word_1_46' title='bbox 81 657 119 664; x_wconf 90' lang='lat'>—</span> <span class='ocrx_word' id='word_1_47' title='bbox 189 639 306 671; x_wconf 83' lang='lat' dir='ltr'>XXII.</span> <span class='ocrx_word' id='word_1_48' title='bbox 335 640 382 669; x_wconf 73' lang='lat' dir='ltr'>De.</span> <span class='ocrx_word' id='word_1_49' title='bbox 400 639 489 668; x_wconf 82' lang='lat' dir='ltr'>Bono</span> <span class='ocrx_word' id='word_1_50' title='bbox 505 636 685 678; x_wconf 84' lang='lat' dir='ltr'>conjugali,</span> <span class='ocrx_word' id='word_1_51' title='bbox 703 636 784 668; x_wconf 83' lang='lat' dir='ltr'>liber</span> <span class='ocrx_word' id='word_1_52' title='bbox 801 647 894 669; x_wconf 76' lang='lat' dir='ltr'>unuS.</span> <span class='ocrx_word' id='word_1_53' title='bbox 1327 638 1388 668; x_wconf 82' lang='lat'>535</span> 
     </span>
     <span class='ocr_line' id='line_1_8' title="bbox 83 688 1390 727; baseline -0.002 -5"><span class='ocrx_word' id='word_1_54' title='bbox 83 709 123 716; x_wconf 76' lang='lat'>·-</span> <span class='ocrx_word' id='word_1_55' title='bbox 190 690 330 722; x_wconf 79' lang='lat' dir='ltr'>XXIII.</span> <span class='ocrx_word' id='word_1_56' title='bbox 355 691 404 721; x_wconf 76' lang='lat' dir='ltr'>De</span> <span class='ocrx_word' id='word_1_57' title='bbox 421 694 530 721; x_wconf 80' lang='lat' dir='ltr'>sancta</span> <span class='ocrx_word' id='word_1_58' title='bbox 550 688 742 727; x_wconf 63' lang='lat' dir='ltr'>virginitate</span> <span class='ocrx_word' id='word_1_59' title='bbox 757 709 768 725; x_wconf 87' lang='lat'>,</span> <span class='ocrx_word' id='word_1_60' title='bbox 790 688 871 720; x_wconf 83' lang='lat' dir='ltr'>liber</span> <span class='ocrx_word' id='word_1_61' title='bbox 889 699 978 720; x_wconf 89' lang='lat' dir='ltr'>unus.</span> <span class='ocrx_word' id='word_1_62' title='bbox 1328 689 1390 720; x_wconf 79' lang='lat'>556</span> 
     </span>
     <span class='ocr_line' id='line_1_9' title="bbox 84 739 1390 782; baseline -0.003 -8"><span class='ocrx_word' id='word_1_63' title='bbox 84 761 123 766; x_wconf 98' lang='lat'><strong>—</strong></span> <span class='ocrx_word' id='word_1_64' title='bbox 191 742 321 774; x_wconf 83' lang='lat' dir='ltr'>XXIV.</span> <span class='ocrx_word' id='word_1_65' title='bbox 348 742 395 772; x_wconf 88' lang='lat' dir='ltr'>De</span> <span class='ocrx_word' id='word_1_66' title='bbox 419 741 533 772; x_wconf 78' lang='lat' dir='ltr'>Genesi</span> <span class='ocrx_word' id='word_1_67' title='bbox 552 740 591 771; x_wconf 81' lang='lat' dir='ltr'>ad</span> <span class='ocrx_word' id='word_1_68' title='bbox 608 740 777 777; x_wconf 66' lang='lat' dir='ltr'>Lines-am,</span> <span class='ocrx_word' id='word_1_69' title='bbox 799 739 872 770; x_wconf 85' lang='lat' dir='ltr'>iibri</span> <span class='ocrx_word' id='word_1_70' title='bbox 889 739 1068 774; x_wconf 88' lang='lat' dir='ltr'>duodecim.</span> <span class='ocrx_word' id='word_1_71' title='bbox 1328 740 1390 782; x_wconf 80' lang='lat'>537</span> 
     </span>
     <span class='ocr_line' id='line_1_10' title="bbox 83 790 1391 829; baseline -0.002 -4"><span class='ocrx_word' id='word_1_72' title='bbox 83 811 124 821; x_wconf 82' lang='lat'>...</span> <span class='ocrx_word' id='word_1_73' title='bbox 190 794 300 826; x_wconf 86' lang='lat' dir='ltr'>XXV.</span> <span class='ocrx_word' id='word_1_74' title='bbox 334 793 456 824; x_wconf 77' lang='lat' dir='ltr'>Contra</span> <span class='ocrx_word' id='word_1_75' title='bbox 473 792 609 824; x_wconf 74' lang='lat' dir='ltr'>Litteras</span> <span class='ocrx_word' id='word_1_76' title='bbox 626 790 776 824; x_wconf 76' lang='lat' dir='ltr'>Petiliani</span> <span class='ocrx_word' id='word_1_77' title='bbox 790 813 802 829; x_wconf 88' lang='lat'>,</span> <span class='ocrx_word' id='word_1_78' title='bbox 824 790 898 822; x_wconf 80' lang='lat' dir='ltr'>libri</span> <span class='ocrx_word' id='word_1_79' title='bbox 919 797 994 825; x_wconf 81' lang='lat' dir='ltr'>tres.</span> <span class='ocrx_word' id='word_1_80' title='bbox 1328 792 1391 824; x_wconf 79' lang='lat'>558</span> 
     </span>
    </p>
   </div>
   <div class='ocr_carea' id='block_1_3' title="bbox 87 1124 130 1390">
    <p class='ocr_par' dir='ltr' id='par_1_3' title="bbox 87 1124 130 1390">
     <span class='ocr_line' id='line_1_11' title="bbox 87 1124 130 1390; textangle 90"><span class='ocrx_word' id='word_1_81' title='bbox 87 1124 130 1390; x_wconf 88' lang='lat' dir='ltr'>iiili</span> 
     </span>
    </p>
   </div>
   <div class='ocr_carea' id='block_1_4' title="bbox 94 1641 143 2113">
    <p class='ocr_par' dir='ltr' id='par_1_4' title="bbox 94 1641 143 2113">
     <span class='ocr_line' id='line_1_12' title="bbox 94 1641 143 2113; textangle 90"><span class='ocrx_word' id='word_1_82' title='bbox 94 1641 143 2113; x_wconf 88' lang='grc' dir='ltr'>ΙΙΙΙΙΙΙΙΙ</span> 
     </span>
    </p>
   </div>
   <div class='ocr_carea' id='block_1_5' title="bbox 109 2415 155 2526">
    <p class='ocr_par' dir='ltr' id='par_1_5' title="bbox 109 2415 155 2526">
     <span class='ocr_line' id='line_1_13' title="bbox 109 2415 150 2422; baseline 0 0"><span class='ocrx_word' id='word_1_83' title='bbox 109 2415 150 2422; x_wconf 78' lang='grc'>..-</span> 
     </span>
     <span class='ocr_line' id='line_1_14' title="bbox 110 2467 152 2475; baseline -0.024 0"><span class='ocrx_word' id='word_1_84' title='bbox 110 2467 152 2475; x_wconf 77' lang='grc'>..-</span> 
     </span>
     <span class='ocr_line' id='line_1_15' title="bbox 115 2519 155 2526; baseline 0 0"><span class='ocrx_word' id='word_1_85' title='bbox 115 2519 155 2526; x_wconf 87' lang='lat'>-—-</span> 
     </span>
    </p>
   </div>
   <div class='ocr_carea' id='block_1_6' title="bbox 191 843 1285 886">
    <p class='ocr_par' dir='ltr' id='par_1_6' title="bbox 191 843 1285 886">
     <span class='ocr_line' id='line_1_16' title="bbox 191 843 1285 886; baseline -0.002 -8"><span class='ocrx_word' id='word_1_86' title='bbox 191 846 322 879; x_wconf 83' lang='lat' dir='ltr'>XXVI.</span> <span class='ocrx_word' id='word_1_87' title='bbox 349 844 398 876; x_wconf 86' lang='lat' dir='ltr'>Ad</span> <span class='ocrx_word' id='word_1_88' title='bbox 421 844 629 876; x_wconf 86' lang='lat' dir='ltr'>Cresconium</span> <span class='ocrx_word' id='word_1_89' title='bbox 654 843 894 885; x_wconf 80' lang='lat' dir='ltr'>grammaticum</span> <span class='ocrx_word' id='word_1_90' title='bbox 918 844 1017 886; x_wconf 81' lang='lat' dir='ltr'>partis</span> <span class='ocrx_word' id='word_1_91' title='bbox 1047 844 1187 883; x_wconf 88' lang='lat' dir='ltr'>Donati,</span> <span class='ocrx_word' id='word_1_92' title='bbox 1210 844 1285 877; x_wconf 84' lang='lat' dir='ltr'>libri</span> 
     </span>
    </p>
   </div>
   <div class='ocr_carea' id='block_1_7' title="bbox 192 897 1396 1095">
    <p class='ocr_par' dir='ltr' id='par_1_7' title="bbox 192 897 1396 1095">
     <span class='ocr_line' id='line_1_17' title="bbox 263 897 1368 928; baseline 0.001 -1"><span class='ocrx_word' id='word_1_93' title='bbox 263 902 386 928; x_wconf 80' lang='lat' dir='ltr'>natuor.</span> <span class='ocrx_word' id='word_1_94' title='bbox 1331 897 1368 928; x_wconf 82' lang='lat'>55</span> 
     </span>
     <span class='ocr_line' id='line_1_18' title="bbox 192 908 1395 988; baseline -0.002 -7"><span class='ocrx_word' id='word_1_95' title='bbox 192 909 341 981; x_wconf 56' lang='lat' dir='ltr'>XXVII.</span> <span class='ocrx_word' id='word_1_96' title='bbox 369 946 601 980; x_wconf 85' lang='lat' dir='ltr'>Probationnm</span> <span class='ocrx_word' id='word_1_97' title='bbox 615 953 647 980; x_wconf 84' lang='lat' dir='ltr'>et</span> <span class='ocrx_word' id='word_1_98' title='bbox 664 947 920 980; x_wconf 74' lang='lat' dir='ltr'>testimoniorum</span> <span class='ocrx_word' id='word_1_99' title='bbox 945 952 1056 980; x_wconf 89' lang='lat' dir='ltr'>contra</span> <span class='ocrx_word' id='word_1_100' title='bbox 1080 948 1264 981; x_wconf 71' lang='lat' dir='ltr'>Donatistas</span> <span class='ocrx_word' id='word_1_101' title='bbox 1277 972 1287 988; x_wconf 93' lang='lat'><strong>,</strong></span> <span class='ocrx_word' id='word_1_102' title='bbox 1375 908 1395 941; x_wconf 77' lang='grc'>9</span> 
     </span>
     <span class='ocr_line' id='line_1_19' title="bbox 238 1001 1396 1039; baseline 0 -8"><span class='ocrx_word' id='word_1_103' title='bbox 238 1001 318 1031; x_wconf 75' lang='lat' dir='ltr'>libri·</span> <span class='ocrx_word' id='word_1_104' title='bbox 341 1010 434 1032; x_wconf 73' lang='lat' dir='ltr'>nnus,</span> <span class='ocrx_word' id='word_1_105' title='bbox 1333 1002 1396 1039; x_wconf 84' lang='lat'>540</span> 
     </span>
     <span class='ocr_line' id='line_1_20' title="bbox 192 1051 1393 1095; baseline 0.001 -12"><span class='ocrx_word' id='word_1_106' title='bbox 192 1051 361 1083; x_wconf 88' lang='lat' dir='ltr'>XXVIII.</span> <span class='ocrx_word' id='word_1_107' title='bbox 387 1052 508 1083; x_wconf 80' lang='lat' dir='ltr'>Contra</span> <span class='ocrx_word' id='word_1_108' title='bbox 528 1051 729 1083; x_wconf 81' lang='lat' dir='ltr'>Donatistam</span> <span class='ocrx_word' id='word_1_109' title='bbox 745 1051 852 1084; x_wconf 87' lang='lat' dir='ltr'>nescio</span> <span class='ocrx_word' id='word_1_110' title='bbox 871 1062 966 1095; x_wconf 82' lang='lat' dir='ltr'>quem</span> <span class='ocrx_word' id='word_1_111' title='bbox 980 1075 989 1090; x_wconf 86' lang='lat'>,</span> <span class='ocrx_word' id='word_1_112' title='bbox 1004 1051 1086 1083; x_wconf 81' lang='lat' dir='ltr'>iiber</span> <span class='ocrx_word' id='word_1_113' title='bbox 1101 1062 1191 1084; x_wconf 77' lang='lat' dir='ltr'>unus.</span> <span class='ocrx_word' id='word_1_114' title='bbox 1334 1054 1393 1091; x_wconf 83' lang='lat'>541</span> 
     </span>
    </p>
   </div>
   <div class='ocr_carea' id='block_1_8' title="bbox 193 1103 1289 1141">
    <p class='ocr_par' dir='ltr' id='par_1_8' title="bbox 193 1103 1289 1141">
     <span class='ocr_line' id='line_1_21' title="bbox 193 1103 1289 1141; baseline 0 -5"><span class='ocrx_word' id='word_1_115' title='bbox 193 1105 327 1136; x_wconf 74' lang='lat' dir='ltr'>XXIX.</span> <span class='ocrx_word' id='word_1_116' title='bbox 353 1103 542 1136; x_wconf 84' lang='lat' dir='ltr'>Admonitio</span> <span class='ocrx_word' id='word_1_117' title='bbox 578 1104 823 1136; x_wconf 70' lang='lat' dir='ltr'>Donatistarum</span> <span class='ocrx_word' id='word_1_118' title='bbox 856 1105 895 1136; x_wconf 83' lang='lat' dir='ltr'>de</span> <span class='ocrx_word' id='word_1_119' title='bbox 918 1104 1181 1141; x_wconf 69' lang='lat' dir='ltr'>maximianistis,</span> <span class='ocrx_word' id='word_1_120' title='bbox 1207 1104 1289 1137; x_wconf 87' lang='lat' dir='ltr'>liber</span> 
     </span>
    </p>
   </div>
   <div class='ocr_carea' id='block_1_9' title="bbox 237 1157 1393 1195">
    <p class='ocr_par' dir='ltr' id='par_1_9' title="bbox 237 1157 1393 1195">
     <span class='ocr_line' id='line_1_22' title="bbox 237 1157 1393 1195; baseline 0 -7"><span class='ocrx_word' id='word_1_121' title='bbox 237 1167 328 1188; x_wconf 80' lang='lat' dir='ltr'>unus.</span> <span class='ocrx_word' id='word_1_122' title='bbox 1331 1157 1393 1195; x_wconf 67' lang='lat'>542</span> 
     </span>
    </p>
   </div>
   <div class='ocr_carea' id='block_1_10' title="bbox 194 1206 1405 1611">
    <p class='ocr_par' dir='ltr' id='par_1_10' title="bbox 194 1206 1405 1611">
     <span class='ocr_line' id='line_1_23' title="bbox 194 1206 1399 1244; baseline -0.001 -4"><span class='ocrx_word' id='word_1_123' title='bbox 194 1208 307 1240; x_wconf 86' lang='lat' dir='ltr'>XXX.</span> <span class='ocrx_word' id='word_1_124' title='bbox 336 1208 382 1237; x_wconf 85' lang='lat' dir='ltr'>De</span> <span class='ocrx_word' id='word_1_125' title='bbox 407 1206 615 1238; x_wconf 80' lang='lat' dir='ltr'>Divinatione</span> <span class='ocrx_word' id='word_1_126' title='bbox 631 1206 823 1244; x_wconf 64' lang='lat' dir='ltr'>daemonum,</span> <span class='ocrx_word' id='word_1_127' title='bbox 838 1206 921 1238; x_wconf 89' lang='lat' dir='ltr'>liber</span> <span class='ocrx_word' id='word_1_128' title='bbox 934 1217 1025 1238; x_wconf 88' lang='lat' dir='ltr'>unus.</span> <span class='ocrx_word' id='word_1_129' title='bbox 1331 1208 1399 1240; x_wconf 86' lang='lat' dir='ltr'>ibid</span> 
     </span>
     <span class='ocr_line' id='line_1_24' title="bbox 196 1258 1399 1300; baseline -0.001 -9"><span class='ocrx_word' id='word_1_130' title='bbox 196 1259 329 1291; x_wconf 81' lang='lat' dir='ltr'>XXXI.</span> <span class='ocrx_word' id='word_1_131' title='bbox 355 1258 556 1297; x_wconf 82' lang='lat' dir='ltr'>Qnaestiones</span> <span class='ocrx_word' id='word_1_132' title='bbox 569 1259 724 1300; x_wconf 76' lang='lat' dir='ltr'>expositae</span> <span class='ocrx_word' id='word_1_133' title='bbox 741 1263 852 1290; x_wconf 85' lang='lat' dir='ltr'>contra</span> <span class='ocrx_word' id='word_1_134' title='bbox 865 1259 1021 1299; x_wconf 75' lang='lat' dir='ltr'>Paganos,</span> <span class='ocrx_word' id='word_1_135' title='bbox 1033 1269 1166 1291; x_wconf 85' lang='lat' dir='ltr'>numero</span> <span class='ocrx_word' id='word_1_136' title='bbox 1181 1269 1246 1291; x_wconf 80' lang='lat' dir='ltr'>sex.</span> <span class='ocrx_word' id='word_1_137' title='bbox 1337 1260 1399 1297; x_wconf 79' lang='lat'>545</span> 
     </span>
     <span class='ocr_line' id='line_1_25' title="bbox 196 1309 1401 1351; baseline 0.001 -9"><span class='ocrx_word' id='word_1_138' title='bbox 196 1311 349 1342; x_wconf 85' lang='lat' dir='ltr'>XXXII.</span> <span class='ocrx_word' id='word_1_139' title='bbox 376 1309 543 1350; x_wconf 79' lang='lat' dir='ltr'>Expositio</span> <span class='ocrx_word' id='word_1_140' title='bbox 558 1310 709 1350; x_wconf 60' lang='lat' dir='ltr'>Epistulae</span> <span class='ocrx_word' id='word_1_141' title='bbox 723 1310 835 1342; x_wconf 79' lang='lat' dir='ltr'>Jacobi</span> <span class='ocrx_word' id='word_1_142' title='bbox 850 1311 892 1342; x_wconf 86' lang='lat' dir='ltr'>ad</span> <span class='ocrx_word' id='word_1_143' title='bbox 907 1311 1078 1343; x_wconf 83' lang='lat' dir='ltr'>duodecim</span> <span class='ocrx_word' id='word_1_144' title='bbox 1094 1311 1207 1343; x_wconf 78' lang='lat' dir='ltr'>tribus.</span> <span class='ocrx_word' id='word_1_145' title='bbox 1339 1313 1401 1351; x_wconf 88' lang='lat'>544</span> 
     </span>
     <span class='ocr_line' id='line_1_26' title="bbox 196 1361 1295 1406; baseline 0.002 -14"><span class='ocrx_word' id='word_1_146' title='bbox 196 1362 368 1395; x_wconf 80' lang='lat' dir='ltr'>XXXIII.</span> <span class='ocrx_word' id='word_1_147' title='bbox 398 1362 446 1393; x_wconf 86' lang='lat' dir='ltr'>De</span> <span class='ocrx_word' id='word_1_148' title='bbox 474 1362 679 1393; x_wconf 79' lang='lat' dir='ltr'>Peccatorum</span> <span class='ocrx_word' id='word_1_149' title='bbox 694 1361 816 1393; x_wconf 86' lang='lat' dir='ltr'>meritis</span> <span class='ocrx_word' id='word_1_150' title='bbox 833 1367 864 1394; x_wconf 87' lang='lat' dir='ltr'>et</span> <span class='ocrx_word' id='word_1_151' title='bbox 885 1363 1067 1394; x_wconf 82' lang='lat' dir='ltr'>remissione</span> <span class='ocrx_word' id='word_1_152' title='bbox 1080 1383 1089 1399; x_wconf 90' lang='lat'><strong><em>‚</em></strong></span> <span class='ocrx_word' id='word_1_153' title='bbox 1104 1362 1188 1395; x_wconf 82' lang='lat' dir='ltr'>etde</span> <span class='ocrx_word' id='word_1_154' title='bbox 1205 1363 1295 1406; x_wconf 86' lang='lat' dir='ltr'>Bap-</span> 
     </span>
     <span class='ocr_line' id='line_1_27' title="bbox 240 1413 1402 1455; baseline 0.002 -10"><span class='ocrx_word' id='word_1_155' title='bbox 240 1414 335 1446; x_wconf 89' lang='lat' dir='ltr'>tismo</span> <span class='ocrx_word' id='word_1_156' title='bbox 353 1414 561 1455; x_wconf 84' lang='lat' dir='ltr'>parvulorum</span> <span class='ocrx_word' id='word_1_157' title='bbox 577 1413 616 1443; x_wconf 85' lang='lat' dir='ltr'>ad</span> <span class='ocrx_word' id='word_1_158' title='bbox 631 1413 866 1452; x_wconf 82' lang='lat' dir='ltr'>Marcellinum,</span> <span class='ocrx_word' id='word_1_159' title='bbox 881 1413 954 1444; x_wconf 84' lang='lat' dir='ltr'>libri</span> <span class='ocrx_word' id='word_1_160' title='bbox 969 1419 1046 1445; x_wconf 82' lang='lat' dir='ltr'>tres.</span> <span class='ocrx_word' id='word_1_161' title='bbox 1340 1416 1402 1454; x_wconf 85' lang='lat'>545</span> 
     </span>
     <span class='ocr_line' id='line_1_28' title="bbox 198 1464 1294 1508; baseline -0.001 -10"><span class='ocrx_word' id='word_1_162' title='bbox 198 1465 366 1498; x_wconf 87' lang='lat' dir='ltr'>XXXIV.</span> <span class='ocrx_word' id='word_1_163' title='bbox 394 1465 443 1496; x_wconf 78' lang='lat' dir='ltr'>De</span> <span class='ocrx_word' id='word_1_164' title='bbox 459 1464 552 1496; x_wconf 86' lang='lat' dir='ltr'>unico</span> <span class='ocrx_word' id='word_1_165' title='bbox 571 1465 735 1508; x_wconf 87' lang='lat' dir='ltr'>Baptismo</span> <span class='ocrx_word' id='word_1_166' title='bbox 748 1471 860 1498; x_wconf 90' lang='lat' dir='ltr'>contra</span> <span class='ocrx_word' id='word_1_167' title='bbox 877 1465 1069 1497; x_wconf 84' lang='lat' dir='ltr'>Petilianum</span> <span class='ocrx_word' id='word_1_168' title='bbox 1085 1464 1124 1496; x_wconf 91' lang='lat' dir='ltr'>ad</span> <span class='ocrx_word' id='word_1_169' title='bbox 1139 1466 1294 1498; x_wconf 88' lang='lat' dir='ltr'>Constan-</span> 
     </span>
     <span class='ocr_line' id='line_1_29' title="bbox 243 1516 1404 1556; baseline 0.002 -8"><span class='ocrx_word' id='word_1_170' title='bbox 243 1519 368 1555; x_wconf 88' lang='lat' dir='ltr'>tinum,</span> <span class='ocrx_word' id='word_1_171' title='bbox 386 1516 471 1548; x_wconf 84' lang='lat' dir='ltr'>liber</span> <span class='ocrx_word' id='word_1_172' title='bbox 489 1527 579 1548; x_wconf 88' lang='lat' dir='ltr'>unus.</span> <span class='ocrx_word' id='word_1_173' title='bbox 1341 1519 1404 1556; x_wconf 79' lang='lat'>546</span> 
     </span>
     <span class='ocr_line' id='line_1_30' title="bbox 200 1567 1405 1611; baseline 0 -10"><span class='ocrx_word' id='word_1_174' title='bbox 200 1569 348 1602; x_wconf 86' lang='lat' dir='ltr'>XXXV.</span> <span class='ocrx_word' id='word_1_175' title='bbox 373 1569 422 1599; x_wconf 86' lang='lat' dir='ltr'>De</span> <span class='ocrx_word' id='word_1_176' title='bbox 438 1567 684 1599; x_wconf 80' lang='lat' dir='ltr'>Maximianistis</span> <span class='ocrx_word' id='word_1_177' title='bbox 697 1572 808 1600; x_wconf 88' lang='lat' dir='ltr'>contra</span> <span class='ocrx_word' id='word_1_178' title='bbox 825 1567 1023 1606; x_wconf 80' lang='lat' dir='ltr'>Donatistas,</span> <span class='ocrx_word' id='word_1_179' title='bbox 1039 1567 1121 1599; x_wconf 77' lang='lat' dir='ltr'>libe-.-</span> <span class='ocrx_word' id='word_1_180' title='bbox 1134 1579 1227 1601; x_wconf 79' lang='lat' dir='ltr'>unuS.</span> <span class='ocrx_word' id='word_1_181' title='bbox 1342 1569 1405 1611; x_wconf 76' lang='lat'>547</span> 
     </span>
    </p>
   </div>
   <div class='ocr_carea' id='block_1_11' title="bbox 202 1619 1297 1659">
    <p class='ocr_par' dir='ltr' id='par_1_11' title="bbox 202 1619 1297 1659">
     <span class='ocr_line' id='line_1_31' title="bbox 202 1619 1297 1659; baseline -0.001 -6"><span class='ocrx_word' id='word_1_182' title='bbox 202 1620 368 1653; x_wconf 85' lang='lat' dir='ltr'>XXXVI.</span> <span class='ocrx_word' id='word_1_183' title='bbox 393 1620 443 1651; x_wconf 87' lang='lat' dir='ltr'>De</span> <span class='ocrx_word' id='word_1_184' title='bbox 460 1619 573 1651; x_wconf 83' lang='lat' dir='ltr'>Gratia</span> <span class='ocrx_word' id='word_1_185' title='bbox 590 1619 786 1651; x_wconf 77' lang='lat' dir='ltr'>Testamenti</span> <span class='ocrx_word' id='word_1_186' title='bbox 811 1619 893 1651; x_wconf 80' lang='lat' dir='ltr'>Novi</span> <span class='ocrx_word' id='word_1_187' title='bbox 915 1619 955 1650; x_wconf 89' lang='lat' dir='ltr'>ad</span> <span class='ocrx_word' id='word_1_188' title='bbox 980 1619 1199 1659; x_wconf 85' lang='lat' dir='ltr'>Honoratum,</span> <span class='ocrx_word' id='word_1_189' title='bbox 1215 1620 1297 1653; x_wconf 87' lang='lat' dir='ltr'>liber</span> 
     </span>
    </p>
   </div>
   <div class='ocr_carea' id='block_1_12' title="bbox 200 1671 1407 1763">
    <p class='ocr_par' dir='ltr' id='par_1_12' title="bbox 200 1671 1407 1763">
     <span class='ocr_line' id='line_1_32' title="bbox 327 1671 1381 1703; baseline -0.001 0"><span class='ocrx_word' id='word_1_190' title='bbox 327 1694 336 1703; x_wconf 87' lang='lat'>.</span> <span class='ocrx_word' id='word_1_191' title='bbox 1338 1671 1381 1702; x_wconf 88' lang='lat' dir='ltr'>ibi</span> 
     </span>
     <span class='ocr_line' id='line_1_33' title="bbox 200 1672 1407 1763; baseline -0.001 -7"><span class='ocrx_word' id='word_1_192' title='bbox 200 1682 330 1756; x_wconf 59' lang='lat' dir='ltr'>XXXIV</span> <span class='ocrx_word' id='word_1_193' title='bbox 342 1723 383 1754; x_wconf 92' lang='lat' dir='ltr'>II.</span> <span class='ocrx_word' id='word_1_194' title='bbox 413 1723 466 1759; x_wconf 76' lang='lat' dir='ltr'>De¹</span> <span class='ocrx_word' id='word_1_195' title='bbox 481 1722 603 1763; x_wconf 76' lang='lat' dir='ltr'>Spiritu</span> <span class='ocrx_word' id='word_1_196' title='bbox 617 1727 649 1754; x_wconf 88' lang='lat' dir='ltr'>et</span> <span class='ocrx_word' id='word_1_197' title='bbox 666 1722 786 1754; x_wconf 81' lang='lat' dir='ltr'>Littera</span> <span class='ocrx_word' id='word_1_198' title='bbox 804 1721 842 1754; x_wconf 87' lang='lat' dir='ltr'>ad</span> <span class='ocrx_word' id='word_1_199' title='bbox 858 1721 1095 1761; x_wconf 86' lang='lat' dir='ltr'>Marcellinum,</span> <span class='ocrx_word' id='word_1_200' title='bbox 1110 1722 1193 1754; x_wconf 86' lang='lat' dir='ltr'>liber</span> <span class='ocrx_word' id='word_1_201' title='bbox 1203 1733 1297 1755; x_wconf 85' lang='lat' dir='ltr'>unus.</span> <span class='ocrx_word' id='word_1_202' title='bbox 1343 1672 1407 1761; x_wconf 57' lang='lat'>543</span> 
     </span>
    </p>
   </div>
   <div class='ocr_carea' id='block_1_13' title="bbox 204 1772 1414 1914">
    <p class='ocr_par' dir='ltr' id='par_1_13' title="bbox 204 1772 1414 1914">
     <span class='ocr_line' id='line_1_34' title="bbox 204 1772 1409 1817; baseline -0.003 -10"><span class='ocrx_word' id='word_1_203' title='bbox 204 1775 411 1807; x_wconf 85' lang='lat' dir='ltr'>XXXVIII.</span> <span class='ocrx_word' id='word_1_204' title='bbox 436 1775 484 1806; x_wconf 87' lang='lat' dir='ltr'>De</span> <span class='ocrx_word' id='word_1_205' title='bbox 502 1774 580 1805; x_wconf 82' lang='lat' dir='ltr'>Fide</span> <span class='ocrx_word' id='word_1_206' title='bbox 600 1779 632 1805; x_wconf 87' lang='lat' dir='ltr'>et</span> <span class='ocrx_word' id='word_1_207' title='bbox 649 1772 830 1814; x_wconf 83' lang='lat' dir='ltr'>Operibus,</span> <span class='ocrx_word' id='word_1_208' title='bbox 851 1773 936 1804; x_wconf 82' lang='lat' dir='ltr'>liber</span> <span class='ocrx_word' id='word_1_209' title='bbox 953 1783 1045 1804; x_wconf 60' lang='lat' dir='ltr'>unus.</span> <span class='ocrx_word' id='word_1_210' title='bbox 1345 1775 1409 1817; x_wconf 81' lang='lat'>549</span> 
     </span>
     <span class='ocr_line' id='line_1_35' title="bbox 204 1823 1408 1861; baseline -0.002 -1"><span class='ocrx_word' id='word_1_211' title='bbox 204 1826 376 1860; x_wconf 84' lang='lat' dir='ltr'>XXXIX.</span> <span class='ocrx_word' id='word_1_212' title='bbox 400 1824 588 1857; x_wconf 85' lang='lat' dir='ltr'>Breviculus</span> <span class='ocrx_word' id='word_1_213' title='bbox 602 1824 782 1856; x_wconf 78' lang='lat' dir='ltr'>collationis</span> <span class='ocrx_word' id='word_1_214' title='bbox 798 1835 869 1855; x_wconf 89' lang='lat' dir='ltr'>cum</span> <span class='ocrx_word' id='word_1_215' title='bbox 889 1823 1084 1861; x_wconf 69' lang='lat' dir='ltr'>Donatistis,</span> <span class='ocrx_word' id='word_1_216' title='bbox 1107 1824 1181 1856; x_wconf 89' lang='lat' dir='ltr'>libri</span> <span class='ocrx_word' id='word_1_217' title='bbox 1199 1832 1275 1858; x_wconf 76' lang='lat' dir='ltr'>tres.</span> <span class='ocrx_word' id='word_1_218' title='bbox 1347 1828 1408 1859; x_wconf 87' lang='lat'>550</span> 
     </span>
     <span class='ocr_line' id='line_1_36' title="bbox 204 1876 1414 1914; baseline 0 -3"><span class='ocrx_word' id='word_1_219' title='bbox 204 1881 279 1912; x_wconf 87' lang='lat' dir='ltr'>XL.</span> <span class='ocrx_word' id='word_1_220' title='bbox 306 1879 381 1911; x_wconf 84' lang='lat' dir='ltr'>Post</span> <span class='ocrx_word' id='word_1_221' title='bbox 395 1877 598 1909; x_wconf 80' lang='lat' dir='ltr'>collationem</span> <span class='ocrx_word' id='word_1_222' title='bbox 614 1882 728 1908; x_wconf 80' lang='lat' dir='ltr'>contra</span> <span class='ocrx_word' id='word_1_223' title='bbox 745 1877 929 1908; x_wconf 78' lang='lat' dir='ltr'>Donatisias</span> <span class='ocrx_word' id='word_1_224' title='bbox 943 1899 950 1914; x_wconf 89' lang='lat'><strong><em>,</em></strong></span> <span class='ocrx_word' id='word_1_225' title='bbox 966 1876 1049 1908; x_wconf 91' lang='lat' dir='ltr'>liber</span> <span class='ocrx_word' id='word_1_226' title='bbox 1065 1887 1157 1909; x_wconf 86' lang='lat' dir='ltr'>unus.</span> <span class='ocrx_word' id='word_1_227' title='bbox 1344 1879 1414 1912; x_wconf 86' lang='lat' dir='ltr'>ibid</span> 
     </span>
    </p>
   </div>
   <div class='ocr_carea' id='block_1_14' title="bbox 204 1928 1428 2484">
    <p class='ocr_par' dir='ltr' id='par_1_14' title="bbox 204 1928 1414 2127">
     <span class='ocr_line' id='line_1_37' title="bbox 207 1928 1410 1967; baseline -0.002 -6"><span class='ocrx_word' id='word_1_228' title='bbox 207 1931 302 1964; x_wconf 86' lang='lat' dir='ltr'>XLI.</span> <span class='ocrx_word' id='word_1_229' title='bbox 328 1931 378 1961; x_wconf 85' lang='lat' dir='ltr'>De</span> <span class='ocrx_word' id='word_1_230' title='bbox 395 1928 548 1961; x_wconf 81' lang='lat' dir='ltr'>Videndo</span> <span class='ocrx_word' id='word_1_231' title='bbox 568 1929 657 1967; x_wconf 87' lang='lat' dir='ltr'>Deo,</span> <span class='ocrx_word' id='word_1_232' title='bbox 674 1928 756 1960; x_wconf 88' lang='lat' dir='ltr'>liber</span> <span class='ocrx_word' id='word_1_233' title='bbox 775 1939 865 1960; x_wconf 84' lang='lat' dir='ltr'>unus.</span> <span class='ocrx_word' id='word_1_234' title='bbox 1352 1934 1410 1964; x_wconf 81' lang='lat'>551</span> 
     </span>
     <span class='ocr_line' id='line_1_38' title="bbox 204 1980 1412 2017; baseline -0.006 -1"><span class='ocrx_word' id='word_1_235' title='bbox 204 1983 315 2016; x_wconf 87' lang='lat' dir='ltr'>XLII.</span> <span class='ocrx_word' id='word_1_236' title='bbox 345 1983 394 2013; x_wconf 91' lang='lat' dir='ltr'>De</span> <span class='ocrx_word' id='word_1_237' title='bbox 411 1981 533 2013; x_wconf 85' lang='lat' dir='ltr'>Natura</span> <span class='ocrx_word' id='word_1_238' title='bbox 551 1986 583 2013; x_wconf 85' lang='lat' dir='ltr'>et</span> <span class='ocrx_word' id='word_1_239' title='bbox 598 1980 709 2012; x_wconf 82' lang='lat' dir='ltr'>Gratia</span> <span class='ocrx_word' id='word_1_240' title='bbox 727 2003 735 2017; x_wconf 93' lang='lat'>,</span> <span class='ocrx_word' id='word_1_241' title='bbox 754 1980 837 2011; x_wconf 86' lang='lat' dir='ltr'>liber</span> <span class='ocrx_word' id='word_1_242' title='bbox 853 1989 945 2011; x_wconf 90' lang='lat' dir='ltr'>unus.</span> <span class='ocrx_word' id='word_1_243' title='bbox 1350 1985 1412 2016; x_wconf 77' lang='lat'>552</span> 
     </span>
     <span class='ocr_line' id='line_1_39' title="bbox 209 2030 1414 2072; baseline -0.002 -6"><span class='ocrx_word' id='word_1_244' title='bbox 209 2034 342 2067; x_wconf 85' lang='lat' dir='ltr'>XLIII.</span> <span class='ocrx_word' id='word_1_245' title='bbox 372 2033 419 2065; x_wconf 89' lang='lat' dir='ltr'>De</span> <span class='ocrx_word' id='word_1_246' title='bbox 433 2032 574 2064; x_wconf 88' lang='lat' dir='ltr'>Civitate</span> <span class='ocrx_word' id='word_1_247' title='bbox 592 2032 673 2071; x_wconf 85' lang='lat' dir='ltr'>Dei,</span> <span class='ocrx_word' id='word_1_248' title='bbox 691 2031 765 2063; x_wconf 90' lang='lat' dir='ltr'>libri</span> <span class='ocrx_word' id='word_1_249' title='bbox 779 2031 891 2072; x_wconf 82' lang='lat' dir='ltr'>viginti</span> <span class='ocrx_word' id='word_1_250' title='bbox 909 2030 982 2063; x_wconf 91' lang='lat' dir='ltr'>duo.</span> <span class='ocrx_word' id='word_1_251' title='bbox 1346 2036 1414 2068; x_wconf 84' lang='lat' dir='ltr'>ibid</span> 
     </span>
     <span class='ocr_line' id='line_1_40' title="bbox 208 2082 1306 2127; baseline -0.001 -8"><span class='ocrx_word' id='word_1_252' title='bbox 208 2086 333 2119; x_wconf 88' lang='lat' dir='ltr'>XLIV.</span> <span class='ocrx_word' id='word_1_253' title='bbox 359 2085 409 2117; x_wconf 86' lang='lat' dir='ltr'>Ad</span> <span class='ocrx_word' id='word_1_254' title='bbox 437 2084 587 2116; x_wconf 88' lang='lat' dir='ltr'>Orosium</span> <span class='ocrx_word' id='word_1_255' title='bbox 616 2089 726 2116; x_wconf 87' lang='lat' dir='ltr'>contra</span> <span class='ocrx_word' id='word_1_256' title='bbox 743 2082 997 2115; x_wconf 82' lang='lat' dir='ltr'>Priscillianistas</span> <span class='ocrx_word' id='word_1_257' title='bbox 1025 2088 1058 2115; x_wconf 87' lang='lat' dir='ltr'>et</span> <span class='ocrx_word' id='word_1_258' title='bbox 1087 2083 1306 2127; x_wconf 82' lang='lat' dir='ltr'>Origenistas,</span> 
     </span>
    </p>

    <p class='ocr_par' dir='ltr' id='par_1_15' title="bbox 210 2138 1417 2232">
     <span class='ocr_line' id='line_1_41' title="bbox 253 2138 1417 2178; baseline 0.002 -10"><span class='ocrx_word' id='word_1_259' title='bbox 253 2138 337 2169; x_wconf 84' lang='lat' dir='ltr'>iiber</span> <span class='ocrx_word' id='word_1_260' title='bbox 358 2146 451 2168; x_wconf 77' lang='lat' dir='ltr'>unuS.</span> <span class='ocrx_word' id='word_1_261' title='bbox 1354 2139 1417 2178; x_wconf 72' lang='lat'>554</span> 
     </span>
     <span class='ocr_line' id='line_1_42' title="bbox 210 2188 1311 2232; baseline 0.002 -11"><span class='ocrx_word' id='word_1_262' title='bbox 210 2190 315 2222; x_wconf 87' lang='lat' dir='ltr'>XLV.</span> <span class='ocrx_word' id='word_1_263' title='bbox 342 2189 393 2220; x_wconf 89' lang='lat' dir='ltr'>Ad</span> <span class='ocrx_word' id='word_1_264' title='bbox 410 2188 643 2232; x_wconf 76' lang='lat' dir='ltr'>Hieronymum</span> <span class='ocrx_word' id='word_1_265' title='bbox 660 2188 884 2232; x_wconf 82' lang='lat' dir='ltr'>presbyterum</span> <span class='ocrx_word' id='word_1_266' title='bbox 900 2188 973 2219; x_wconf 91' lang='lat' dir='ltr'>iibri</span> <span class='ocrx_word' id='word_1_267' title='bbox 992 2188 1067 2227; x_wconf 90' lang='lat' dir='ltr'>duo,</span> <span class='ocrx_word' id='word_1_268' title='bbox 1088 2199 1168 2221; x_wconf 91' lang='lat' dir='ltr'>unus</span> <span class='ocrx_word' id='word_1_269' title='bbox 1181 2189 1219 2222; x_wconf 88' lang='lat' dir='ltr'>de</span> <span class='ocrx_word' id='word_1_270' title='bbox 1236 2190 1311 2223; x_wconf 92' lang='lat' dir='ltr'>Ori-</span> 
     </span>
    </p>

    <p class='ocr_par' dir='ltr' id='par_1_16' title="bbox 212 2240 1417 2334">
     <span class='ocr_line' id='line_1_43' title="bbox 255 2240 1417 2281; baseline 0.003 -10"><span class='ocrx_word' id='word_1_271' title='bbox 255 2243 336 2281; x_wconf 75' lang='lat' dir='ltr'>ginae</span> <span class='ocrx_word' id='word_1_272' title='bbox 355 2241 478 2272; x_wconf 84' lang='lat' dir='ltr'>Animae</span> <span class='ocrx_word' id='word_1_273' title='bbox 497 2246 527 2272; x_wconf 88' lang='lat' dir='ltr'>et</span> <span class='ocrx_word' id='word_1_274' title='bbox 541 2241 620 2273; x_wconf 87' lang='lat' dir='ltr'>alius</span> <span class='ocrx_word' id='word_1_275' title='bbox 633 2241 672 2272; x_wconf 86' lang='lat' dir='ltr'>de</span> <span class='ocrx_word' id='word_1_276' title='bbox 690 2240 858 2273; x_wconf 79' lang='lat' dir='ltr'>Sententia</span> <span class='ocrx_word' id='word_1_277' title='bbox 877 2240 1003 2272; x_wconf 87' lang='lat' dir='ltr'>Jacobi.</span> <span class='ocrx_word' id='word_1_278' title='bbox 1351 2243 1417 2275; x_wconf 87' lang='lat' dir='ltr'>ibid</span> 
     </span>
     <span class='ocr_line' id='line_1_44' title="bbox 212 2292 1313 2334; baseline 0 -9"><span class='ocrx_word' id='word_1_279' title='bbox 212 2292 337 2325; x_wconf 87' lang='lat' dir='ltr'>XLVI.</span> <span class='ocrx_word' id='word_1_280' title='bbox 365 2292 414 2323; x_wconf 74' lang='lat' dir='ltr'>Ad</span> <span class='ocrx_word' id='word_1_281' title='bbox 437 2292 617 2323; x_wconf 75' lang='lat' dir='ltr'>Emeritum</span> <span class='ocrx_word' id='word_1_282' title='bbox 640 2292 883 2324; x_wconf 57' lang='lat' dir='ltr'>Donatistarum</span> <span class='ocrx_word' id='word_1_283' title='bbox 905 2292 1103 2334; x_wconf 78' lang='lat' dir='ltr'>episcopum,</span> <span class='ocrx_word' id='word_1_284' title='bbox 1129 2298 1200 2333; x_wconf 83' lang='lat' dir='ltr'>post</span> <span class='ocrx_word' id='word_1_285' title='bbox 1216 2293 1313 2325; x_wconf 89' lang='lat' dir='ltr'>coila-</span> 
     </span>
    </p>

    <p class='ocr_par' dir='ltr' id='par_1_17' title="bbox 216 2343 1428 2484">
     <span class='ocr_line' id='line_1_45' title="bbox 262 2343 1419 2378; baseline 0.003 -4"><span class='ocrx_word' id='word_1_286' title='bbox 262 2344 380 2375; x_wconf 79' lang='lat' dir='ltr'>tionem</span> <span class='ocrx_word' id='word_1_287' title='bbox 399 2343 481 2374; x_wconf 87' lang='lat' dir='ltr'>liber</span> <span class='ocrx_word' id='word_1_288' title='bbox 498 2354 591 2374; x_wconf 82' lang='lat' dir='ltr'>unus.</span> <span class='ocrx_word' id='word_1_289' title='bbox 1358 2349 1419 2378; x_wconf 86' lang='lat'>555</span> 
     </span>
     <span class='ocr_line' id='line_1_46' title="bbox 216 2395 1422 2437; baseline 0.004 -12"><span class='ocrx_word' id='word_1_290' title='bbox 216 2395 361 2428; x_wconf 83' lang='lat' dir='ltr'>XLVII.</span> <span class='ocrx_word' id='word_1_291' title='bbox 389 2396 436 2426; x_wconf 82' lang='lat' dir='ltr'>De</span> <span class='ocrx_word' id='word_1_292' title='bbox 454 2395 559 2426; x_wconf 82' lang='lat' dir='ltr'>Gestis</span> <span class='ocrx_word' id='word_1_293' title='bbox 577 2395 714 2437; x_wconf 70' lang='lat' dir='ltr'>Pelagii.</span> <span class='ocrx_word' id='word_1_294' title='bbox 732 2396 816 2426; x_wconf 83' lang='lat' dir='ltr'>liber</span> <span class='ocrx_word' id='word_1_295' title='bbox 831 2406 921 2427; x_wconf 83' lang='lat' dir='ltr'>unus.</span> <span class='ocrx_word' id='word_1_296' title='bbox 1359 2399 1422 2431; x_wconf 87' lang='lat'>556</span> 
     </span>
     <span class='ocr_line' id='line_1_47' title="bbox 216 2446 1428 2484; baseline 0.005 -8"><span class='ocrx_word' id='word_1_297' title='bbox 216 2446 383 2481; x_wconf 77' lang='lat' dir='ltr'>XLVIII.</span> <span class='ocrx_word' id='word_1_298' title='bbox 409 2448 457 2477; x_wconf 81' lang='lat' dir='ltr'>De</span> <span class='ocrx_word' id='word_1_299' title='bbox 474 2447 687 2478; x_wconf 81' lang='lat' dir='ltr'>Correcti0ne</span> <span class='ocrx_word' id='word_1_300' title='bbox 708 2448 965 2484; x_wconf 84' lang='lat' dir='ltr'>Donatistarum,</span> <span class='ocrx_word' id='word_1_301' title='bbox 984 2446 1066 2478; x_wconf 83' lang='lat' dir='ltr'>liber</span> <span class='ocrx_word' id='word_1_302' title='bbox 1088 2458 1182 2479; x_wconf 86' lang='lat' dir='ltr'>unus.</span> <span class='ocrx_word' id='word_1_303' title='bbox 1358 2450 1428 2483; x_wconf 83' lang='lat' dir='ltr'>ibid</span> 
     </span>
    </p>
   </div>
   <div class='ocr_carea' id='block_1_15' title="bbox 219 2498 1325 2644">
    <p class='ocr_par' dir='ltr' id='par_1_18' title="bbox 219 2498 1325 2644">
     <span class='ocr_line' id='line_1_48' title="bbox 222 2498 1180 2535; baseline 0.001 -5"><span class='ocrx_word' id='word_1_304' title='bbox 222 2499 353 2530; x_wconf 85' lang='lat' dir='ltr'>XLIX.</span> <span class='ocrx_word' id='word_1_305' title='bbox 379 2500 430 2530; x_wconf 78' lang='lat' dir='ltr'>De</span> <span class='ocrx_word' id='word_1_306' title='bbox 449 2499 620 2531; x_wconf 83' lang='lat' dir='ltr'>Praesentia</span> <span class='ocrx_word' id='word_1_307' title='bbox 639 2500 697 2531; x_wconf 75' lang='lat' dir='ltr'>Dei</span> <span class='ocrx_word' id='word_1_308' title='bbox 714 2500 753 2531; x_wconf 87' lang='lat' dir='ltr'>ad</span> <span class='ocrx_word' id='word_1_309' title='bbox 775 2499 975 2535; x_wconf 73' lang='lat' dir='ltr'>Dardanum,</span> <span class='ocrx_word' id='word_1_310' title='bbox 990 2498 1073 2530; x_wconf 87' lang='lat' dir='ltr'>liber</span> <span class='ocrx_word' id='word_1_311' title='bbox 1086 2509 1180 2531; x_wconf 86' lang='lat' dir='ltr'>unus.</span> 
     </span>
     <span class='ocr_line' id='line_1_49' title="bbox 219 2551 1323 2595; baseline 0.001 -11"><span class='ocrx_word' id='word_1_312' title='bbox 219 2552 256 2584; x_wconf 86' lang='lat' dir='ltr'>L.</span> <span class='ocrx_word' id='word_1_313' title='bbox 273 2552 396 2583; x_wconf 83' lang='lat' dir='ltr'>Contra</span> <span class='ocrx_word' id='word_1_314' title='bbox 416 2551 578 2591; x_wconf 70' lang='lat' dir='ltr'>Pelagium</span> <span class='ocrx_word' id='word_1_315' title='bbox 592 2557 623 2583; x_wconf 90' lang='lat' dir='ltr'>et</span> <span class='ocrx_word' id='word_1_316' title='bbox 638 2551 819 2583; x_wconf 79' lang='lat' dir='ltr'>Caelestium</span> <span class='ocrx_word' id='word_1_317' title='bbox 835 2552 875 2582; x_wconf 87' lang='lat' dir='ltr'>de</span> <span class='ocrx_word' id='word_1_318' title='bbox 889 2552 1003 2582; x_wconf 61' lang='lat' dir='ltr'>Gratia</span> <span class='ocrx_word' id='word_1_319' title='bbox 1018 2551 1139 2582; x_wconf 87' lang='lat' dir='ltr'>Christi</span> <span class='ocrx_word' id='word_1_320' title='bbox 1155 2557 1185 2583; x_wconf 82' lang='lat' dir='ltr'>et</span> <span class='ocrx_word' id='word_1_321' title='bbox 1200 2552 1238 2584; x_wconf 87' lang='lat' dir='ltr'>de</span> <span class='ocrx_word' id='word_1_322' title='bbox 1249 2563 1323 2595; x_wconf 82' lang='lat' dir='ltr'>pec-</span> 
     </span>
     <span class='ocr_line' id='line_1_50' title="bbox 265 2602 1325 2644; baseline 0.003 -9"><span class='ocrx_word' id='word_1_323' title='bbox 265 2609 336 2635; x_wconf 88' lang='lat' dir='ltr'>cato</span> <span class='ocrx_word' id='word_1_324' title='bbox 357 2602 503 2644; x_wconf 85' lang='lat' dir='ltr'>originali</span> <span class='ocrx_word' id='word_1_325' title='bbox 530 2602 569 2634; x_wconf 90' lang='lat' dir='ltr'>ad</span> <span class='ocrx_word' id='word_1_326' title='bbox 598 2603 769 2641; x_wconf 85' lang='lat' dir='ltr'>Albinam,</span> <span class='ocrx_word' id='word_1_327' title='bbox 795 2602 967 2636; x_wconf 89' lang='lat' dir='ltr'>Piniauum</span> <span class='ocrx_word' id='word_1_328' title='bbox 988 2607 1020 2636; x_wconf 88' lang='lat' dir='ltr'>et</span> <span class='ocrx_word' id='word_1_329' title='bbox 1038 2603 1226 2644; x_wconf 84' lang='lat' dir='ltr'>Melaniam,</span> <span class='ocrx_word' id='word_1_330' title='bbox 1250 2604 1325 2638; x_wconf 89' lang='lat' dir='ltr'>libri</span> 
     </span>
    </p>
   </div>
   <div class='ocr_carea' id='block_1_16' title="bbox 269 2655 1433 2693">
    <p class='ocr_par' dir='ltr' id='par_1_19' title="bbox 269 2655 1433 2693">
     <span class='ocr_line' id='line_1_51' title="bbox 269 2655 1433 2693; baseline 0.004 -6"><span class='ocrx_word' id='word_1_331' title='bbox 269 2655 344 2687; x_wconf 89' lang='lat' dir='ltr'>duo.</span> <span class='ocrx_word' id='word_1_332' title='bbox 1365 2659 1433 2693; x_wconf 87' lang='lat' dir='ltr'>ibid</span> 
     </span>
    </p>
   </div>
   <div class='ocr_carea' id='block_1_17' title="bbox 1363 2504 1424 2545">
    <p class='ocr_par' dir='ltr' id='par_1_20' title="bbox 1363 2504 1424 2545">
     <span class='ocr_line' id='line_1_52' title="bbox 1363 2504 1424 2545; baseline 0 -12"><span class='ocrx_word' id='word_1_333' title='bbox 1363 2504 1424 2545; x_wconf 85' lang='lat'>557</span> 
     </span>
    </p>
   </div>
  </div>
 </body>
</html>
