1769 3235
514 250 727 281 EPISTOLA
764 251 923 282 cctxu.
1314 238 1407 300 399

2 314 6 361 ἕ
34 320 172 369 redire
193 319 350 365 debeas
375 315 426 362 ad
453 316 741 362 concubitum
768 317 865 363 viri.
899 314 1031 372 Quod
1055 316 1168 362 enim
1194 319 1288 364 Deo
1313 319 1411 382 pari

2 409 5 439 ε
33 395 241 438 eonsensu
273 389 401 435 ambo
423 386 635 433 voveratis
653 424 663 443 ,
694 396 1016 450 perseveranter
1048 403 1184 450 usque
1206 387 1251 433 in
1276 388 1409 434 finem

0 499 5 514 .
34 461 211 509 reddere
247 460 377 505 ambo
411 457 620 504 debuistis
644 475 654 502 z
692 475 713 502 a
741 474 826 521 quo
860 458 1085 521 proposito
1110 458 1143 503 si
1173 457 1320 522 lapsus
1349 470 1411 505 est

0 527 5 559 ⁸
33 530 133 586 ille,
174 541 219 575 tu
259 529 409 574 saltem
440 527 783 573 constantissime
818 544 1056 591 persevera.
1094 528 1226 584 Quod
1262 539 1301 575 te
1324 547 1413 575 non

1 593 5 644 1
35 599 298 654 exhortarer,
327 600 408 644 nisi
441 597 542 663 quia
568 598 649 643 tibi
670 597 723 642 ad
749 597 837 642 hoc
861 597 952 659 ipse
979 608 1266 646 consenserat.
1301 600 1413 644 Nam

1 693 4 709 r
35 670 68 719 'si
91 686 318 732 nunquam
353 669 555 713 tenuisses
581 671 670 727 ejus
705 683 947 722 assensum,
971 684 1177 713 numerus
1203 679 1240 714 te
1264 669 1412 716 nullus

0 740 5 805 ξ
32 739 289 786 defendisset
313 756 525 784 annorum
541 776 552 794 ,
577 738 648 784 sed
675 748 773 802 post
799 736 1126 801 quantumlibet
1149 753 1323 803 tempus
1345 757 1413 786 me

1 809 341 859 ²consuluisses,
380 809 493 854 nihil
535 809 615 853 tibi
653 808 772 855 aliud
814 807 1152 871 responderem,
1188 809 1268 854 nisi
1294 810 1415 872 quod

0 903 4 923 s
35 878 95 925 ait
138 878 407 941 Apostolus;
445 900 465 919 «
493 878 608 923 Uxor
636 880 725 924 no'n
754 878 890 924 habet
925 887 1183 941 potestatem
1214 879 1412 942 corporis

0 998 3 1011 7
37 969 57 991 >2
82 949 171 1004 sui,
201 949 273 995 sed
297 950 364 996 vir
381 948 414 996 1.
441 971 460 991 ›>
484 950 546 994 De
566 967 651 1012 qua
673 960 886 1012 potestate
904 949 965 994 sic
985 949 1066 994 tibi
1087 952 1177 1008 jam
1202 950 1414 1012 permise-

0 1027 3 1083 ξ
34 1030 99 1065 rat
128 1020 474 1075 continentiam,
500 1030 546 1065 ut
563 1038 655 1065 eam
678 1031 820 1066 tecum
847 1030 888 1065 et
909 1020 1002 1083 ipse
1019 1019 1268 1082 susciperet.

0 1104 3 1148 ς
99 1090 173 1136 IV.
200 1090 285 1136 Sed
311 1089 420 1135 illud
440 1099 500 1134 est
517 1090 635 1153 quod
659 1091 802 1136 minus
828 1102 868 1136 te
891 1090 1139 1136 observasse
1162 1091 1411 1148 contristor,

0 1160 137 1239 qnia
164 1170 284 1205 tanto
306 1159 518 1205 humilius
536 1170 576 1204 et
603 1160 876 1206 obedientius
899 1160 937 1206 ei
966 1160 1180 1225 obsequi
1170 1177 1214 1205 in
1238 1160 1417 1207 domes-

0 1227 120 1277 tica
147 1230 471 1277 conversatione
496 1229 718 1287 debuisti,
751 1241 916 1295 quanto
952 1230 1024 1276 ille
1059 1229 1297 1290 religiosius
1334 1232 1419 1278 tibi

0 1302 3 1332 ¹
36 1317 127 1346 rem
145 1311 235 1346 tam
263 1317 464 1360 magnam
489 1301 618 1346 etiam
639 1268 854 1347 imitando
879 1310 1161 1347 concesserat.
1188 1302 1288 1347 Non
1306 1303 1423 1348 enim

0 1392 3 1454 j
35 1370 138 1435 quia
167 1370 328 1434 pariter
337 1336 668 1433 otemperabatis
704 1389 726 1417 a
758 1371 1067 1417 commixtione
1095 1371 1293 1427 carnali,
1320 1372 1419 1418 ideo

0 1457 3 1501 μ
37 1451 138 1488 tuus
161 1441 342 1486 maritus
365 1457 452 1485 esse
476 1440 728 1495 destiterat;
754 1442 842 1487 imo
861 1458 961 1488 vero
987 1451 1109 1486 tanto
1134 1441 1324 1487 sanctius
1347 1442 1420 1487 in·-

0 1505 3 1566 ji
39 1521 102 1556 ter
120 1527 194 1557 vos
211 1514 418 1570 conjuges
432 1511 692 1567 manebatis,
691 1522 878 1574 quanto
902 1511 1119 1557 sancti0ra
1137 1511 1418 1557 concorditer

0 1579 200 1644 placita
222 1579 631 1627 servabatis.iNil1il
653 1598 753 1641 ergo
778 1581 832 1626 de
862 1592 935 1627 tua
963 1591 1106 1635 veste,
1133 1580 1247 1626 nihil
1266 1581 1319 1627 de
1344 1593 1418 1628 tuo

0 1651 3 1707 ἰ
41 1666 144 1696 auro
181 1649 249 1695 vel
287 1660 462 1710 argento
498 1650 564 1697 iel
601 1668 882 1731 quacumque
917 1650 1138 1714 pecunia,
1183 1661 1258 1696 aut
1291 1652 1423 1698 rebus

0 1724 3 1798 Ι
42 1718 142 1765 ullis
164 1719 344 1765 terrenis
380 1721 465 1766 tuis
497 1720 586 1766 sine
620 1722 803 1767 arbitrio
833 1725 924 1781 ejus
956 1721 1096 1767 facere
1120 1720 1340 1777 debuisti,
1368 1738 1423 1767 ne

0 1801 3 1842 Ι
41 1789 350 1836 scandalizares
370 1790 613 1847 hominem,
631 1792 707 1855 qui
730 1793 819 1838 Deo
845 1802 991 1838 tecum
1018 1795 1187 1851 majora
1211 1802 1420 1846 voverat3

0 1845 3 1940 1
43 1870 84 1906 et
101 1861 155 1905 ab
178 1878 227 1906 eo
247 1860 367 1924 quod
385 1860 438 1906 de
458 1872 531 1906 tua
551 1879 679 1908 carne
697 1862 818 1908 licita
838 1873 1053 1926 potestate
1073 1872 1217 1925 posset
1237 1863 1417 1923 exigere,

0 1944 3 1993 ξ
44 1931 316 1978 continenter
337 1933 619 1980 abstinuerat.

0 2003 2 2065 !
111 2002 160 2048 V.
192 2003 390 2066 Denique
418 2003 579 2050 factum
607 2015 670 2050 est
695 2015 744 2051 ut
764 2004 992 2051 vinculum
1010 2003 1310 2059 continentiae,
1336 2020 1424 2067 quo

0 2075 1 2081 ’
46 2089 88 2118 se
108 2071 290 2118 dilectus
323 2073 395 2118 ille
427 2075 703 2130 innexuerat,
732 2085 1011 2137 contemptus
1037 2074 1351 2138 abrumperet,
1383 2084 1428 2119 et

0 2091 3 2192 1
46 2142 181 2188 iratus
198 2142 282 2188 tibi
301 2160 389 2188 non
404 2156 604 2207 parceret
626 2145 723 2190 sibi.
747 2145 870 2190 Sicut
887 2145 999 2190 enim
1024 2144 1136 2189 mihi
1155 2143 1303 2189 retulit
1322 2160 1426 2206 per-

0 2198 3 2308 '
46 2211 160 2259 lator
196 2213 393 2275 epistolae
430 2225 544 2270 tuae‚
589 2232 689 2261 cum
723 2214 994 2275 cognovisset
1026 2212 1146 2277 quod
1186 2213 1332 2259 omnia
1358 2213 1428 2259 vel

0 2314 3 2353 Ι
47 2300 158 2346 pene
182 2284 328 2329 omnia
347 2322 358 2341 ,
387 2303 486 2348 quae
510 2286 708 2331 habebas
728 2323 738 2341 ,
763 2286 908 2331 nescio
929 2285 1092 2348 quibus
1117 2284 1294 2330 duobus
1314 2294 1432 2328 tran-

0 2363 3 2428 ξ
47 2354 269 2399 seuntibus
296 2357 525 2401 monachis
558 2367 765 2420 tanquam
789 2355 1062 2418 pauperibus
1089 2353 1304 2413 eroganda
1341 2353 1427 2398 do-

0 2432 3 2486 }
50 2424 246 2479 naveris3
282 2434 388 2472 tunc
418 2427 491 2472 ille
519 2427 733 2473 detestans
764 2443 834 2471 eos
857 2437 1002 2472 tecum
1021 2464 1031 2483 ‚
1059 2436 1101 2471 et
1124 2443 1212 2471 non
1238 2425 1319 2470 Dei
1337 2442 1429 2470 ser-

0 2493 3 2531 {

0 2547 3 2564 1

2 2539 3 2542 ,
51 2509 142 2553 VOS,
165 2494 239 2540 sed
255 2495 410 2543 domus
425 2497 576 2544 alienae
588 2508 885 2562 penetratores
906 2508 948 2544 et
966 2508 1062 2544 tuos
1082 2496 1370 2560 captivatores
1388 2505 1430 2544 et

100 2576 112 2598 ¹
131 2587 144 2608 1
163 2577 242 2612 Cor.
259 2588 318 2619 vn,
334 2584 367 2617 4.
