1769 3235
316 251 401 309 148
727 264 763 294 s.
807 263 1052 294 Aucusrrm
1086 263 1291 294 EPISCOPI

378 334 460 380 III.
486 332 585 377 Non
603 330 747 393 itaque
772 329 1150 393 reprehendimus,
1179 329 1352 375 domine
1372 328 1519 375 eximie
1542 341 1582 376 et
1599 330 1678 377 ho-

313 402 521 449 norabilis
554 401 644 456 fili,
680 399 798 463 quod
836 399 937 445 tales
970 399 1166 445 homines
1199 399 1313 462 apud
1348 401 1679 460 Thamugadem

310 473 433 537 prius
445 471 588 517 edicto
599 469 893 518 admonendos
910 470 1155 516 existimasti
1172 489 1181 515 τ
1200 470 1271 516 sed
1288 470 1485 533 quodibi
1503 471 1647 517 dixisti
1665 490 1676 517 :

311 567 330 585 «
358 542 572 589 Noveritis
589 559 663 587 vos
682 541 843 587 debitae
866 541 959 586 neci
984 541 1149 586 dandos
1169 579 1179 598 ‚
1205 564 1224 583 >2
1245 553 1511 604 putaverunt
1531 579 1542 598 ‚
1569 543 1682 588 sicut

311 632 461 662 eorum
490 612 700 675 rescripta
723 610 943 665 indicant,
982 611 1069 657 hoc
1106 624 1144 656 te
1178 612 1306 657 fuisse
1335 612 1647 658 comminatum
1665 650 1676 668 ‚

310 685 430 748 quod
456 694 500 729 tu
525 682 622 728 illos
650 680 947 746 apprehensos
967 681 1107 727 fueras
1138 683 1381 738 occisurus,
1409 700 1496 728 non
1524 682 1682 728 intelli-

312 766 454 816 gentes
479 754 532 800 de
563 753 637 799 illa
666 770 790 809 nece,
829 769 959 816 quam
998 752 1081 814 ipsi
1113 751 1193 796 sibi
1228 751 1381 797 volunt
1408 752 1619 812 ingerere,
1642 763 1683 798 te

309 826 520 872 locutum.
548 825 647 869 Non
669 824 782 868 enim
805 823 913 868 tuin
934 826 1088 881 eosjus
1112 822 1243 881 gladii
1267 822 1360 867 ullis
1378 822 1546 882 legibus
1566 840 1684 868 acce-

311 896 436 960 pisti,
462 893 849 958 autimperialibus
867 893 1112 938 constitutis
1128 929 1139 948 ‚
1172 909 1362 956 quorum
1387 893 1468 938 tibi
1485 895 1684 952 injuncta

310 977 372 1012 est
392 966 584 1011 executio
602 1003 613 1020 ‚
634 966 722 1010 hoc
750 974 1025 1027 praeceptum
1050 975 1112 1009 est
1149 973 1197 1008 ut
1231 974 1454 1009 necentur.
1480 963 1684 1009 Secundo

308 1054 406 1082 sane
424 1036 566 1081 edicto
581 1034 823 1080 dilectionis
844 1044 930 1079 tuae
945 1033 1114 1096 planius
1126 1033 1232 1096 quid
1251 1033 1436 1079 volueris
1457 1033 1676 1097 aperuisti.

310 1107 442 1163 Quod
476 1117 619 1151 autem
650 1106 781 1150 etiam
818 1104 960 1168 ipsum
992 1103 1282 1167 episcopum‘1
1314 1104 1488 1150 illorum
1522 1104 1685 1167 putasti

309 1177 461 1223 litteris
495 1175 858 1239 alloquendum„
898 1175 1210 1220 humanissime
1244 1174 1492 1231 ostendisti,
1524 1185 1687 1238 quanta
1754 1218 1756 1231 ί

308 1247 641 1294 mansuetudine
661 1247 886 1310 temperati
901 1247 985 1292 sint
1005 1247 1051 1291 in
1076 1246 1296 1292 catholica
1315 1246 1507 1291 Ecclesia
1523 1283 1534 1301 ,
1558 1246 1687 1291 etiam
1754 1246 1757 1294 ἶ

310 1319 386 1382 qui
407 1328 618 1382 potestate
641 1316 869 1362 christiani
894 1316 1175 1379 Imperatoris
1194 1353 1205 1371 ‚
1229 1316 1316 1361 sive
1344 1315 1543 1361 terrendo
1560 1353 1571 1372 ,
1600 1316 1687 1362 sive
1754 1315 1757 1320 ’

308 1389 541 1453 plectendo
566 1387 832 1448 corrigendis
854 1387 1158 1450 praeficiuntur
1194 1387 1434 1443 erroribus;
1459 1387 1541 1432 nisi
1566 1387 1688 1450 quod

307 1459 769 1507 honorificentioribus
804 1475 903 1504 eum
936 1458 1078 1505 verbis
1118 1459 1311 1504 tractasti
1341 1475 1473 1521 quam
1506 1457 1688 1505 decebat

310 1534 584 1580 haereticum.

375 1606 451 1653 1V.
478 1606 561 1651 Sed
583 1605 701 1668 quod
719 1608 755 1664 ej
765 1622 810 1650 us
831 1604 1103 1667 responsioni
1125 1621 1190 1650 me
1212 1604 1470 1667 respondere
1491 1603 1685 1661 voluisti,

311 1678 441 1725 credo
462 1689 501 1723 te
521 1677 781 1722 arbitratum
806 1677 936 1721 etiam
960 1675 1046 1721 hoc
1069 1675 1508 1735 Thamugadensibus
1532 1675 1690 1721 debere

311 1747 537 1811 praestari,
569 1757 614 1792 ut
633 1746 760 1791 fallax
782 1745 980 1791 doctrina
1006 1745 1165 1807 ipsius,
1191 1763 1211 1790 a
1235 1762 1322 1807 quo
1347 1745 1685 1802 seducebantur,

315 1818 537 1880 aliquanto
558 1816 805 1876 diligentius
826 1815 1045 1860 refellatur
1069 1833 1078 1859 :
1104 1832 1251 1860 verum
1275 1833 1351 1860 nos
1378 1826 1419 1860 et
1446 1816 1690 1878 occupatis-

316 1888 413 1933 simi
431 1904 602 1941 sumus,
621 1894 765 1945 etjam
790 1887 834 1931 in
860 1886 951 1930 aliis
970 1885 1168 1948 plurimis
1187 1886 1408 1948 opusculis
1431 1887 1585 1932 nostris
1601 1887 1691 1933 hu-

311 1957 504 2018 jusmodi
522 1957 771 2020 vaniloquia
790 1955 1090 2002 refutavimus.
1114 1957 1211 2000 Jam
1224 1956 1337 2001 enim
1357 1957 1500 2002 nescio
1523 1957 1692 2020 quoties

319 2028 589 2093 disputando
613 2039 654 2073 et
681 2027 912 2074 scribendo
940 2027 1324 2082 monstravimus2‚
1353 2043 1440 2072 non
1467 2045 1538 2074 eos
1569 2044 1692 2091 posse

322 2102 481 2145 habere
505 2104 751 2161 Martyrum
771 2109 954 2143 mortem
972 2135 982 2153 ,
1012 2098 1113 2160 quia
1136 2097 1484 2143 Christianorum
1502 2115 1587 2143 non
1615 2099 1693 2143 ha-

319 2171 425 2215 bent
445 2169 603 2225 vitam,
632 2185 732 2214 cum
755 2169 992 2231 Martyrem
1011 2184 1097 2212 non
1121 2166 1250 2212 faciat
1269 2184 1424 2229 poena,
1447 2167 1520 2212 sed
1540 2184 1684 2215 causa.

325 2241 563 2285 Docuinius
577 2239 704 2284 etiam
721 2238 907 2283 liberum
931 2237 1158 2282 arbitrium
1178 2237 1237 2281 sic
1252 2237 1424 2282 homini
1443 2237 1593 2282 datum
1611 2275 1621 2292 ‚
1645 2247 1693 2283 ut
1749 2231 1753 2278 ἕ

320 2324 464 2356 tamen
488 2321 530 2356 et
559 2309 716 2355 divinis
741 2308 909 2368 legibus
931 2319 972 2353 et
999 2308 1201 2353 humanis
1233 2307 1466 2353 rectissime
1495 2307 1692 2367 gravium

320 2381 534 2445 supplicia
559 2380 794 2426 constituta
818 2379 902 2424 sint
922 2389 1201 2442 peccatorum
1226 2396 1235 2422 ε
1261 2388 1302 2422 et
1322 2378 1536 2440 pertinere
1557 2377 1610 2422 ad
1631 2394 1690 2422 re·

320 2451 491 2511 ligiosos
512 2467 628 2510 reges
648 2461 773 2495 terrae
789 2486 800 2504 ‚
832 2466 919 2494 11011
949 2448 1089 2494 solum
1122 2447 1332 2492 adulteria
1363 2447 1430 2493 vel
1454 2446 1692 2492 homicidia

318 2522 386 2568 vel
405 2521 660 2582 liujusmodi
678 2520 760 2565 alia
782 2519 944 2579 flagitia
965 2536 1037 2564 seu
1063 2517 1281 2574 facinora,
1303 2535 1452 2566 verum
1476 2517 1606 2563 etiam
1629 2534 1693 2563 sa-

362 2607 371 2628 1
388 2604 605 2636 Gaudentium
625 2602 934 2644 Thamugadensem.
950 2620 995 2625 -—
1009 2600 1024 2623 ²
1042 2602 1076 2632 In
1092 2601 1185 2643 epist.
1215 2601 1289 2632 185.
