1769 3235
433 256 837 289 RETRACTArioNUM
873 259 959 289 LlB.
1001 258 1032 289 1.
1321 242 1416 305 449

44 347 65 369 J)
86 323 339 380 Ecclesiam,
373 334 474 369 etse
497 324 641 386 ipsum
666 323 857 368 tradidit
878 341 962 386 pro
983 341 1030 369 ea
1047 361 1057 380 ,
1081 323 1299 369 mundans
1326 340 1421 369 eam

46 418 66 439 »
91 396 263 441 lavacro
288 410 413 458 aquae
434 394 477 439 in
502 394 654 449 verb0,
673 403 721 438 ut
739 393 958 439 exhiberet
979 395 1061 440 sibi
1086 394 1312 454 gloriosam
1327 395 1419 444 Ec·-

44 487 65 509 »
81 466 271 522 clesiam,
295 483 384 510 non
407 464 640 510 habentem
657 463 871 509 maculam
894 475 1147 524 autrugam,
1169 475 1244 510 aut
1258 463 1423 527 aliquid

43 557 65 578 >2
82 535 337 596 hujusmodi
356 534 390 581 1.
419 556 440 576 »
462 535 547 580 Hic
586 544 648 579 est
663 533 778 578 enim
808 533 1031 580 lavacrum
1056 552 1181 597 aquae
1204 535 1249 581 in
1270 535 1422 593 verbo,

44 623 132 669 quo
159 605 394 651 mundatur
434 604 643 651 Ecclesia.
685 603 770 650 Sed
806 621 907 649 cum
948 616 1037 650 tota
1072 606 1191 651 dicat
1226 605 1423 668 quandiu

44 676 118 722 hic
130 686 192 722 est
209 693 219 720 ε
238 676 453 722 «Dimitte
470 675 596 721 nobis
625 674 774 720 debita
804 685 950 720 nostra
967 676 980 696 ²
1000 693 1009 720 ε
1027 698 1046 717 »
1067 693 1155 721 non
1174 676 1325 739 utique
1345 676 1420 721 hic

44 757 106 792 est
123 747 213 792 sine
229 747 399 792 macula
420 758 461 792 et
480 762 602 806 ruga,
642 756 716 791 aut
751 745 916 809 aliquid
946 746 1159 806 ejusmodi
1181 763 1191 790 ε
1215 763 1263 791 ex
1285 763 1334 792 eo
1353 757 1423 791 ta-

45 834 144 862 men
166 816 286 880 quod
316 816 391 862 hic
429 817 608 880 accipit,
641 815 695 861 ad
727 815 848 861 illam
870 815 1073 876 gloriam,
1103 832 1204 879 quae
1228 816 1304 862 hic
1338 833 1425 862 non

44 897 124 941 est,
150 886 549 949 perfectionemque
571 884 842 949 perducitur.

111 956 186 1002 Vl.
213 957 264 1001 In
290 955 375 1001 alio
394 956 509 1002 libro
534 959 658 1016 cujus
683 966 745 1001 est
763 955 918 1001 titulus
938 957 998 1001 cle
1022 956 1240 1002 Moribus
1267 956 1427 1000 Mani—

46 1028 301 1082 clzoeorum,
317 1026 428 1073 illud
449 1026 569 1090 quod
581 1026 684 1077 dixi,
714 1030 811 1072 Dea·
826 1027 1010 1072 bonitas
1024 1031 1187 1072 omnia
1209 1026 1430 1088 deficien-

48 1103 113 1143 tia
128 1102 195 1143 sic
215 1095 425 1154 ordinat,
448 1109 500 1142 uc
516 1097 689 1142 z‘bc'silzt
714 1096 794 1141 ubi
814 1101 1230 1159 congruenlclfsime
1239 1100 1430 1159 possint

47 1186 163 1226 esse,
202 1169 351 1213 donec
376 1168 605 1213 ordc'nalls
630 1168 829 1213 motibus
852 1170 921 1213 acl
960 1169 1013 1213 c'cl
1044 1178 1282 1213 recurrant
1311 1167 1436 1212 unde

47 1238 330 1298 defecerunt,
373 1254 463 1283 non
506 1238 567 1283 sic
594 1237 900 1301 accipiendum
925 1248 1003 1294 est,
1044 1248 1252 1302 tanquam
1291 1235 1439 1282 omnia

47 1319 274 1356 recurrant
295 1307 349 1354 ad
369 1308 416 1354 id
431 1308 545 1355 unde
564 1307 834 1365 defecerunt,
852 1309 964 1355 sicut
988 1309 1168 1369 Origeni
1186 1309 1326 1355 visum
1347 1318 1432 1360 est;

49 1380 122 1427 sed
140 1398 188 1427 ea
212 1381 360 1427 omnia
403 1397 502 1444 quae
546 1391 793 1426 recurrunt.
837 1382 936 1426 Non
979 1381 1094 1426 enim
1118 1390 1341 1426 recurrent
1379 1379 1433 1425 ad

49 1453 193 1498 Deum
212 1470 234 1498 a
256 1469 343 1516 quo
364 1451 638 1508 defecerunt,
668 1453 745 1514 qui
763 1452 1026 1514 sempiterno
1044 1451 1141 1512 igne
1161 1452 1401 1514 punientur
1419 1468 1430 1495 :

0 1581 1 1590 ἵ
49 1522 247 1586 quamvis
267 1522 412 1568 omnia
430 1520 675 1568 deficientia
693 1522 754 1567 sic
781 1522 1051 1579 ordinentur,
1068 1532 1116 1567 ut
1142 1522 1219 1567 ubi
1235 1521 1335 1577 sint,
1353 1521 1434 1567 ubi

0 1625 1 1634 η
49 1593 433 1654 congruentissime
455 1594 623 1656 possint
647 1611 733 1640 esse
762 1611 772 1638 :
800 1594 903 1658 quia
924 1605 965 1639 et
992 1593 1053 1639 illi
1074 1593 1150 1657 qui
1173 1610 1261 1639 non
1278 1609 1431 1639 recur-

56 1675 178 1720 runt,
209 1664 591 1724 congruentissime
615 1664 660 1709 in
699 1680 835 1727 poena
867 1675 980 1711 sunt.
1017 1664 1114 1711 Alio
1134 1664 1249 1721 loco,
1278 1668 1431 1710 Nemo

46 1734 164 1794 sere,
208 1735 404 1798 inquam,
444 1734 500 1779 de
535 1735 790 1780 scarabcez's
830 1734 1030 1786 dubitat,
1066 1739 1184 1798 quin
1216 1735 1276 1780 cle
1309 1737 1430 1795 simo

0 1831 1 1834 ¹
54 1810 103 1851 in
115 1807 272 1870 pilam
310 1807 564 1852 rotundato
604 1807 668 1852 ab
705 1807 778 1852 lzis
812 1818 955 1870 atque
991 1806 1158 1852 obruto
1198 1811 1433 1853 existant:
1500 1863 1508 1867 „

0 1905 1 1933 ᾗ
52 1894 154 1923 cum
175 1877 263 1923 hoc
288 1888 435 1923 utrum
459 1893 613 1923 verum
637 1877 708 1933 sit,
732 1877 860 1922 multi
884 1877 1106 1934 dubitent,
1134 1876 1262 1922 multi
1284 1894 1337 1922 ne
1357 1893 1430 1923 au-

53 1948 240 1995 diverint
263 1948 456 2013 quidem.
502 1949 600 1995 Hoc
625 1949 752 2012 Opus
775 1949 836 1995 sic
857 1949 1038 2012 incipit:
1082 1954 1140 1994 JJz
1168 1949 1275 1994 aliis
1297 1949 1428 1995 libris

52 2025 166 2066 satis
186 2024 355 2083 opinor
378 2024 527 2082 egisse
550 2037 650 2067 nor.

102 2120 113 2142 ¹
131 2119 246 2164 Ephes.
261 2131 291 2159 v,
313 2120 432 2161 25-27.
451 2137 493 2144 —
511 2117 527 2141 ²
542 2118 660 2153 Matth.
681 2129 729 2164 vx,
752 2130 807 2154 12.

224 2664 411 2696 CXLVIII.
1254 2669 1314 2715 29
