1769 3235
312 262 372 308 30
711 277 745 303 s,
792 273 1031 303 Arcusriffl
1067 274 1269 304 Ei‘iscom

311 357 441 402 super
465 339 650 384 animam
668 338 932 394 mortuaml,
958 339 1045 384 hoc
1065 350 1123 384 est
1147 377 1157 386 .
1187 356 1316 401 super
1339 338 1532 385 defuncti
1549 338 1679 384 cada-

310 427 401 464 ver,
427 420 474 454 ut
492 409 665 454 nomine
685 410 840 454 animae
867 419 1073 455 morture.
1100 421 1317 454 mortuum
1338 426 1496 473 corpus
1513 408 1676 454 intelli-

316 490 459 540 gatur,
480 480 598 543 quod
618 480 803 524 animam
824 479 1098 526 continebat:
1116 498 1216 543 qma
1242 491 1281 524 vt
1304 480 1476 525 absente
1490 478 1677 542 populo,

314 549 362 597 id
400 559 484 605 est,
519 548 719 603 ecclesia,
762 548 882 594 locus
920 559 1057 593 tamen
1092 552 1159 593 itte
1195 549 1479 594 nihilominus
1506 548 1683 594 ecclesia

316 630 612 682 nuncupatur.
643 620 750 664 Haec
775 619 1155 681 responderentur,
1175 620 1230 666 si.
1252 629 1298 664 ut
1321 619 1431 673 dixi,
1455 618 1682 664 foeminino
1750 661 1753 674 f

315 706 466 752 genere
483 689 673 752 positum
697 699 830 742 esset;
855 709 876 730 (ι
898 689 1011 745 Quae
1043 690 1235 734 exierunt
1259 689 1312 734 de
1334 688 1572 734 femoribus
1602 690 1684 734 Ja-
1749 687 1753 742 ζ

317 779 338 801 »
358 759 443 805 cob
457 795 468 815 ‚
487 780 506 801 »
530 758 575 804 id
600 769 684 812 est,
704 775 805 821 quae
825 759 997 806 animae.
1029 760 1155 805 lNunc
1171 776 1269 806 vero
1282 776 1382 805 cum
1397 758 1685 804 masculinum
1750 763 1752 814 ξ

317 846 449 889 genus
483 829 537 874 sit
569 830 783 892 positu1n3
810 829 857 875 id
882 840 973 884 est,
1008 830 1133 886 «Qui
1157 830 1349 875 exierunt
1374 829 1428 874 de
1448 828 1686 874 femoribus
1747 823 1751 876 }

318 921 339 943 »
362 900 553 955 Jacob23
576 922 594 941 η
615 900 711 962 quis
730 917 817 946 non
843 900 900 945 ita
920 899 1156 958 intelligere
1175 900 1318 956 malit,
1340 901 1503 946 Omnes
1531 900 1686 945 animae
1749 911 1751 917 ⁴

316 987 488 1024 eorum,
518 971 595 1033 qui
619 972 809 1016 exierunt
833 971 887 1016 de
914 970 1151 1015 femoribus
1183 974 1300 1029 ejus,
1327 970 1373 1016 id
1408 980 1494 1025 est,
1529 971 1687 1016 animae
1748 979 1751 986 ’

315 1039 544 1085 hominum
575 1057 585 1084 ε
613 1050 662 1084 ut
679 1040 806 1084 etiam
834 1040 893 1084 sic
930 1040 1095 1102 possint
1120 1039 1300 1100 intelligi
1323 1039 1560 1085 secundum
1586 1054 1688 1086 cor·
1749 1067 1751 1071 ·

316 1127 400 1173 pus
431 1109 731 1169 tantummodo
760 1110 904 1156 exiisse
934 1110 1132 1156 homines
1163 1109 1216 1155 de
1246 1111 1486 1156 femoribus
1520 1110 1684 1174 patris,

316 1196 504 1244 quorum
529 1190 651 1224 erant
671 1179 759 1225 itlae
779 1180 936 1225 animae
960 1197 1039 1243 per
1056 1197 1242 1243 quarum
1266 1197 1497 1227 numerum
1523 1179 1688 1226 intelli-
1748 1201 1749 1206 ¹

316 1261 479 1311 guntur
503 1260 567 1295 tot
590 1250 802 1297 homines.
1747 1245 1749 1257 ¹

381 1321 478 1366 XX.
507 1320 668 1366 Vellem
696 1331 837 1366 autem
866 1320 1004 1380 legere
1030 1320 1228 1367 libellum
1262 1331 1388 1367 tuum
1416 1325 1542 1382 cujus
1566 1336 1688 1366 men·
1744 1312 1750 1364 Ῐ

319 1390 481 1437 tionem
501 1389 637 1437 fecisti
656 1390 702 1436 in
720 1390 874 1436 litteris
895 1391 1000 1447 tuis,
1028 1408 1082 1436 ne
1108 1391 1220 1437 forte
1239 1391 1382 1455 aliqua
1406 1392 1470 1438 ibi
1492 1391 1689 1438 testimo-
1746 1399 1747 1405 ’

318 1460 390 1508 nia
416 1477 503 1506 non
532 1460 737 1520 ambigua
762 1461 957 1523 posuisti.
998 1463 1033 1508 A
1064 1478 1131 1507 me
1155 1472 1299 1507 autem
1328 1479 1430 1508 cum
1451 1462 1691 1526 quaesiisset
1745 1470 1747 1514 ἶ

321 1531 486 1577 amicus
523 1531 633 1576 mihi
667 1531 971 1578 charissimus³
1000 1543 1042 1578 et
1075 1533 1323 1578 divinarum
1356 1532 1692 1578 studiosissimus
1746 1531 1747 1536 ’

319 1601 580 1648 Litterarum
597 1638 608 1657 ‚
635 1601 743 1664 quid
764 1601 817 1647 (le
841 1602 926 1648 hac
951 1603 1192 1667 quaestione
1221 1603 1422 1648 sentirem
1441 1639 1452 1658 ‚
1479 1603 1604 1666 eique
1619 1617 1691 1647 re·-

318 1682 437 1717 mota
455 1672 738 1727 verecundia,
764 1671 869 1718 hinc
894 1683 1024 1718 aestus
1041 1690 1156 1719 meos
1177 1684 1218 1719 et
1240 1673 1530 1733 ignorantiam
1555 1672 1691 1718 fassus
1745 1686 1747 1688 ·

318 1757 475 1797 essem,
512 1742 684 1804 scripsit
716 1741 817 1787 inde
849 1742 974 1803 longe
1012 1754 1126 1788 trans
1157 1761 1273 1789 mare
1299 1743 1353 1789 ad
1386 1742 1689 1789 doctissimum

318 1811 459 1858 virum
485 1828 496 1856 :
519 1813 590 1857 cui
617 1812 834 1875 rescripsit
855 1812 974 1869 ille&
999 1824 1048 1859 ut
1068 1813 1215 1877 potius
1234 1831 1301 1860 me
1315 1813 1580 1868 consuleret,
1599 1812 1691 1858 nes'-
1743 1825 1745 1829 ’

321 1881 437 1928 ciens
455 1881 573 1944 quod
593 1885 684 1940 jam
702 1881 885 1938 fecerat,
908 1900 987 1929 nec
1008 1883 1174 1946 aliquid
1197 1902 1220 1928 a
1245 1901 1311 1929 me
1334 1895 1502 1929 certum
1533 1900 1582 1928 ac
1609 1882 1690 1928 de-

320 1952 491 1999 finitum
532 1952 682 1997 audire
717 1964 934 2015 potuerat.
975 1955 1248 2013 Significavit
1287 1956 1505 2000 tamenin
1539 1952 1690 1998 eadem

319 2022 445 2069 brevi
470 2022 665 2085 Epistola
682 2040 779 2079 sua,
804 2041 846 2069 se
863 2024 1008 2086 potius
1025 2025 1117 2070 fieri
1134 2042 1263 2088 quam
1280 2024 1694 2088 propagarianimas
1739 2053 1744 2060 ι

321 2094 509 2144 credere.
545 2093 684 2139 Simul
705 2094 833 2140 etiam
858 2095 1092 2142 admonens
1118 2097 1359 2142 animarum
1375 2096 1659 2159 propaginem
1675 2131 1688 2153 ‚
1740 2105 1744 2114 ’

324 2166 451 2229 (quia
472 2165 624 2228 ipsein
644 2165 822 2211 Oriente
838 2167 924 2229 est)
945 2166 1274 2214 occidentalem
1299 2167 1534 2213 Ecclesiam
1557 2166 1692 2212 solere
1742 2207 1743 2235 3

323 2237 491 2283 sentire.
522 2236 616 2280 Hac
639 2252 716 2295 ego
743 2240 903 2295 majore
922 2239 1145 2283 occasione
1170 2248 1419 2301 comperta,
1450 2238 1605 2300 scripsi
1635 2236 1693 2282 ad
1736 2263 1743 2303 s

321 2323 417 2352 eum
447 2324 535 2352 non
558 2307 732 2351 brevem
757 2307 966 2364 librum⁵‚
1000 2309 1225 2354 consulens
1243 2326 1340 2355 eum
1360 2345 1371 2365 ,
1399 2320 1440 2355 et
1471 2320 1620 2372 petens
1644 2319 1692 2355 ut
1738 2331 1743 2377 ζ

322 2377 443 2440 prius
462 2393 526 2421 nie
546 2376 724 2432 doceat,
749 2387 790 2423 et
809 2388 912 2424 tunc
940 2379 993 2424 ad
1018 2397 1082 2425 me
1106 2381 1248 2425 mittat
1271 2397 1381 2444 quos
1403 2380 1599 2428 doceam,
1737 2435 1742 2440 Ι

384 2449 508 2494 xxi.
536 2447 625 2505 Qui
645 2448 753 2495 liber
773 2467 889 2496 meus
917 2460 965 2496 ut
988 2468 1076 2497 non
1093 2451 1284 2498 doctoris
1305 2452 1378 2499 sed
1395 2452 1688 2516 inquisitoris,
1737 2476 1743 2490 *-

371 2548 381 2570 ¹
403 2547 498 2579 Num.
517 2558 548 2578 ix
566 2572 575 2588 ,
607 2558 645 2577 10
661 2570 671 2586 ‚
693 2558 802 2579 11.-—
817 2547 832 2570 ²
849 2550 932 2582 Gen.
950 2559 1024 2580 xxm
1043 2574 1053 2591 ‚
1072 2550 1129 2584 23.
1152 2566 1195 2573 -
1214 2547 1228 2572 ³
1247 2548 1450 2582 Marcellinus
1481 2567 1523 2575 ·—
1544 2546 1690 2583 witero·

322 2612 435 2647 nymus
452 2612 520 2645 sup.
536 2603 629 2645 epist.
651 2604 724 2636 165.
741 2620 784 2628 --—
802 2602 816 2626 5
830 2603 931 2647 Epist.
954 2606 1029 2637 166.
