1769 3235
312 226 368 271 72
730 226 762 255 S.
809 226 1050 255 Atous‘lml
1086 226 1288 257 Episcopi

306 288 433 334 etiam
460 290 768 352 propheticum
792 291 1081 337 testimonium
1106 304 1415 356 consequenter
1435 309 1649 339 assumens
1665 327 1676 348 ‚

309 379 329 399 «
350 358 470 405 Sicut
489 361 701 423 scripturn
723 371 813 413 est,
841 361 983 424 inquit
1002 399 1012 416 ‚
1041 362 1179 407 Jacob
1197 363 1324 408 dilexi
1345 400 1356 417 ‚
1388 364 1501 409 Esau
1534 373 1678 408 autem
1740 389 1742 426 3

311 449 331 470 >2
352 428 452 475 odio
485 430 651 476 habui:
676 453 695 472 »
726 442 768 476 et
790 432 997 477 continuo
1015 469 1025 488 ,
1056 453 1076 473 «
1099 433 1216 489 Quid
1238 450 1338 493 ergo
1359 432 1575 484 dicemus,
1606 433 1679 478 in-

309 520 330 541 »
355 500 468 563 quit,
493 501 719 565 Numquid
748 501 953 565 iniquitas
975 513 1036 548 est
1054 504 1171 566 apud
1203 508 1342 549 Deum
1359 504 1376 548 Ρ
1395 504 1584 551 absit4.»
1598 502 1684 549 Sed
1741 544 1744 568 3

310 575 445 634 quar‘e
460 609 470 623 ,
499 594 518 613 «
534 572 692 619 Absit?
709 595 729 615 »
753 575 818 618 An
839 585 1019 636 propter
1041 591 1172 637 opera
1198 592 1297 638 quae
1320 575 1464 621 future
1485 574 1685 638 praescie-

310 640 390 687 bat
417 643 677 689 amborum?
714 645 807 690 Imo
841 655 883 689 et
907 645 992 691 hoc
1030 646 1155 692 absin
1192 666 1212 686 α
1234 646 1372 708 Moysi
1398 646 1514 693 enim
1536 645 1645 690 dicit
1667 681 1678 701 ‚
1742 699 1744 702 v

308 732 329 754 ι)
346 712 582 758 Miserebor
605 713 675 760 cui
702 715 900 761 misertus
917 732 1009 771 ero,
1036 725 1077 760 et
1105 715 1442 761 misericordiam
1460 714 1682 779 praestabo

311 802 332 822 n
350 782 420 828 cui
442 783 682 829 misericors
704 784 841 832 fuero.
875 786 1015 845 Igitur
1038 803 1124 831 non
1144 786 1325 831 volentis
1347 803 1486 850 neque
1502 802 1685 831 curren-

308 874 330 895 »
352 853 420 908 tis,
448 853 520 899 sed
547 855 785 901 miserentis
803 866 864 901 est
897 857 1022 903 Deiffi.
1051 878 1072 897 ›>
1096 864 1238 920 Atque
1263 868 1311 902 ut
1336 856 1381 902 in
1415 856 1524 902 vasis
1546 892 1556 911 ‚
1586 871 1688 920 quae
1745 890 1747 894 Α

311 924 503 987 perfecta
532 937 631 971 sunt
668 926 712 971 in
747 921 1060 989 perditionem,
1085 944 1185 990 quae
1209 927 1427 973 damnatae
1451 926 1598 972 debita
1627 935 1689 971 est
1744 979 1747 982 ι

309 1011 478 1049 massae,
508 1006 742 1055 agnoscant
765 1013 863 1041 vasa
886 1014 932 1042 ex
954 997 1101 1041 eadem
1126 1015 1259 1042 massa
1276 999 1322 1042 in
1341 997 1550 1042 honorem
1573 995 1688 1041 facta
1745 1049 1747 1055 Α

312 1064 419 1127 quid
446 1064 504 1109 eis
527 1065 822 1111 misericordia
842 1065 988 1112 divina
1010 1066 1161 1126 largita
1187 1069 1259 1122 sit;
1281 1066 1435 1112 «Dicit
1453 1066 1566 1112 enim
1582 1103 1592 1121 ‚
1616 1065 1689 1111 iu-

314 1155 334 1174 »
354 1133 467 1196 quit,
491 1134 718 1197 Scriptura
734 1135 787 1181 ad
806 1136 1103 1192 Pharaonem,
1134 1138 1234 1200 quia
1257 1139 1307 1183 ad
1331 1137 1414 1182 hoc
1434 1148 1470 1182 te
1487 1135 1685 1191 excitavi,

314 1225 335 1248 ›>
353 1214 400 1250 ut
423 1203 646 1250 ostendam
671 1205 714 1250 in
746 1216 786 1251 te
809 1207 1049 1269 potentiam
1079 1225 1214 1253 meam
1234 1245 1243 1263 ‚
1273 1219 1314 1253 et
1347 1218 1393 1252 ut
1423 1207 1691 1266 glorificetur
1746 1244 1747 1248 ,

314 1298 334 1317 »
356 1291 511 1320 nomen
528 1291 672 1320 meum
686 1275 729 1320 in
750 1279 946 1323 universa
970 1277 1118 1322 terrast.
1132 1300 1151 1318 ›>
1172 1278 1368 1340 Denique
1387 1276 1439 1324 ad
1458 1287 1691 1339 utrumque
1747 1277 1749 1319 j

312 1343 570 1392 concludit:
613 1365 633 1385 «
654 1345 766 1403 Ergo
801 1350 926 1405 quus
956 1346 1049 1391 vult
1090 1347 1338 1402 miseretur,
1370 1357 1412 1392 et
1445 1363 1575 1410 quem
1599 1344 1693 1390 vult
1747 1353 1749 1358 ⁴

315 1414 553 1461 »obdurat
585 1432 595 1460 ε
623 1438 641 1456 υ
678 1415 765 1461 hoc
791 1416 896 1462 facit
933 1416 1053 1479 apud
1082 1433 1213 1479 quem
1251 1434 1335 1463 non
1366 1427 1428 1462 est
1465 1415 1686 1479 iniquitas,

313 1486 539 1533 Miseretur
560 1485 707 1547 itaque
724 1486 912 1546 gratuito
933 1485 1051 1532 dono
1065 1524 1076 1544 ‚
1094 1486 1285 1533 obdurat
1299 1496 1440 1533 autern
1453 1484 1693 1546 justissimo
1747 1486 1750 1502 ⁹

318 1555 487 1602 merito.
1749 1607 1751 1609 ,

382 1630 475 1676 XL.
510 1628 594 1675 Sed
617 1628 734 1675 dicat
763 1628 910 1676 adhuc
929 1629 995 1675 vel
1016 1630 1195 1694 superbi
1222 1629 1409 1676 infidelis
1439 1628 1568 1674 elatio
1592 1665 1603 1684 ‚
1628 1626 1696 1674 vel

317 1699 463 1763 puniti
486 1698 748 1746 damnabilis
773 1701 1017 1746 excusatio:
1040 1722 1058 1741 α
1074 1700 1192 1757 Quid
1217 1700 1364 1746 adhuc
1379 1699 1694 1762 conqueritur?

321 1791 342 1810 υ
363 1770 473 1814 Nam
497 1769 711 1815 voluntati
732 1773 821 1830 ejus
843 1773 941 1834 quis
963 1771 1171 1816 resistitP»
1190 1770 1320 1816 Dicat
1339 1781 1380 1815 et
1404 1769 1553 1815 audiat
1575 1766 1696 1832 quod
1750 1811 1752 1829 ;

322 1857 436 1886 conx
441 1842 528 1886 enit
553 1840 742 1898 homini;
774 1863 792 1883 ιι
812 1842 851 1887 Ο
882 1842 1016 1887 homo
1038 1853 1084 1887 tu
1113 1841 1210 1905 quis
1238 1858 1308 1896 es,
1337 1840 1415 1904 qui
1440 1838 1698 1903 respondeas

324 1933 345 1953 n
365 1909 485 1956 Deo‘
473 1921 488 1939 ⁴
502 1914 520 1958 Ξ)
535 1933 554 1952 »
573 1922 614 1956 et
638 1923 794 1958 caetera
810 1913 862 1958 de
875 1913 1065 1977 quibus'
1050 1931 1139 1973 Jam
1153 1878 1366 1976 quantum
1380 1910 1506 1975 potui
1525 1910 1624 1956 satis
1649 1926 1699 1955 ac
1751 1932 1753 1957 ;

323 1999 439 2045 saepe
459 1982 653 2030 disserui.
685 1983 848 2029 Audiat
874 1984 995 2039 haee,
1021 1995 1062 2029 et
1091 2001 1178 2030 non
1203 1993 1467 2029 contemnat.
1503 1980 1634 2038 Quod
1666 1980 1698 2025 si
1751 2007 1753 2048 3

325 2052 634 2115 contempserit
654 2089 664 2107 ‚
693 2056 818 2099 etiam
843 2065 891 2099 ut
919 2064 1241 2110 contemneret,
1273 2070 1314 2098 se
1340 2052 1531 2098 inveniat
1553 2050 1700 2096 obdu-

326 2133 485 2169 ratum.
510 2122 554 2168 Si
577 2133 718 2168 autem
742 2141 828 2169 non
850 2125 1176 2187 contempserit,
1195 2124 1322 2169 etiam
1337 2133 1484 2168 utnon
1504 2132 1699 2167 contem-
1751 2134 1753 2140 ’

328 2204 462 2244 neret,
476 2210 518 2239 se
530 2192 677 2239 credat
696 2193 895 2254 adjutum
913 2214 924 2247 3
941 2194 1013 2240 sed
1028 2194 1292 2240 obduratum
1313 2192 1480 2248 debito,
1500 2192 1699 2252 adjutum
1753 2219 1755 2221 -

329 2264 482 2324 gratia.

396 2335 512 2380 XM.
545 2336 693 2399 Neque
710 2337 822 2381 enim
847 2337 880 2382 si
904 2336 1090 2382 duorum
1118 2335 1171 2381 de
1200 2336 1319 2381 Isaac
1340 2333 1592 2397 patriarcha
1625 2349 1703 2392 ge-

331 2405 549 2450 minorum
572 2442 581 2453 .
608 2406 725 2468 quod
745 2406 919 2470 quidem
937 2411 1028 2467 jam
1049 2405 1315 2452 ostendimus
1330 2414 1490 2468 quanta
1511 2404 1705 2449 caecitate
1752 2439 1756 2470 1

382 2506 391 2528 ¹
413 2508 504 2536 Rom.
525 2516 570 2538 ix.
595 2507 631 2535 13
649 2524 693 2528 —
713 2505 727 2528 2
748 2506 848 2539 Exod.
870 2518 986 2539 xxva.
1016 2520 1113 2548 io,—
1133 2504 1258 2540 3Rom.
1282 2517 1400 2544 1x‚1‘;‚
1419 2504 1626 2543 eiExod.1x‚
1651 2504 1701 2536 16.

332 2559 405 2585 ...4
424 2563 655 2599 Rom.1.x.19.
