1769 3235
335 249 421 313 198
749 263 783 292 s.
827 261 1072 293 AL'GUSTINI
1108 262 1312 293 Episcom

331 329 427 376 Hoc
452 328 508 375 ad
529 327 732 374 ultimum
753 344 856 387 rogo
871 364 882 383 ,
905 337 953 372 ut
973 327 1114 373 Gestis
1137 327 1226 373 istis
1248 326 1484 388 dignemini
1505 328 1700 375 subscri-

328 399 431 446 bere
458 399 535 462 qui
562 397 752 462 potestis.
783 391 868 443 Hic
894 393 1004 443 mihi
1027 397 1303 461 responsione
1326 408 1464 444 vestra
1481 415 1592 462 opus
1606 409 1696 445 est:

329 480 496 515 teneam
520 468 840 533 responsionem
861 479 1046 514 vestram
1068 483 1079 513 z
1099 466 1154 513 de
1177 468 1261 513 hac
1277 467 1515 514 assensione
1533 462 1702 531 aliquid
1754 474 1757 523 ζ

330 538 581 586 acclamate.
628 541 673 585 A
709 535 892 601 populo
937 538 1253 584 acclamatum
1289 549 1378 593 est,
1421 534 1545 593 Fiat,
1583 539 1662 584 fiat
1686 558 1698 593 ;
1754 539 1757 567 ἶ

331 610 508 656 dic-lum
534 611 672 654 vicies
702 612 966 672 quinquies.
988 607 1181 668 Dignum
1201 620 1263 654 est
1277 646 1287 664 ‚
1304 611 1469 668 justum
1493 619 1581 663 est;
1602 604 1702 654 a'ic-

332 691 428 726 tum
461 684 603 725 vicies
633 684 786 726 octies.
823 677 946 735 Fiat,
975 679 1082 733 fiat3
1114 680 1291 724 dictum
1319 690 1488 741 quater
1519 678 1700 725 decies:

334 748 452 797 Olim
475 749 630 811 dignus
648 788 658 807 ‚
690 749 792 796 olim
814 749 991 794 meritus
1013 767 1024 794 ι
1060 748 1236 794 (lictum
1260 754 1403 794 vicies
1427 751 1695 812 quinquies.
1756 742 1758 778 3

326 816 352 866 J
358 820 503 867 udicio
534 831 608 867 tuo
633 820 789 881 gratias
813 820 1009 879 agimus3
1045 817 1216 864 (lictum
1242 818 1476 866 tredecies.
1502 814 1698 875 Exaudi,
1757 822 1758 826 ’

329 890 530 947 Christe,
572 891 791 937 Eraclium
816 906 1022 936 conserva
1049 907 1059 934 ε
1087 889 1263 935 clu-tum
1289 893 1427 934 octies
1445 889 1609 936 decies.

391 961 489 1006 Vll.
533 964 741 1024 Cumque
770 962 1077 1014 reticeretur,
1115 956 1418 1022 Augustinus
1458 963 1702 1022 episcopus
1757 946 1760 952 Ι

331 1028 454 1076 dixit
473 1068 483 1087 ‚
514 1032 628 1076 Bene
651 1030 788 1076 habet
809 1067 819 1087 ,
858 1040 907 1075 ut
936 1046 982 1075 ea
1009 1045 1108 1092 quae
1133 1030 1213 1075 Dei
1249 1039 1378 1086 suut,
1415 1029 1532 1075 circa
1566 1029 1704 1074 sacri·
1757 1035 1760 1051 ‘

332 1099 482 1146 ficium
506 1105 595 1162 ejus
631 1118 752 1162 agere
779 1099 1016 1158 valeamus3
1043 1099 1089 1146 in
1112 1117 1198 1164 qua
1230 1095 1341 1146 hora
1372 1092 1705 1164 supplicationis
1758 1106 1761 1148 i

327 1181 485 1217 nostrae
521 1171 703 1217 maxime
729 1170 988 1218 commendo
1027 1168 1231 1217 charitati
1260 1181 1437 1226 vestrae,
1478 1180 1526 1216 ut
1556 1185 1703 1215 omnes
1758 1171 1760 1177 “

327 1247 488 1288 vestras
513 1258 662 1288 causas
685 1253 728 1288 et
752 1241 923 1302 negotia
941 1239 1262 1298 intermittatis,
1291 1252 1332 1287 et
1360 1258 1441 1304 pro
1459 1240 1539 1286 ista
1561 1237 1704 1286 eccle-

328 1313 406 1369 sia,
430 1323 472 1358 et
494 1329 576 1376 pro
609 1330 676 1360 me
694 1351 705 1371 ‚
734 1323 776 1360 et
797 1329 879 1377 pro
911 1313 1166 1377 presbytero
1192 1312 1364 1359 Eraclio
1386 1312 1575 1358 Domino
1598 1327 1704 1374 pre-
1758 1301 1761 1339 ἶ

329 1400 422 1429 cem
446 1383 654 1431 fundatis,
