1769 3235
546 275 756 306 Erisrom
794 276 936 307 conix.
1335 261 1427 323 389

62 425 188 442 ΜΜΜ
189 425 1428 442 ΜΜΜΜΜΜΜΜΜΜΜΜΜΜΜΜΜΜΜΜΜΜΜΜΜΜΜΜΜΜ

495 545 761 589 EPISTOLA
797 546 965 590 CCLIX
983 547 1012 590 ¹.

156 673 327 712 Domino
354 673 605 714 dilectissimo
636 683 674 713 et
705 673 935 712 honorabili
965 674 1081 714 fratri
1099 674 1316 723 CORNELIO,

612 738 874 775 Auousrmus.

50 872 324 928 Augustinus
352 871 554 914 Cornelio
579 873 732 914 scortis
757 872 902 914 dedito
920 906 928 919 ‚
961 873 1202 913 admonens
1228 871 1355 912 illum
1378 880 1426 910 ut

107 939 347 997 Cypriauoe
381 941 532 982 uxoris
570 941 785 998 defunc-tce
819 940 1089 998 pudicitiam
1120 941 1319 981 imitetur
1348 954 1360 980 :
1386 940 1426 980 εἰ

99 1009 205 1049 velit
228 1007 348 1049 illias
373 1009 608 1066 impetrare
627 1010 790 1051 laudes.

107 1154 142 1199 Ι.
173 1153 419 1199 SCRIPSISTI
441 1153 550 1198 mihi
575 1164 622 1198 ut
647 1153 702 1198 ad
727 1164 768 1199 te
793 1153 981 1217 aliquam
1006 1152 1219 1216 prolixam
1241 1152 1423 1214 Episto-

0 1269 4 1277 ,
41 1222 125 1269 lam
159 1223 493 1269 consolatoriam
520 1223 667 1269 darem
689 1262 699 1280 ,
724 1223 844 1287 quod
868 1224 1055 1283 graviter
1075 1223 1256 1286 optimae
1281 1224 1422 1268 uxoris

0 1349 2 1355 Ι
42 1304 176 1339 morte
199 1294 429 1340 movereris
451 1331 460 1349 ‚
485 1295 598 1340 sieut
617 1306 815 1340 sanctum
839 1294 1072 1340 Paulinum
1098 1293 1151 1339 ad
1174 1293 1417 1338 Macarium

37 1364 184 1411 fecisse
202 1366 449 1412 meministi.
481 1367 533 1411 Et
554 1365 627 1411 illa
647 1365 826 1429 quidem
849 1367 992 1411 anima
1015 1365 1058 1411 in
1080 1366 1324 1410 societatem
1345 1381 1417 1409 re-

37 1446 162 1499 cepta
193 1435 388 1482 fidelium
420 1447 546 1499 atque
571 1448 813 1492 castarum,
847 1436 996 1481 laudes
1032 1452 1110 1481 nec
1144 1445 1295 1489 curat,
1336 1451 1414 1479 nec

34 1506 192 1569 quaerit
211 1505 455 1552 humanas:
478 1506 551 1552 sed
573 1507 676 1570 quia
696 1517 878 1570 propter
894 1523 964 1552 eos
983 1507 1092 1551 fiunt
1108 1505 1187 1551 ista
1204 1543 1213 1561 ‚
1241 1505 1320 1568 qui
1342 1505 1413 1550 vi-

34 1587 163 1631 vunt,
192 1576 316 1639 prius
335 1588 396 1622 est
410 1588 458 1623 ut
485 1587 528 1622 tu
545 1615 556 1633 ,
579 1578 655 1641 qui
673 1577 887 1623 consolari
910 1581 945 1636 ej
955 1594 1001 1622 us
1021 1576 1148 1622 laude
1167 1576 1380 1621 desideras
1397 1613 1407 1631 ‚

31 1646 91 1691 ita
110 1646 252 1702 vivas,
274 1657 322 1692 ut
349 1647 438 1693 illie
457 1648 533 1693 ubi
557 1648 650 1711 ipsa
670 1659 749 1703 est,
773 1665 858 1693 esse
883 1648 1095 1694 merearis.
1122 1647 1272 1710 Neque
1295 1647 1410 1692 enim

31 1715 188 1763 dubito
206 1718 326 1781 quod
339 1735 433 1764 eam
452 1734 540 1763 non
561 1718 710 1764 credas
723 1718 786 1763 ibi
803 1735 906 1773 esse,
926 1718 1002 1763 ubi
1020 1717 1107 1763 illae
1120 1729 1219 1763 sunt
1232 1734 1333 1780 quae
1346 1717 1413 1763 vel

30 1787 235 1834 adulteris
260 1788 469 1835 lectulum
490 1789 763 1851 conjugalem
783 1789 1066 1852 polluerunt,
1091 1789 1158 1834 vel
1172 1788 1292 1833 nullo
1307 1805 1411 1833 con-

21 1859 146 1919 jugio
180 1859 382 1920 deligatae
419 1859 708 1906 fornicatione
747 1860 979 1906 fluxerunt.
1022 1861 1168 1916 Quare
1206 1859 1259 1904 de
1293 1859 1410 1904 illius

25 1927 154 1975 laude
175 1929 269 1976 viro
297 1930 423 1991 longe
448 1929 645 1976 dissimili
667 1930 790 1993 quasi
814 1931 961 1991 fugare
991 1929 1099 1976 velle
1126 1929 1377 1976 moestitiam
1393 1966 1404 1985 ‚

26 1999 219 2046 adulatio
245 2012 306 2047 est
331 2038 342 2056 ,
367 2018 457 2046 non
480 2001 736 2048 consolatio.
769 2002 880 2046 Nam
904 2001 936 2046 si
961 2017 1054 2046 eam
1080 2000 1276 2060 diligeres
1296 2000 1408 2045 sicut

22 2070 115 2134 ipsa
139 2082 180 2117 te
202 2071 352 2118 dilexit
370 2110 380 2128 ‚
415 2089 620 2119 servasses
660 2072 697 2118 ei
716 2072 849 2136 quod
875 2072 958 2118 tibi
986 2072 1079 2136 ipsa
1116 2071 1313 2118 servavit.
1351 2072 1407 2117 Et

23 2158 124 2188 cum
143 2141 218 2188 illa
241 2143 276 2188 si
297 2142 418 2207 prior
439 2142 615 2188 obiisses
635 2179 646 2197 ‚
677 2142 798 2189 nullo
822 2142 956 2189 modo
981 2142 1198 2189 credenda
1227 2142 1281 2187 sit
1307 2142 1405 2187 cui-

23 2228 154 2276 quam
179 2211 308 2259 fuisse
328 2224 519 2277 nuptura
538 2250 548 2269 ,
571 2230 715 2259 nonne
733 2215 766 2260 si
784 2231 882 2259 vere
896 2214 1067 2260 obitum
1091 2218 1182 2274 ers
1200 2212 1408 2259 laudibus

25 2285 113 2342 ejus
136 2282 423 2329 consolandus
459 2282 653 2340 doleres,
688 2301 741 2330 ne
773 2300 905 2330 unam
940 2284 1117 2348 quidem
1157 2301 1206 2330 ac
1240 2283 1406 2330 licitam

24 2362 124 2415 post
145 2351 266 2398 illam
291 2356 522 2413 conjugem
540 2357 788 2418 quaereres?

91 2422 150 2469 ΙΙ.
178 2423 261 2468 Hic
285 2433 333 2469 tu
353 2423 551 2470 dicturus
571 2441 628 2472 es.
664 2425 784 2482 Quid
805 2442 976 2471 mecum
996 2443 1143 2489 aspere
1158 2426 1276 2486 agis?
1298 2423 1407 2487 quid

26 2490 133 2537 dure
167 2492 400 2554 objurgas?
429 2494 582 2540 Nonne
606 2494 718 2541 inter
742 2495 840 2541 haec
876 2496 1006 2542 verba
1030 2513 1130 2542 ecce
1162 2495 1381 2542 senuimus
1397 2531 1408 2551 ‚

75 2593 85 2614 ¹
108 2590 194 2624 Alias
212 2603 307 2625 cxxv.
327 2604 397 2637 quae
411 2601 516 2627 autem
536 2596 602 2636 259
618 2601 696 2634 erat,
713 2607 798 2626 nunc
822 2598 895 2628 151.
