1769 3235
523 282 736 314 EPISTOLA
772 283 958 316 ccxmu.
1350 275 1442 340 357

66 351 262 399 rentibus
282 349 516 397 rectissime
533 347 714 402 dicitur,
734 349 875 411 utqui
899 367 970 395 eos
997 362 1134 409 amat,
1167 353 1324 416 perdat
1343 373 1413 402 eos
1430 393 1442 412 ,

66 439 152 469 non
185 439 302 468 more
327 419 648 484 parricidarum
679 419 965 476 interficiens,
996 422 1067 468 scd
1086 424 1271 486 spiritali
1295 426 1438 486 gladio

66 493 187 539 verbi
215 493 290 538 Dei
315 490 533 537 carnalem
557 490 757 534 affectum
779 506 952 545 eorum,
977 509 1065 555 quo
1091 504 1132 538 et
1161 511 1202 540 se
1227 496 1343 558 ipsos
1362 534 1371 550 ‚
1404 508 1446 543 et

64 580 156 619 θος,
180 579 288 626 quos
315 570 579 622 genuerunt,
607 559 947 622 implicamentis
977 562 1108 622 hujus
1145 565 1290 610 saeculi
1324 567 1443 612 obli-

62 651 160 695 gare
196 644 426 686 conantur‚
460 632 529 695 pie
556 631 825 694 fidenterque
856 634 1102 694 percutiens
1134 645 1175 679 et
1211 637 1439 694 occidens,

57 705 165 751 illud
191 705 234 750 in
265 705 323 750 eis
358 705 500 749 vivere
538 702 698 757 faciat,
737 719 824 766 quo
859 703 1009 748 fratres
1045 716 1179 760 sunt,
1211 724 1298 769 quo
1334 725 1434 754 cum

61 776 159 822 filiis
197 777 281 821 suis
314 773 654 837 temporalibus,
686 784 885 836 parentes
913 785 1098 821 aeternos
1121 777 1259 822 Deum
1284 779 1439 825 Eccle-

9 896 11 902 ,
63 846 256 910 siamque
280 854 560 906 cognoscunt.

127 918 202 964 VI.
235 918 348 963 Ecce
377 915 492 979 rapit
525 925 565 960 te
591 915 783 961 studium
811 915 1004 961 veritatis
1022 953 1033 971 ‚
1061 927 1102 962 et
1125 919 1439 977 cognoscendae

57 999 185 1051 atque
208 987 505 1051 percipiendae
533 986 770 1032 voluntatis
807 987 884 1032 Dei
904 988 950 1032 in
975 987 1214 1051 Scripturis
1239 990 1398 1035 sanctis
1420 1008 1430 1035 :

55 1059 171 1122 rapit
207 1057 466 1118 evangelicae
508 1057 837 1120 praedicationis
880 1057 1087 1106 officium.
1133 1060 1218 1104 Dat
1260 1060 1434 1120 signum

56 1130 270 1175 Dominus
289 1139 337 1174 ut
358 1128 586 1188 vigilemus
611 1129 656 1173 in
681 1129 859 1184 castris,
891 1139 938 1174 ut
961 1128 1228 1175 aedificemus
1258 1133 1429 1189 turrim,

54 1199 107 1246 de
142 1217 229 1264 qua
267 1199 435 1244 hostem
474 1198 750 1260 sempiternae
775 1199 876 1244 vitae
902 1210 943 1244 et
977 1200 1226 1262 prospicere
1259 1211 1300 1246 et
1323 1219 1433 1264 pro-

52 1270 211 1335 pellere
237 1269 468 1316 valeamus.
497 1269 633 1332 Rapit
651 1269 832 1314 militem
853 1269 1019 1315 Christi
1045 1271 1150 1315 tuba
1175 1271 1360 1318 coelestis
1380 1272 1434 1318 ad

53 1341 275 1405 praelium,
304 1351 346 1385 ct
375 1340 531 1385 retinet
552 1351 702 1387 mater.
734 1340 832 1385 Non
856 1340 986 1403 plane
1010 1339 1131 1395 talis,
1164 1341 1305 1404 qualis
1332 1343 1431 1388 Ma-

51 1412 338 1458 chabaeorum
374 1410 482 1467 fuit,
512 1428 591 1456 nec
615 1410 764 1457 saltem
791 1411 941 1457 similis
968 1411 1312 1458 Lacedaemoniis
1337 1430 1434 1458 ma-

50 1483 216 1538 tribus,
255 1481 309 1527 de
343 1482 506 1545 quibus
540 1483 759 1527 memoriae
784 1481 1012 1546 proditum
1048 1492 1137 1537 est,
1172 1482 1293 1546 quod
1320 1484 1431 1530 filios

50 1570 148 1599 suos
164 1591 173 1604 ,
202 1563 249 1598 ut
276 1569 357 1616 pro
378 1563 543 1597 terrena
566 1552 704 1614 patria
725 1553 977 1612 sanguinem
1001 1552 1261 1609 funderent,
1287 1554 1428 1600 multo

50 1623 234 1687 amplius
257 1634 388 1686 atque
414 1622 635 1668 ardentius
656 1623 700 1668 in
719 1624 956 1668 certamina
982 1623 1140 1669 bellica
1157 1661 1167 1680 ,
1188 1642 1318 1688 quam
1337 1626 1426 1685 sig-

49 1711 204 1740 norum
243 1693 408 1739 sonitus
440 1693 701 1740 excitabant.
744 1695 856 1739 Nam
889 1704 1027 1739 mater
1056 1711 1156 1758 quae
1189 1706 1230 1740 te
1255 1695 1306 1740 ad
1333 1695 1425 1742 dis-

49 1765 231 1812 cendam
255 1765 387 1810 vitam
413 1766 623 1811 removeri
647 1784 668 1810 a
693 1766 809 1811 curis
829 1765 1114 1811 saecularibus
1131 1784 1218 1812 non
1241 1768 1424 1831 permit-

48 1837 126 1889 tit,
154 1837 254 1883 satis
279 1836 467 1882 ostendit
489 1837 863 1901 quemadmodum
890 1848 929 1882 te
947 1874 958 1893 ,
994 1838 1028 1883 si
1067 1854 1178 1901 opus
1203 1849 1312 1885 esset
1332 1877 1342 1895 ‚
1372 1839 1423 1886 ad

48 1907 296 1954 obeundam
320 1918 504 1954 mortem
549 1908 726 1971 penitus
756 1908 966 1954 saeculum
988 1908 1218 1972 repudiare
1238 1910 1422 1973 permit-

47 1988 210 2098 terZItl-I·
253 2049 336 2096 Sed
358 2050 467 2114 quid
501 2050 634 2107 dicit,
673 2060 747 2096 aut
770 2049 879 2113 quid
903 2049 1093 2110 allegat?
1122 2051 1249 2097 Forte
1273 2051 1422 2098 decem

43 2121 140 2167 illos
178 2138 369 2179 menses,
410 2122 573 2185 quibus
608 2123 773 2169 viscera
808 2125 899 2181 ers
925 2123 1141 2178 onerasti,
1180 2133 1222 2168 et
1253 2122 1425 2170 dolores

44 2192 344 2256 parturitionis
360 2229 371 2247 ‚
397 2209 445 2239 ac
471 2192 642 2239 labores
665 2192 951 2239 educationis.
977 2193 1073 2239 Hoc
1091 2230 1101 2248 ‚
1122 2192 1210 2240 hoc
1230 2193 1424 2241 interfice

44 2263 179 2309 verbo
203 2262 408 2320 salutari,
440 2264 527 2310 hoc
551 2264 684 2328 perde
710 2264 859 2310 matris
877 2301 888 2321 ,
915 2274 964 2310 ut
988 2264 1033 2310 in
1058 2264 1191 2310 vitam
1216 2275 1422 2312 aeternam

42 2333 234 2380 invenias
267 2351 375 2380 eam.
418 2335 515 2382 Hoc
553 2347 770 2383 memento
808 2346 855 2382 ut
896 2335 1038 2381 oderis
1062 2335 1105 2381 in
1132 2353 1197 2391 ea,
1225 2336 1260 2382 si
1280 2335 1423 2397 diligis

43 2420 160 2457 eam,
189 2404 223 2450 si
247 2415 344 2468 tyro
369 2406 537 2452 Christi
557 2424 599 2453 es
617 2443 630 2464 ,
658 2408 692 2454 si
719 2407 850 2454 turris
885 2406 1172 2452 fundamenta
1205 2407 1419 2470 posuisti,

42 2491 96 2521 ne
119 2475 269 2524 dicant
296 2487 562 2524 transeuntes
581 2515 591 2535 ‚
619 2500 640 2521 «
673 2480 758 2526 Hic
778 2479 913 2524 homo
942 2478 1080 2542 coepit
1109 2477 1353 2535 aedificare,
1380 2490 1422 2526 et

42 2568 64 2591 »
86 2563 174 2594 non
194 2549 339 2614 potuit
359 2549 569 2613 perficere
587 2549 620 2600 1.
648 2572 669 2595 ›>
690 2549 888 2598 Carualis
906 2550 1020 2597 enim
1043 2550 1220 2597 affectus
1243 2559 1305 2597 est
1321 2549 1417 2608 iste,

92 2635 102 2658 ¹
122 2632 203 2667 Luc.
220 2644 285 2673 xus,
305 2634 359 2669 30.
