1769 3235
6 123 11 213 i

4 222 128 354 ij..

519 254 585 283 Epi
596 252 731 283 s’rom
768 254 925 285 ccxxv.
1330 238 1418 301 267

43 332 98 367 sit
117 339 162 367 m
178 336 325 366 eorum
348 319 624 384 persuasione
642 319 892 382 patefacias.
915 319 1081 366 Deinde
1103 318 1322 383 quomodo
1339 336 1418 382 per

42 392 166 438 istam
183 401 531 454 praeoperantem
546 401 587 435 et
607 400 956 453 οοοΡρΓιἹιὶῐοῐηΌ
934 408 958 426 0
946 390 1114 436 >fatiam
1131 390 1319 436 liberum
1334 407 1420 435 non

41 461 307 524 impediatur
332 461 579 507 arbitrium.
626 460 737 506 Tum
773 471 918 506 utinm
944 461 1215 524 praescientia
1246 461 1323 506 Dei
1364 460 1423 506 ita

42 531 280 578 secundum
303 533 573 596 propositum
599 550 651 577 m
646 542 769 577 meat
785 569 795 586 ‚
825 542 939 576 ntea
960 532 1054 594 ipsa
1077 549 1178 595 quae
1205 541 1305 577 sunt
1322 548 1423 594 pro·

42 602 210 666 posita,
240 603 323 648 sint
353 601 605 665 accipienda
632 619 699 664 pre
687 602 866 647 escita:
895 619 948 646 an
977 618 1056 664 per
1091 619 1243 661 <venera
1280 618 1425 646 causa-

42 689 140 718 rum
158 709 171 729 ‚
205 684 246 718 et
269 674 430 736 species
455 690 740 736 personarum
760 672 838 718 ista
864 673 1111 726 varientur3
1153 683 1201 718 ut
1227 671 1331 735 quia
1353 670 1424 716 di-

42 760 176 791 versae
192 755 292 790 sunt
308 745 571 800 vocationes,
589 745 633 789 in
645 744 713 789 his
726 744 802 807 qui
814 743 928 789 nihil
943 743 1165 806 operaturi
1184 743 1424 796 salvantur,

42 814 166 878 quasi
201 814 342 860 solum
381 815 459 859 Dei
492 814 769 878 propositum
799 813 999 859 videatur
1029 813 1230 866 existere3
1274 813 1319 856 in
1358 810 1426 856 his

45 895 187 930 autem
225 886 302 949 qni
336 885 502 948 aliquid
537 886 643 930 boni
676 885 815 931 acturi
850 895 974 940 sunt,
1001 901 1081 947 per
1104 882 1424 947 praescientiam

44 956 180 1018 possit
204 966 314 1002 stare
334 957 611 1020 propositum
636 974 646 1001 ι
678 974 730 1001 an
763 973 865 1001 vero
902 955 1175 1001 uniformiter
1194 991 1205 1010 ,
1232 953 1333 998 lieet
1354 951 1426 997 di-

45 1026 135 1071 vidi
165 1028 437 1089 praescientia
463 1046 484 1073 a
511 1028 738 1091 proposito
769 1026 999 1089 temporali
1027 1025 1304 1071 distinctione
1337 1039 1424 1068 non

44 1097 208 1160 possit,
251 1098 524 1160 praescientia
564 1109 705 1143 tamen
739 1097 932 1161 quodam
959 1097 1112 1142 ordine
1153 1096 1208 1141 sit
1243 1094 1426 1140 subnixa

44 1168 290 1232 proposito;
311 1179 352 1213 et
375 1168 615 1214 sicutuihil
634 1169 689 1213 sit
711 1184 1093 1230 quorumcumque
1114 1165 1387 1226 negotiorum
1410 1200 1423 1221 ,

0 1263 1 1276 ι
46 1237 166 1300 quod
193 1255 281 1283 non
306 1238 485 1284 seientia
507 1237 654 1283 divina
675 1237 935 1301 praevenerit
954 1274 964 1293 ‚
992 1237 1052 1282 ita
1078 1234 1191 1282 nihil
1218 1238 1272 1280 sit
1296 1234 1422 1289 boni,

45 1306 166 1371 quod
195 1305 239 1352 in
263 1318 451 1353 nostram
489 1307 874 1371 participationem
899 1325 986 1352 non
1014 1307 1103 1352 Deo
1142 1316 1317 1351 auctore
1347 1303 1426 1348 de-

47 1378 230 1425 fluxerit.
256 1378 481 1424 Postremo
505 1377 879 1443 quemadmodum
905 1394 985 1441 per
1009 1377 1125 1422 hanc
1150 1373 1428 1439 praedicatio-

47 1465 145 1493 nem
162 1449 373 1512 propositi
398 1450 491 1505 Dei,
512 1465 600 1512 quo
624 1449 773 1494 fideles
791 1450 906 1494 fiunt
921 1449 998 1511 qui
1016 1444 1305 1511 praeordinati
1327 1454 1428 1490 sunt

49 1517 102 1564 ad
140 1518 271 1564 vitam
297 1532 503 1564 aeternam
525 1556 535 1575 ‚
575 1536 702 1564 nemo
733 1535 883 1564 eorum
917 1518 993 1581 qui
1027 1516 1292 1564 cohortandi
1327 1525 1428 1560 sunt

45 1588 336 1653 impediatur,
372 1607 452 1635 nec
478 1590 747 1636 occasionem
773 1588 1044 1650 negligentiae
1068 1589 1293 1643 habeant,
1324 1587 1356 1632 si
1385 1603 1427 1631 se

47 1659 377 1724 praedestinatos
399 1678 485 1706 esse
508 1661 752 1725 desperent.
781 1661 898 1707 Illud
917 1660 1047 1706 etiam
1068 1659 1254 1724 qualiter
1281 1657 1428 1703 dilua-

50 1741 121 1777 tur
141 1769 153 1788 ‚
181 1748 446 1794 quaesumus
471 1732 686 1795 patienter
703 1733 997 1795 insipientiam
1023 1741 1214 1776 nostram
1233 1728 1429 1783 ferendo,

50 1801 331 1858 demonstres,
356 1803 478 1866 quod
502 1803 744 1848 retractatis
763 1803 963 1865 priorum
988 1801 1042 1847 de
1063 1803 1147 1847 hae
1179 1818 1223 1846 re
1253 1797 1434 1863 opinio-

50 1872 181 1917 nibus
203 1910 213 1927 ,
236 1890 345 1935 pene
373 1874 570 1918 omnium
593 1891 675 1936 par
690 1874 908 1918 invenitur
926 1884 966 1917 et
987 1890 1072 1917 una
1095 1871 1323 1926 sententia,
1349 1885 1436 1932 qua

51 1943 325 2006 propositum
339 1954 380 1989 et
399 1943 823 2007 praedestinationem
846 1944 924 1989 Dei
944 1943 1185 1989 seeundum
1203 1940 1436 2005 praescien-

51 2014 157 2059 tiam
188 2025 472 2078 receperunt;
503 2026 550 2061 ut
579 2016 636 2061 ob
668 2016 755 2060 hoc
792 2017 906 2060 Deus
944 2014 1046 2059 alios
1083 2031 1182 2059 vasa
1217 2011 1398 2057 honoris
1423 2047 1433 2066 ‚

53 2083 157 2130 alios
182 2086 458 2131 contumeliae
481 2086 646 2140 fecerit,
674 2087 774 2150 quia
798 2086 927 2131 finem
953 2086 1298 2145 uniuscujusque
1323 2098 1437 2145 prae-

0 2167 1 2204 ἕ
53 2154 209 2200 viderit
225 2193 234 2207 ,
262 2167 302 2200 et
327 2157 408 2202 sub
429 2157 524 2219 ipso
549 2157 697 2216 gratia:
721 2156 938 2216 adjutorio
957 2157 1000 2202 in
1020 2172 1107 2218 qua
1132 2154 1304 2200 futurus
1331 2161 1438 2198 esset

0 2228 1 2251 ³
54 2225 277 2273 voluntate
300 2239 340 2273 et
361 2229 531 2274 actione
554 2229 806 2291 przescierit.
831 2252 848 2269 »

120 2297 196 2343 134.
244 2319 262 2339 «
285 2298 457 2354 Quibus
482 2300 687 2344 omnibus
711 2298 908 2343 enodatis
930 2334 940 2353 ,
979 2308 1022 2342 et
1044 2295 1194 2342 multis
1222 2295 1402 2357 insuper
1423 2330 1434 2351 ‚

56 2383 156 2429 quae
187 2367 335 2414 altiore
368 2369 534 2415 intuitu
567 2369 620 2415 ad
646 2386 819 2415 causam
856 2368 973 2414 hanc
1010 2367 1272 2431 pertinentia
1306 2364 1442 2424 magis

56 2448 178 2500 potes
199 2439 342 2484 videre
364 2439 590 2493 discussis;
613 2439 830 2485 credimus
860 2450 901 2485 et
930 2455 1153 2502 speramus
1177 2454 1266 2483 non
1299 2434 1440 2481 solum

58 2509 310 2555 tenuitatem
336 2521 522 2556 nostram
541 2511 890 2574 disputationum
915 2522 1090 2556 tuarum
1123 2507 1331 2574 praesidio
1362 2522 1438 2551 ro-

57 2578 319 2639 bomndam,
335 2581 409 2628 sed
430 2583 558 2628 etiam
582 2583 841 2646 ipsos‚quos
864 2581 1024 2628 meritis
1048 2577 1443 2645 atqueghonoribus
