1769 3235
306 221 365 276 40
715 234 748 263 s.
791 232 1034 264 aucesium
1069 233 1271 264 EPISCOP1

302 300 486 345 reximus
520 315 653 363 usque
685 298 739 344 ad
765 299 1075 345 Mauritaniam
1112 300 1415 346 Caesarionsem
1439 300 1508 362 (5)
1535 337 1546 357 ‚
1586 315 1674 363 quo

302 386 379 416 uos
402 369 684 414 ecclesiastica
713 370 939 414 necessitas
970 370 1126 424 traxit,
1158 387 1234 433 per
1267 387 1373 432 quas
1406 381 1515 416 totas
1543 381 1677 417 terras
1741 382 1744 415 t

305 457 405 485 cum
429 439 711 485 intentionem
739 449 930 484 nostram
951 439 1041 485 huc
1073 450 1201 503 atque
1226 440 1331 486 illuc
1350 476 1360 495 ,
1382 457 1482 504 quae
1505 440 1678 500 ingere-

303 509 466 556 bantur
483 510 678 555 sensibus
708 509 874 554 diversa
893 520 1145 573 raptarent,
1173 509 1334 555 nullius
1355 522 1402 555 ut
1424 510 1506 555 tibi
1532 509 1681 555 rescri·
1744 535 1745 538 =

304 580 452 626 berem
478 580 615 625 adfuit.
648 579 929 626 admonitoris
962 579 1167 626 instantia
1187 617 1198 636 ,
1236 580 1355 625 nulla
1387 579 1580 625 occurrit
1601 596 1681 642 op·

304 650 550 714 portunitas
572 649 811 714 perlatoris.
844 649 1009 695 Deinde
1037 666 1228 695 remeans
1250 649 1350 695 alias
1376 649 1495 714 apud
1516 660 1684 696 nostros
1746 673 1748 679 ·

301 724 392 780 jam
427 719 600 783 querela
623 730 887 783 exasperatas
917 719 1080 765 litteras
1103 730 1191 766 tuae
1214 719 1472 766 sinceritatis
1501 719 1645 766 inveni
1667 754 1679 775 ,

309 790 494 836 etalium
514 791 717 837 adversus
740 807 874 836 novos
889 790 1117 836 haereticos
1142 789 1305 835 librum
1326 790 1528 836 refertum
1555 806 1684 835 sanc-
1748 819 1750 821 ·

306 872 450 907 tarum
477 861 729 907 testimoniis
747 860 1102 923 Scripturarum:
1134 860 1298 923 quibus
1322 860 1444 906 lectis
1473 859 1685 906 excursis·
1750 881 1753 892 ³

306 949 391 996 que
411 970 421 987 ,
442 933 569 978 etiam
592 932 676 978 illis
702 949 803 995 quae
827 931 1020 994 primum
1044 931 1234 986 miseras,
1261 930 1363 993 quia
1382 942 1423 976 et
1443 929 1688 976 charissimi
1751 969 1754 976 .

306 1002 451 1048 fratris
490 1002 624 1047 nostri
672 1001 817 1047 Albini
859 1000 1052 1046 ecclesiae
1094 1002 1306 1046 Romanae
1345 999 1552 1063 Acolythi
1589 998 1686 1062 (6)
1752 1040 1755 1048 .

308 1074 679 1136 opportunissima
698 1088 740 1116 se
772 1071 978 1117 offerebat
1007 1070 1175 1115 occasio
1196 1108 1206 1125 ‚
1240 1070 1566 1116 rescribendum
1585 1069 1685 1115 fuit.

376 1145 435 1190 ll.
467 1145 556 1203 Ego
576 1144 724 1206 itaque
745 1153 785 1188 te
804 1180 814 1198 ‚
848 1141 909 1187 fili
935 1141 1211 1187 dilectissime
1236 1180 1244 1197 ‚
1270 1142 1530 1187 scribentem
1558 1140 1686 1196 mihi,

313 1213 379 1260 vel
410 1212 464 1259 ad
491 1230 557 1258 me
575 1211 889 1258 consideranda
917 1222 989 1257 tua
1019 1212 1182 1274 scripta
1208 1212 1447 1257 mittentem
1470 1247 1479 1267 ,
1507 1210 1620 1256 absit
1641 1221 1691 1256 ut

312 1283 576 1344 negligenter
597 1283 832 1346 accipiam,
861 1282 927 1327 vel
954 1282 1143 1344 superba
1166 1282 1357 1327 vanitate
1377 1291 1652 1327 contemnam
1675 1298 1686 1326 :

313 1354 553 1418 praesertim
591 1371 692 1399 cum
733 1352 840 1398 mihi
865 1351 918 1397 de
943 1363 982 1397 te
1021 1351 1229 1411 gaudium
1270 1362 1390 1397 tanto
1433 1355 1573 1412 majus
1605 1351 1688 1407 sit,

311 1435 474 1490 quanto
498 1425 632 1484 magis
657 1423 935 1487 inopinatum
960 1422 1336 1486 improvisumque
1362 1422 1576 1486 provenit.
1607 1422 1692 1467 Fa-

313 1506 407 1541 teor
427 1496 540 1541 enim
565 1505 735 1539 tantum
758 1504 797 1539 te
816 1493 1048 1556 profecisse
1072 1492 1331 1540 nesciebam.
1367 1494 1423 1539 Et
1439 1492 1546 1556 quid
1567 1491 1694 1538 nobis

315 1583 404 1612 esse
430 1565 559 1611 debet
587 1564 779 1628 optatius
799 1601 808 1617 ‚
828 1580 959 1627 quam
983 1573 1029 1609 ut
1051 1562 1302 1619 abundent,
1330 1564 1406 1628 qui
1432 1580 1595 1610 errores
1621 1562 1694 1608 in-

312 1637 516 1683 festantes
541 1635 808 1681 catholicam
833 1634 986 1690 fidem,
1013 1644 1055 1680 et
1075 1634 1329 1681 insidiantes
1347 1635 1530 1681 infirmis
1551 1634 1693 1680 ineru-

314 1707 502 1771 ditisque
519 1706 730 1752 fratribus
753 1722 1064 1769 usquequaque
1088 1705 1372 1766 redarguant,
1395 1716 1434 1752 et
1456 1705 1694 1752 Ecclesiam

317 1777 485 1823 Christi
510 1777 712 1823 adversus
730 1776 933 1841 profanas
952 1794 1110 1823 vocum
1139 1777 1352 1823 novitates
1372 1777 1526 1823 acriter
1548 1775 1694 1822 fideli-

316 1860 466 1912 terque
504 1847 760 1902 desendant3
802 1846 1158 1912 quandoquidem
1195 1848 1308 1894 sicut
1346 1848 1559 1912 scriptum
1596 1857 1658 1893 est
1679 1883 1691 1903 ,

314 1942 334 1962 «
356 1918 596 1966 Multitudo
621 1919 880 1982 sapientium
903 1919 1062 1964 sanitas
1082 1929 1144 1964 est
1157 1919 1275 1965 orbis
1298 1930 1506 1966 terrarum
1521 1918 1587 1967 1.»
1604 1922 1695 1964 Ins-

314 1991 412 2056 pexi
436 2007 535 2051 ergo
556 2007 631 2036 cor
654 2000 779 2035 tuum
811 1989 857 2034 in
882 1989 1056 2052 scriptis
1081 1989 1165 2035 tuis
1181 2027 1193 2046 ,
1227 2001 1442 2054 quantum
1470 1990 1597 2055 potui
1618 2026 1629 2046 ,
1653 1998 1696 2035 et

314 2061 458 2110 inveni
484 2059 836 2124 amplectendum
855 2097 866 2117 ,
906 2070 947 2105 et
978 2060 1247 2106 hortandum
1284 2072 1332 2107 ut
1357 2059 1695 2125 perseverantis-

307 2135 415 2180 sima
439 2131 662 2191 diligentia
689 2130 734 2175 in
767 2131 981 2176 anteriora
1005 2141 1044 2176 te
1070 2131 1300 2187 extendas,
1327 2132 1564 2192 adJuvante
1597 2132 1692 2178 Do-

316 2205 435 2250 mino
460 2202 568 2248 vires
592 2212 686 2247 tuas
705 2237 715 2256 ‚
741 2201 818 2265 qui
845 2202 927 2247 tibi
953 2219 1022 2248 eas
1041 2219 1147 2266 quas
1170 2203 1353 2249 nutriret
1371 2203 1505 2251 dedit.

384 2274 468 2319 lll.
495 2273 594 2318 Non
618 2282 760 2317 autem
777 2289 931 2335 parurn
954 2273 1122 2318 veritati
1140 2275 1494 2338 propinquarunt
1511 2275 1551 2319 in
1570 2291 1696 2337 quae-

317 2345 454 2391 stione
488 2342 540 2388 de
575 2343 795 2406 baptismo
832 2343 1116 2406 parvulorum
1137 2382 1148 2401 ‚
1177 2361 1284 2408 quos
1323 2344 1470 2391 devios
1500 2345 1542 2390 in
1584 2346 1695 2391 viam

317 2431 518 2463 revocare
540 2430 768 2468 conamur,
788 2430 889 2459 cum
905 2414 1114 2460 infantem
1131 2415 1374 2478 quamlibet
1389 2415 1548 2461 recenti
1567 2426 1696 2478 partu

316 2484 464 2532 matris
495 2483 675 2529 effusum
696 2520 708 2540 ,
748 2494 893 2531 tamen
916 2501 996 2548 per
1029 2502 1100 2532 eos
1119 2523 1130 2543 ,
1157 2503 1181 2532 a
1205 2485 1366 2550 quibus
1404 2485 1697 2549 baptizandus

366 2567 376 2589 ¹
396 2568 468 2609 Sap.
488 2573 538 2605 vr,
555 2565 611 2597 εδ.
