1769 3235
355 229 444 285 124
562 258 571 269 ·
769 243 806 274 S.
847 241 1094 275 AUGUSTINI
1129 243 1332 275 EPISCOPI

349 325 427 354 nos
446 307 648 365 vidimus,
670 323 804 371 quam
835 308 911 372 qui
932 307 1109 355 fuernnt
1125 320 1223 355 ante
1240 312 1349 355 nos?
1375 310 1528 356 Nonne
1559 309 1593 355 si
1613 326 1720 369 gen-
1758 334 1761 354 ι

351 380 460 425 tium
481 378 647 438 legatur
660 377 860 434 historia,
887 389 1004 425 tanta
1028 380 1139 425 mira
1157 381 1434 443 reperiuntur
1464 380 1646 426 extitisse
1664 379 1716 425 de
1758 399 1761 435 ς

351 449 466 495 coelo
489 459 705 511 terraque,
736 458 782 494 ut
811 447 957 512 aliqua
981 449 1109 495 etiam
1138 467 1225 496 non
1246 449 1508 496 credantur?
1548 449 1632 495 Sed
1674 460 1721 496 ut
1758 451 1761 495 ἰ

354 519 492 566 multa
535 520 755 575 omittam,
795 536 895 582 quae
924 521 1125 584 persequi
1151 522 1330 582 longum
1364 532 1442 577 est,
1468 521 1578 567 duos
1619 519 1724 566 soles

352 590 528 654 quando
546 607 622 636 nos
638 589 826 636 vidimus
841 593 978 654 Pquos
1000 592 1110 637 visos
1130 591 1284 637 litteris
1305 591 1726 654 mandaveruntjqui
1758 593 1761 638 ἱ

353 670 459 706 tunc
489 659 667 706 fuerunt
684 697 695 716 ‚
746 670 976 724 antequam
1021 662 1237 706 Dominus
1272 663 1456 708 venisset
1484 663 1530 707 in
1574 677 1717 707 carne.
1758 686 1769 710 a,

352 730 543 788 Quando
568 748 645 776 nos
672 730 862 778 vidimus
885 732 1016 778 solem
1037 733 1098 777 sic
1115 732 1418 787 obscuratum,
1442 731 1726 796 quemadmo-
1767 762 1769 771 ι

349 801 455 847 dum
470 802 727 847 obscuratus
740 812 814 857 est,
835 818 934 848 cum
955 802 1102 848 lumen
1122 802 1275 847 mundi
1290 802 1500 865 penderet
1513 801 1558 847 in
1578 800 1724 861 ligno?
1758 832 1759 835 =

349 871 430 917 nisi
444 871 554 917 forte
577 871 769 917 defectus
797 871 895 918 solis
918 883 960 918 et
979 872 1113 929 lunae,
1137 890 1247 936 quos
1270 881 1587 919 consueverunt
1610 888 1727 917 com·
1758 897 1769 913 a

350 953 575 1005 putatores
601 942 790 987 siderum
825 953 1031 988 annotare
1059 954 1188 1006 atque
1210 943 1470 1006 praedicare,
1501 943 1615 988 inter
1632 957 1727 987 coe-
1758 968 1759 991 ;

351 1011 471 1059 lestia
488 1011 687 1075 prodigia
705 1012 1050 1068 numerabimus,
1093 1012 1194 1076 quia
1217 1013 1368 1059 lunam
1386 1013 1546 1076 saepius
1578 1013 1624 1057 in
1653 1028 1728 1057 sua
1757 1054 1759 1065 ,

351 1081 641 1146 plenitudine,
661 1082 791 1128 solem
814 1099 916 1128 vero
932 1084 1088 1139 rariu8‚
1107 1083 1180 1129 sed
1197 1094 1340 1129 tamen
1365 1083 1556 1130 vidimus
1579 1083 1625 1128 in
1645 1083 1729 1128 fine
1757 1123 1769 1127 Α,

351 1153 469 1198 lunae
491 1151 730 1198 secundum
763 1169 913 1198 eorum
951 1164 1212 1216 computum
1237 1153 1456 1201 defecisse.
1501 1153 1600 1198 Non
1639 1161 1729 1198 erat
1764 1182 1769 1194 ,

353 1223 450 1269 talis
470 1222 570 1268 solis
592 1223 664 1269 ille
689 1223 901 1280 defectus,
928 1224 1111 1288 quando
1136 1224 1368 1271 crucifixus
1405 1235 1468 1269 est
1507 1223 1726 1279 Christus,
1756 1242 1769 1255 ν

353 1304 395 1339 et
413 1292 510 1339 ideo
528 1310 626 1338 vere
649 1294 858 1340 mirabilis
878 1306 969 1340 erat
991 1306 1032 1341 et
1056 1295 1346 1358 prodigiosus.
1373 1294 1544 1340 Pascha
1566 1294 1730 1356 quippe
1756 1323 1759 1346 ς

351 1362 781 1411 fueratJudaeorum.
806 1365 926 1428 quod
953 1366 1125 1411 nonnisi
1149 1366 1195 1411 in
1215 1366 1333 1412 lunae
1363 1365 1636 1430 plenitudine
1658 1381 1731 1410 ce-
1756 1368 1757 1407 ἔ

353 1434 564 1481 lebratur.
598 1434 850 1481 Secundum
876 1437 1197 1500 astrologorum
1223 1447 1366 1483 autem
1403 1453 1605 1482 numeros
1634 1452 1731 1481 cer-
1755 1451 1757 1474 2

354 1516 448 1552 tum
474 1516 536 1551 est
553 1505 703 1560 solem,
732 1507 908 1570 quando
926 1507 1029 1554 luna
1047 1507 1174 1571 plena
1190 1518 1269 1563 est,
1283 1525 1371 1553 non
1389 1524 1512 1570 posse
1534 1506 1732 1563 deficere,
1754 1496 1769 1545 'u

349 1576 421 1623 sed
442 1575 619 1639 quando
644 1576 741 1622 finis
762 1588 824 1623 est
841 1578 978 1635 lunae,
1011 1596 1101 1624 non
1125 1578 1305 1642 quidem
1337 1595 1530 1641 semper,
1559 1576 1632 1623 sed
1652 1576 1733 1622 ali-

355 1659 419 1693 ter
457 1663 683 1710 nunquam
703 1685 714 1703 ,
760 1665 861 1694 cum
903 1650 1145 1696 secundum
1186 1649 1283 1695 illos
1318 1666 1520 1695 numeros
1565 1647 1728 1694 deficit.
1754 1646 1767 1698 ἷτ

355 1716 476 1774 Quid
504 1734 603 1777 ergo
629 1718 712 1763 tale
732 1735 928 1782 unquam
964 1722 1195 1783 quisquam
1238 1719 1435 1765 meminit
1487 1717 1735 1782 apparuisse
1754 1738 1769 1774 j·

354 1788 408 1833 de
432 1787 563 1843 coelo,
590 1805 638 1834 ex
655 1805 743 1852 quo
778 1791 994 1835 Dominus
1028 1791 1102 1836 illa
1143 1790 1344 1854 praedixit
1368 1789 1496 1853 quale
1526 1787 1755 1852 apparuit}

353 1857 532 1921 quando
562 1875 711 1921 passus
731 1862 820 1905 est?
848 1860 995 1917 Quare
1026 1861 1058 1906 si
1080 1860 1360 1923 apparebunt
1389 1859 1517 1904 etiam
1551 1858 1671 1913 talia,
1702 1857 1755 1905 si:

356 1945 444 1974 non
476 1928 730 1991 spiritaliter
754 1931 900 1992 potius
939 1930 1221 1990 intelligenda
1256 1943 1380 1982 sunt,
1407 1940 1512 1975 tunc
1550 1945 1769 1991 appare-w

355 1999 469 2044 bunt
485 2035 495 2053 ‚
542 1998 723 2061 quando
746 2000 845 2046 finis
869 2001 929 2045 sic
969 2000 1352 2064 appropinquabit
1372 2011 1420 2046 ut
1448 1999 1637 2045 debeant
1657 2015 1754 2062 ap-v

355 2086 520 2133 parere.

422 2140 600 2187 XXXV.
632 2141 761 2187 Bellis
783 2153 928 2187 autem
954 2159 1034 2206 per
1053 2141 1223 2188 diversa
1240 2142 1468 2188 intervalla
1491 2153 1736 2205 temporum

354 2222 396 2257 et
421 2211 620 2256 locorum
635 2211 813 2274 quando
831 2230 918 2258 non
940 2224 1053 2258 terra
1075 2212 1264 2258 contrita
1286 2216 1381 2259 est?
1410 2214 1519 2258 Nam
1545 2223 1594 2258 ut
1613 2211 1753 2257 nimis*

355 2282 535 2344 antiqua
553 2292 832 2344 praeteream,
863 2284 946 2329 sub
971 2284 1238 2347 imperatore
1266 2284 1493 2339 Gallieno,
1517 2301 1617 2329 cum
1643 2284 1738 2328 Ro-

354 2368 503 2396 manas
546 2353 795 2414 provincias
839 2354 1065 2399 barbaries
1101 2370 1412 2418 usquequaque
1456 2353 1734 2417 pervaderet,
1750 2407 1751 2411 Ἰ

353 2439 485 2485 quam
521 2421 683 2467 multos
709 2422 862 2470 fratres
889 2435 1086 2480 nostros,
1115 2425 1191 2487 qui
1226 2435 1331 2471 tunc
1357 2435 1479 2470 erant
1504 2425 1549 2470 in
1575 2440 1702 2469 carne
1722 2446 1769 2478 ‚a

351 2504 562 2556 putamus
590 2495 894 2558 propinquum
925 2497 1055 2541 finem
1086 2495 1261 2540 credere
1290 2496 1502 2558 potuisse,
1531 2493 1737 2557 quoniam
1766 2522 1769 2533 ‚

356 2564 484 2622 longe
511 2573 613 2626 post
636 2567 925 2612 ascensionem
960 2565 1138 2612 Domini
1164 2564 1328 2612 factum
1358 2576 1419 2611 cst
1442 2584 1452 2610 :
1482 2582 1531 2610 ac
1553 2581 1630 2628 per
1653 2563 1751 2609 hocf
