1769 3235
1763 75 1767 106 l

1763 175 1765 187 ¹

1763 198 1766 210 Ι

356 299 439 346 188
769 316 803 345 s.
849 313 1091 344 Aucusrtm
1127 314 1330 344 Episcom

1762 293 1765 340 ἶ

1762 349 1766 372 Ι

349 392 455 426 tunc
482 381 655 441 neganti
680 379 943 426 adhibendae
970 390 1070 425 sunt
1089 380 1202 435 aliae,
1235 383 1385 440 utjam
1407 395 1550 426 coram
1579 380 1724 427 omni-
1761 386 1765 450 3

347 450 430 494 bus
448 452 600 513 possit,
631 468 718 496 non
739 452 793 496 ab
819 467 903 495 una
919 460 1021 495 teste
1048 452 1168 510 argui
1184 487 1194 504 2
1213 451 1320 496 seda
1339 451 1510 496 duabus
1533 451 1725 498 tribusve
1761 454 1765 507 l

348 521 565 567 convinci.
600 522 813 566 Convicta
836 537 937 565 vero
963 520 1199 566 secundum
1230 522 1486 583 Praepositae
1512 521 1577 566 vel
1603 538 1726 583 pres-
1760 511 1765 564 l

349 590 494 652 bj'teri
515 592 762 647 arbitrium,
781 591 909 636 debet
941 591 1280 636 emendatoriam
1316 593 1524 637 sustinere
1552 591 1726 637 vindic-
1760 596 1764 647 ᾗ

350 670 466 706 tam:
497 679 626 724 quam
653 663 685 707 si
706 662 814 707 serre
829 663 1107 707 recusaverit.
1127 673 1165 706 et
1191 662 1225 705 si
1244 662 1337 723 ipsa
1358 679 1442 706 non
1460 661 1723 717 abscesserit,
1760 650 1769 721 ἶ

350 731 404 776 de
422 742 558 777 vestra
577 733 777 777 societate
793 733 1065 795 projiciatur.
1094 732 1188 776 Non
1207 733 1320 775 enim
1342 742 1384 776 et
1399 732 1484 777 hoc
1500 732 1549 775 fit
1567 731 1727 778 crude-
1759 738 1769 791 1Ἰ

348 801 461 856 liter,
489 802 562 848 sed
581 803 931 857 misericorditer,
958 819 1010 847 ne
1026 802 1283 860 contagione
1300 802 1501 864 pestilera
1519 801 1729 864 plurimas
1759 813 1763 858 ξ

350 871 521 934 perdat.
547 874 603 917 Et
623 873 708 918 hoc
724 872 842 935 quod
864 871 951 916 dixi
972 872 1024 916 de
1048 871 1177 915 oculo
1206 888 1292 916 non
1314 871 1503 931 figendo,
1533 871 1660 917 etiam
1684 871 1728 917 in
1758 885 1769 928 ξι

350 943 514 988 caeteris
539 943 825 998 inveniendis,
849 941 1154 1005 prohibendis,
1183 941 1445 998 indicandis,
1471 943 1730 988 convincen-
1758 940 1769 993 l.

351 1013 434 1067 dis,
466 1013 824 1076 vindicandisque
844 1012 1037 1075 peccatis
1067 1012 1292 1071 diligenter
1325 1013 1594 1065 observetur,
1628 1029 1730 1058 cum
1757 1022 1769 1064 t:

351 1083 580 1128 dilectione
598 1083 828 1128 hominum
849 1094 890 1127 et
904 1082 1004 1128 odio
1022 1083 1241 1128 vitiorum.
1268 1082 1572 1145 Quaecumque
1586 1094 1730 1128 autem
1757 1092 1769 1129 ¹:

349 1153 393 1198 in
413 1164 583 1199 tantum
609 1171 834 1216 progressa
873 1154 1004 1199 fuerit
1027 1154 1212 1207 malum,
1242 1165 1290 1198 ut
1313 1154 1481 1200 occulte
1501 1153 1556 1198 ab
1585 1153 1730 1215 aliquo
1757 1167 1766 1219 ¹

352 1225 512 1269 litteras
537 1224 604 1270 vel
639 1224 849 1288 queelibet
899 1224 1159 1269 munuscula
1198 1225 1400 1287 accipiat.
1432 1225 1462 1269 si
1501 1225 1587 1269 hoe
1616 1224 1761 1284 ultro}

351 1296 601 1350 confitetur,
634 1306 842 1358 parcatur
862 1295 940 1350 illi,
972 1306 1176 1341 etorctur
1198 1313 1277 1358 pro
1309 1314 1373 1340 ea.
1417 1296 1463 1339 Si
1494 1305 1635 1340 autem
1656 1294 1730 1340 de·
1756 1309 1759 1328 ¹

351 1367 638 1429 prehenditur
684 1377 814 1429 atque
860 1368 1167 1422 convincitur,
1218 1366 1457 1412 secundum
1495 1365 1731 1412 arbitrium
1755 1361 1769 1439 3

353 1438 606 1500 Praepositae
652 1437 718 1482 vel
756 1438 1021 1500 presbyteri,
1066 1438 1132 1483 vel
1153 1438 1280 1483 etiam
1314 1437 1527 1500 episcopi,
1562 1438 1732 1496 gravius
1754 1444 1764 1485 l=

354 1509 620 1553 emendetur.
1754 1501 1758 1544 l

421 1580 521 1625 XII.
565 1580 708 1624 Vestes
734 1590 895 1625 vestras
919 1580 963 1624 in
987 1596 1073 1624 uno
1098 1580 1196 1625 loco
1219 1579 1378 1624 habete
1409 1580 1490 1625 sub
1516 1596 1603 1625 una
1629 1596 1731 1625 cus-
1765 1598 1769 1626 ε

355 1649 471 1703 tode‚
491 1649 555 1695 vel
577 1649 767 1705 duabus,
792 1649 858 1694 vel
874 1660 981 1713 quot
1002 1649 1196 1695 sufficere
1211 1650 1433 1712 potuerint
1454 1649 1508 1694 ad
1525 1666 1594 1695 eas
1609 1665 1734 1695 excu-
1752 1651 1769 1733 31

351 1720 534 1774 tiendus,
561 1739 612 1765 ne
635 1738 657 1765 a
685 1721 797 1765 tinea
824 1720 1056 1767 laedantur.
1085 1722 1137 1766 Et
1162 1722 1274 1765 sicut
1310 1720 1540 1783 pascimini
1569 1737 1618 1765 ex
1644 1736 1731 1766 uno
1752 1737 1769 1786 μ

354 1791 546 1843 cellario,
574 1791 634 1836 sic
657 1791 904 1836 induamini
927 1809 974 1836 ex
996 1808 1081 1836 uno
1098 1792 1316 1836 vestiario.
1343 1791 1394 1834 Et
1414 1791 1445 1835 si
1467 1790 1559 1835 fieri
1571 1800 1729 1853 potest,
1751 1788 1769 1842 l*

356 1878 444 1907 non
465 1861 517 1906 ad
536 1879 609 1907 vos
631 1862 844 1924 pertineat
860 1861 968 1924 quid
991 1862 1113 1906 vobis
1130 1861 1403 1907 induendum
1430 1878 1510 1924 pro
1529 1860 1735 1923 temporis
1751 1851 1769 1932 l⁷

357 1933 639 1992 congruentia
678 1932 944 1995 proferatur,
978 1943 1123 1978 utrum
1148 1933 1235 1977 hoc
1259 1932 1438 1995 recipiat
1462 1947 1734 1994 unaquaeque
1750 1935 1769 1991 3¹

359 2013 549 2048 vestrum
573 2003 692 2066 quod
719 2003 999 2065 deposuerat,
1027 2021 1081 2047 an
1114 2003 1238 2049 aliud
1260 2002 1379 2065 quod
1404 2002 1535 2047 altera
1558 2001 1732 2047 habue-
1749 1998 1769 2067 {a

360 2084 442 2128 rat,
475 2074 580 2118 dum
618 2084 761 2118 tamen
791 2072 1025 2136 unicuique
1050 2072 1169 2135 quod
1194 2089 1303 2135 opus
1326 2083 1388 2117 est
1417 2089 1506 2116 non
1540 2070 1769 2140 negetur.3¹

361 2145 406 2190 Si
430 2156 574 2190 autem
596 2145 703 2190 hinc
724 2145 835 2189 inter
854 2161 928 2189 vos
948 2146 1245 2188 contentiones
1266 2154 1307 2188 et
1342 2159 1566 2188 murmura
1586 2142 1753 2197 oriun-l

362 2225 449 2270 tur,
473 2226 513 2260 et
537 2215 820 2278 conqueritur
844 2214 987 2278 aliqua
1019 2213 1207 2259 deterius
1233 2213 1397 2277 aliquid
1439 2230 1480 2258 se
1524 2199 1769 2292 accepisse3÷

361 2303 491 2349 quam
511 2287 633 2350 prius
658 2286 891 2341 habuerat,
913 2297 954 2331 et
975 2285 1199 2345 indignam
1219 2285 1440 2344 sejudicat
1461 2301 1545 2329 esse
1560 2284 1769 2347 quaeita3i

359 2358 586 2408 vestiatur,
614 2356 726 2402 sicut
751 2356 833 2402 alia
852 2373 972 2402 soror
994 2361 1084 2416 eJ'us
1104 2356 1386 2408 vestiebatur3
1414 2355 1521 2400 hinc
1540 2372 1615 2401 vos
1635 2365 1769 2418 pro-t:

361 2429 462 2474 hate
484 2438 699 2490 quantum
730 2428 854 2473 vobis
878 2427 988 2472 desit
1010 2428 1054 2472 in
1077 2426 1152 2472 illo
1176 2427 1377 2471 interiore
1405 2436 1553 2471 sancto
1576 2409 1769 2493 habitui:

359 2499 520 2554 cordis,
552 2516 652 2562 quae
679 2516 759 2562 pro
784 2499 941 2544 habitu
965 2499 1161 2562 corporis
1190 2498 1382 2557 litigatis.
1407 2498 1572 2542 Tamen
1587 2497 1622 2542 si
1642 2495 1769 2558 ves-li

363 2583 427 2616 tra
445 2570 907 2624 toleraturinfirmitas‚
926 2570 1072 2616 uthoc
1090 2569 1307 2632 recipiatis
1329 2567 1448 2631 quod
1472 2562 1750 2632 posueratis‚·{
1767 2605 1769 2610 .

362 2642 407 2687 in
431 2658 518 2687 uno
540 2651 683 2687 tamen
719 2639 816 2687 loco
851 2641 933 2687 sub
970 2641 1278 2687 communibus
1301 2638 1558 2686 custodibus
1581 2634 1769 2711 habete3=
