1769 3235
350 255 437 300 155
769 269 803 298 S.
847 268 1092 301 AUGUSTINI
1129 270 1332 301 EPISCoP1

349 356 370 376 »
395 345 543 380 turum
572 343 634 378 est
654 333 835 379 seminas
853 371 863 389 ,
885 333 958 379 sed
978 335 1145 380 nudum
1169 352 1349 396 granum
1374 346 1422 380 ut
1445 346 1553 398 puta
1572 335 1727 392 tritici,'

347 425 369 446 >)
394 416 469 450 aut
491 403 672 463 alicujus
707 415 995 458 eaeterorum3
1035 406 1148 451 Deus
1183 417 1323 452 autem
1357 405 1420 451 illi
1455 405 1529 450 dat
1569 411 1729 468 corpus¹

349 495 370 516 »
393 474 618 538 quomodo
650 473 836 519 voluerit
857 511 868 530 ,
907 485 948 520 et
974 475 1208 538 unicuique
1244 476 1455 521 seminum
1497 476 1726 538 proprium

353 568 374 588 n
398 562 559 608 corpus
575 544 607 591 ¹.
640 567 660 586 ›>
687 545 938 592 Secundum
958 547 1046 592 hoe
1070 564 1169 606 ergo
1192 547 1354 593 dixerat
1377 585 1387 602 ,
1410 568 1429 587 α
1455 548 1552 592 Non
1570 563 1729 609 eorpus

350 639 371 659 ))
396 616 518 679 quod
542 614 737 661 futurum
762 627 823 661 est
844 617 1039 662 seminas.
1072 639 1091 657 »
1112 619 1263 679 Neque
1290 619 1403 662 enim
1428 634 1512 661 non
1534 616 1727 661 triticum

353 687 433 732 erit
451 703 498 731 ex
516 686 662 731 tritico
687 704 697 730 :
719 686 790 731 sed
810 687 913 749 quia
934 704 1060 731 nemo
1078 688 1258 731 seminat
1280 687 1482 739 herbam,
1500 686 1566 731 vel
1592 686 1730 748 stipu-

350 757 437 803 lam
453 794 464 812 ‚
498 766 540 802 et
571 756 832 819 multiplicia
860 757 904 801 in
927 757 1050 819 palea
1070 767 1318 817 tegumenta
1337 773 1570 816 granorum
1590 794 1601 812 ‚
1629 768 1748 802 cum}

351 827 515 891 quibus
543 837 687 872 tamen
718 828 878 872 semina
908 839 1120 886 exurgunt
1139 865 1149 881 ,
1181 828 1277 873 ideo
1307 828 1366 872 ait
1386 864 1396 882 ,
1421 827 1545 872 «Sed
1562 809 1748 875 nudum}

353 918 375 940 »
400 914 582 957 granum
605 915 615 942 :
642 918 661 937 ›>
682 897 788 942 hinc
817 897 962 942 volens
991 898 1211 943 ostendere
1231 935 1241 951 ,
1273 898 1376 961 quia
1406 898 1438 942 si
1460 898 1573 942 Deus
1591 877 1750 980 potest}

352 967 508 1013 addere
529 967 649 1030 quod
672 985 759 1012 non
777 980 866 1013 erat
880 969 923 1012 in
943 968 1063 1013 nudo
1083 968 1262 1022 semine,
1287 968 1425 1014 multo
1443 968 1577 1028 magis
1593 974 1755 1031 potest·f

352 1055 556 1102 reparare
577 1038 698 1101 quod
716 1049 807 1084 erat
831 1040 877 1084 in
894 1039 1086 1085 hominis
1104 1056 1301 1102 corpore.
1744 1002 1750 1120 l

423 1109 522 1154 Vll.
548 1109 751 1154 Jamvero
769 1109 889 1172 quod
912 1109 1140 1169 adjungit,
1168 1109 1221 1155 ad
1246 1110 1529 1155 differentiam
1550 1108 1754 1172 pertinen·

354 1179 700 1238 resurgentium,
733 1191 917 1243 propter
952 1180 1140 1225 diversas
1186 1180 1341 1240 glorias
1377 1180 1571 1225 fidelium
1609 1158 1750 1241 atquel

356 1260 621 1295 sanctorum.
647 1270 666 1290 α
692 1251 789 1295 Non
813 1251 952 1295 omnis
971 1287 982 1306 ‚
1009 1251 1151 1313 inquit
1170 1288 1179 1306 ,
1203 1267 1304 1295 earo
1328 1250 1477 1296 eadem
1500 1266 1600 1295 earo
1624 1267 1634 1293 :
1659 1249 1758 1318 alia*

358 1339 379 1359 ›>
404 1318 580 1381 quidem
599 1319 830 1365 hominum
850 1358 860 1375 ‚
885 1320 967 1366 alia
992 1337 1135 1365 autem
1166 1337 1266 1365 earo
1294 1338 1500 1384 pecorum
1522 1357 1532 1375 ‚
1559 1319 1640 1365 alia
1661 1323 1757 1364 vo-'

357 1409 377 1429 »
400 1388 573 1434 lucrum
591 1427 601 1444 ,
630 1389 712 1435 alia
736 1391 950 1453 piscium3
975 1401 1017 1435 et
1039 1407 1226 1453 corpora
1248 1390 1436 1436 eoelestia
1458 1428 1469 1447 ‚
1493 1401 1534 1435 et
1553 1406 1756 1452 corporae

360 1481 380 1499 »
406 1460 622 1505 terrestria
646 1477 657 1505 τ
685 1461 758 1506 sed
785 1460 865 1506 alia
892 1472 952 1506 est
977 1461 1217 1507 coelestium
1239 1462 1375 1521 gloria
1391 1499 1400 1516 ,
1423 1472 1465 1506 et
1483 1461 1564 1506 alia
1585 1471 1740 1506 terres-

358 1550 378 1570 »
404 1529 632 1583 restrium;
667 1541 709 1575 et
742 1530 824 1576 alia
853 1531 987 1590 gloria
1014 1531 1131 1587 solis,
1165 1531 1244 1576 alia
1279 1532 1413 1591 gloria
1451 1531 1567 1576 lunae
1591 1541 1633 1576 et
1661 1529 1742 1575 alia

361 1622 382 1640 »
407 1599 541 1658 gloria
563 1599 797 1647 stellarum.
832 1600 963 1646 Stella
993 1601 1108 1646 enim
1134 1620 1154 1647 a
1176 1601 1297 1647 stella
1322 1602 1463 1647 differt
1495 1601 1540 1646 in
1572 1600 1739 1660 gloria:

358 1692 378 1712 >³
405 1671 464 1715 sie
491 1681 531 1715 et
568 1672 824 1717 resurreetio
849 1683 1123 1717 mortuorum
1144 1672 1174 1718 ².
1218 1694 1238 1713 ›>
1269 1674 1320 1717 In
1350 1673 1416 1717 his
1439 1672 1643 1717 omnibus
1663 1671 1755 1717 iste'

359 1757 504 1785 sensus
530 1751 620 1796 est,
655 1742 700 1787 Si
724 1759 878 1801 genera
904 1743 1046 1787 carnis
1079 1760 1179 1788 eum
1217 1743 1301 1788 sint
1324 1754 1484 1788 cuneta
1513 1741 1711 1788 mortalia
1728 1777 1739 1796 ‚

362 1810 571 1856 differunt
592 1822 734 1857 tamen
757 1813 868 1858 inter
898 1830 940 1858 se
969 1830 1051 1876 pro
1077 1813 1401 1859 diversitatibus
1426 1813 1710 1858 animantium
1730 1831 1756 1866 3.

360 1891 401 1925 et
435 1881 469 1926 si
496 1898 683 1944 corpora
715 1899 815 1928 cum
846 1883 930 1928 sint
959 1884 1106 1928 omnia
1133 1884 1350 1939 visibilia,
1375 1883 1584 1929 differunt
1602 1893 1756 1928 tamen·

362 1968 448 2014 pro
473 1951 799 1997 diversitatibus
816 1953 1011 1998 locorum
1030 1991 1040 2007 ‚
1069 1953 1184 1999 unde
1209 1953 1290 1999 alia
1311 1964 1373 1999 est
1395 1953 1639 1999 coelestium
1660 1951 1745 2012 glo-

360 2021 447 2077 ria,
477 2021 559 2067 alia
584 2023 878 2075 terrestrium;
915 2034 956 2068 et
981 2024 1014 2068 si
1049 2024 1091 2068 in
1113 2023 1219 2069 locis
1251 2023 1515 2069 sublimibus
1541 2039 1642 2068 eum
1663 2001 1752 2067 sintl

362 2103 521 2137 cuneta
549 2092 764 2146 coelestia,
799 2093 1004 2139 differunt
1034 2094 1162 2139 etiam
1196 2094 1288 2155 ipsa
1317 2092 1590 2139 claritatibus
1612 2069 1758 2182 lumi-i.

359 2178 498 2215 num3
528 2179 615 2208 non
642 2163 803 2208 mirum
827 2174 889 2208 est
910 2163 1030 2226 quod
1053 2165 1098 2209 in
1130 2164 1442 2209 resurreetione
1469 2172 1752 2252 mortuorum!

362 2232 543 2278 distabit
566 2232 704 2293 gloria
725 2235 994 2281 meritorum.
1747 2256 1751 2271 ·

435 2302 557 2350 Vlll.
590 2304 809 2364 Hincjam
832 2306 951 2351 venit
977 2305 1030 2351 ad
1057 2304 1166 2352 illud
1186 2343 1195 2361 ‚
1218 2305 1337 2368 quod
1358 2304 1649 2350 communiter
1671 2275 1752 2349 ha]

369 2373 445 2418 bet
463 2375 603 2420 omnis
627 2392 752 2433 eam,
780 2394 879 2439 quae
904 2377 959 2422 ad
982 2377 1116 2423 vitam
1140 2377 1322 2436 resurgit
1345 2387 1576 2432 aeternam,
1606 2386 1648 2421 et
1675 2373 1746 2420 di-

367 2442 427 2488 cit
445 2480 455 2499 ,
478 2465 497 2484 «
514 2444 765 2491 Seminatur
787 2446 832 2492 in
853 2451 1152 2510 corruptione,
1170 2458 1312 2506 surget
1329 2447 1373 2492 in
1389 2445 1716 2508 incorruptione
1726 2460 1743 2488 -ε

370 2534 390 2554 »
415 2514 652 2560 seminatur
681 2515 726 2562 in
749 2517 1012 2563 contumelia
1030 2555 1040 2573 ‚
1068 2528 1212 2578 surget
1232 2517 1275 2563 in
1311 2517 1446 2578 gloria
1477 2534 1487 2562 :
1514 2502 1769 2596 seminaturlff

313 2586 321 2592 ”
418 2598 428 2619 ¹
455 2609 468 2628 1
490 2600 563 2631 Cor.
585 2610 639 2642 xv,
657 2601 710 2633 35.
729 2618 773 2624 -
792 2599 908 2633 21bid.
929 2603 1050 2643 39-41.
1725 2591 1729 2605 η’

1748 2693 1751 2738 i

1748 2750 1751 2776 ε

1747 2781 1751 2834 ἓ

1748 2842 1752 2886 ,λ

1748 3020 1769 3235 l

1749 3180 1752 3203 ι
