1769 3235
1754 203 1757 214 ι

1755 229 1757 237 ι

337 266 431 322 224
763 281 797 311 s,
840 278 1086 311 Aucusrrm
1122 280 1328 312 mus-cori
1754 246 1757 333 ⁸

336 358 430 393 tum
454 346 510 392 ad
535 347 679 410 ipsum
715 345 927 409 pertinet,
968 346 1281 400 constitutum3
1325 344 1378 390 de
1421 345 1518 408 ipso
1550 344 1717 408 quippe
1753 341 1768 386 ἰ·-

337 419 652 481 scriptumest,
675 416 795 480 quod
817 420 1113 462 «Potestatem
1135 417 1295 462 habeat
1319 415 1513 462 mortis‘l.
1538 437 1557 457 >2
1579 418 1719 462 Intrat'
1764 447 1769 467 ;

337 488 383 533 iu
405 487 586 533 domum
609 486 754 540 fortis,
782 486 827 532 id
841 497 922 542 est,
948 487 994 532 in
1013 504 1089 533 suo
1115 487 1342 532 dominatu
1363 487 1568 532 habentis
1583 503 1718 546 genus
1752 481 1769 551 ⁸

338 557 609 614 humanum3
634 567 676 602 et
711 557 831 620 prius
854 556 1001 617 alligat
1025 573 1150 614 eum,
1174 556 1219 602 id
1245 567 1306 602 est
1322 593 1332 612 ‚
1356 560 1448 616 ejus
1480 560 1656 602 coercet
1677 565 1720 601 et
1752 554 1769 624 ⁸

339 627 520 672 cohibet
544 638 824 690 potestatem,
850 628 1074 690 potestatis
1106 644 1195 673 suae
1218 626 1473 672 fortioribus
1504 625 1690 673 vinculis
1703 645 1722 679 ;·
1752 625 1763 685 ⁸

339 709 382 743 et
399 699 460 743 sic
481 699 612 762 eripit
631 716 729 745 vasa
746 703 781 759 ej
791 716 836 744 us
859 716 1151 762 quaecumque
1177 698 1503 761 praedestinavit
1522 698 1686 760 eripere
1701 732 1713 754 ,
1751 695 1755 762 ⁸

342 768 573 814 arbitrium
604 787 754 815 eorum
782 771 836 815 ab
859 774 950 829 ejus
977 780 1188 832 potestate
1221 769 1436 825 liberans,
1460 779 1510 814 ut
1535 768 1610 814 illo
1633 785 1722 814 non
1751 763 1769 830 ⁸?

338 838 604 902 impediente
640 840 819 886 credant
844 840 889 885 in
922 840 1055 885 istum
1090 838 1227 884 libera
1260 839 1500 886 voluntate.
1532 837 1723 884 Proinde
1750 836 1769 906 ⁸!

338 908 426 955 hoc
450 927 561 973 opus
583 921 644 956 est
683 911 833 971 gratioe
851 947 861 966 ‚
888 927 977 955 non
1008 920 1189 957 naturae.
1229 910 1354 973 Opus
1390 920 1481 966 est,
1510 909 1718 972 inquam,
1750 911 1769 976 ⁸ae

339 981 489 1039 gratiae
508 1018 519 1037 ‚
540 998 673 1044 quam
693 981 821 1026 nobis
840 981 988 1026 attulit
1007 980 1222 1026 secundus
1240 980 1403 1034 Adanu
1424 997 1512 1025 non
1528 990 1716 1035 naturas,
1749 994 1769 1041 ἐξ

334 1066 471 1112 quam
497 1061 634 1095 totam
654 1051 847 1113 perdidit
870 1051 916 1096 in
939 1051 1168 1114 semetipso
1202 1053 1370 1114 primus
1401 1050 1557 1097 Adam.
1591 1051 1722 1114 Opus
1749 1051 1769 1107 ⁸⁸

340 1130 403 1165 est
428 1121 579 1180 gratiae
600 1121 786 1167 tollentis
811 1133 1042 1185 peccatum
1058 1159 1068 1177 ‚
1091 1122 1351 1168 vivificantis
1374 1133 1595 1168 mortuum
1612 1139 1722 1185 pec-
1748 1119 1769 1196 ⁸⁸

337 1201 558 1245 catorem;
594 1209 681 1237 nou
713 1209 824 1256 opus
861 1194 986 1253 Legis
1016 1193 1277 1238 ostendentis
1306 1204 1535 1256 peccatum
1554 1230 1564 1248 ,
1596 1209 1676 1238 nec
1699 1209 1724 1238 a
1749 1212 1769 1260 μ

339 1272 520 1324 peccato
537 1262 815 1310 vivificantis.
838 1264 948 1309 Nam
967 1263 1038 1308 ille
1056 1280 1236 1322 magnus
1255 1263 1405 1322 gratiae
1426 1261 1719 1324 praedicator:
1748 1263 1769 1333 ⁸

339 1352 360 1374 c<
384 1332 623 1378 Peccatum
640 1369 651 1389 ‚
675 1333 845 1397 inquit,
868 1351 955 1379 non
972 1333 1180 1393 cognovi,
1205 1334 1283 1378 nisi
1306 1350 1385 1395 per
1408 1334 1577 1392 Legem.
1605 1353 1625 1373 ›>
1646 1333 1720 1388 Et,
1747 1344 1767 1393 ⁸·

339 1423 361 1443 α
388 1402 432 1448 Si
454 1401 557 1448 data
582 1414 713 1459 esset,
737 1404 906 1466 inquit,
929 1405 1015 1449 Lex
1045 1419 1146 1466 quae
1180 1414 1323 1466 posset
1347 1403 1566 1448 vivificare
1584 1440 1595 1459 ‚
1624 1419 1724 1448 om-
1747 1400 1769 1455 {a

341 1492 363 1514 >³
386 1472 490 1517 nino
527 1490 575 1518 ex
613 1474 725 1533 Lege
759 1484 867 1519 esset
892 1473 1102 1533 justitia2.
1134 1494 1155 1514 »
1181 1474 1308 1536 Opus
1338 1483 1399 1519 est
1429 1473 1516 1519 hoc
1540 1473 1720 1533 gratiae,
1746 1451 1769 1531 ⁸

343 1560 477 1607 quam
516 1545 593 1607 qui
633 1544 885 1608 accipiunt,
930 1544 1144 1590 doctrinae
1180 1544 1357 1590 salutari
1392 1534 1750 1607 Scripturarum⁸

341 1624 586 1660 sanctarum
603 1652 614 1671 ‚
649 1617 727 1661 etsi
750 1615 911 1661 fuerint
935 1615 1130 1672 inimici,
1170 1616 1283 1661 fiunt
1314 1615 1470 1668 amici3
1499 1631 1587 1660 non
1613 1630 1724 1677 opus
1744 1605 1756 1674 ⁸2

341 1684 533 1744 ersdem
553 1685 766 1732 doctrinae
784 1724 794 1744 ‚
824 1703 955 1749 quam
980 1686 1057 1749 qui
1080 1685 1266 1732 audiunt
1290 1696 1332 1731 et
1357 1685 1506 1745 legunt
1525 1685 1614 1731 sine
1628 1702 1723 1745 gra·
1744 1678 1759 1755 ⁸

345 1755 405 1800 tia
432 1755 512 1801 Dei
533 1793 544 1814 ,
567 1760 735 1819 pejores
760 1761 851 1817 ejus
875 1757 1123 1803 efficiuntur
1150 1757 1331 1803 inimici.
1744 1757 1748 1820 ⁸

411 1826 516 1872 XII.
548 1827 648 1872 Non
664 1840 726 1873 est
747 1828 881 1888 igitur
907 1827 1044 1887 gratia
1063 1829 1144 1874 Dei
1167 1827 1211 1872 iu
1232 1838 1388 1873 natura
1407 1826 1535 1873 liberi
1555 1826 1725 1873 arbitrii
1743 1823 1752 1891 ⁸

345 1906 388 1941 et
415 1895 463 1940 iu
491 1897 604 1956 Lege
643 1908 771 1961 atque
801 1898 1031 1954 doctrina,
1071 1899 1183 1944 sicut
1214 1898 1446 1958 Pelagiana
1469 1898 1724 1960 perversitas
1742 1896 1747 2014 ⁸

346 1966 506 2029 desipit
526 1986 536 2019 ;
570 1967 643 2012 sed
668 1968 723 2014 ad
749 1968 941 2028 singulos
967 1979 1088 2014 aetus
1109 1968 1238 2014 datur
1260 1967 1377 2013 illius
1397 1968 1621 2015 voluntate
1636 2005 1648 2025 ‚
1670 1967 1724 2013 de
1742 1984 1754 2038 ⁸¹

346 2053 434 2099 quo
476 2037 692 2100 scriptum
723 2049 786 2084 est
806 2075 818 2095 ,
861 2061 881 2080 «
917 2039 1121 2085 Pluviam
1159 2038 1448 2085 voluntariam
1484 2037 1726 2099 segregabis
1741 2048 1750 2096 ⁸

345 2128 366 2149 »
391 2109 507 2153 Deus
530 2109 776 2157 haereditati
795 2121 884 2156 tuae
898 2110 930 2157 3.
956 2133 976 2152 »
1004 2111 1120 2167 Quia
1141 2121 1183 2156 et
1205 2110 1394 2156 liberum
1417 2110 1648 2156 arbitrium
1667 2098 1746 2165 ad⁸

345 2177 617 2239 diligendum
644 2181 785 2226 Deum
806 2181 939 2245 primi
963 2181 1133 2244 peccati
1156 2179 1401 2241 granditate
1417 2178 1690 2243 perdidimus
1705 2215 1718 2236 ,
1740 2171 1765 2230 ⁸2

344 2260 387 2295 et
409 2249 496 2295 Lex
530 2251 610 2296 Dei
639 2262 768 2314 atque
801 2252 1025 2308 doctrina,
1063 2251 1264 2315 quamvis
1302 2262 1449 2298 saneta
1479 2262 1521 2297 et
1542 2255 1661 2311 justa
1679 2233 1768 2316 et⁸·

343 2320 486 2376 bona,
523 2331 667 2367 tamen
708 2323 872 2369 occidit
894 2361 906 2379 ,
951 2323 985 2369 si
1020 2340 1106 2368 non
1148 2323 1338 2369 vivificet
1374 2322 1563 2385 Spiritus
1581 2322 1619 2378 4,
1644 2313 1769 2384 per}›i

344 2408 475 2454 quem
499 2392 578 2448 sit,
616 2411 705 2439 non
740 2405 789 2440 ut
827 2394 1070 2451 audiendo,
1105 2394 1176 2440 sed
1212 2404 1258 2439 ut
1290 2393 1555 2450 obediendo,
1584 2390 1769 2456 nequem

343 2472 393 2508 ut
415 2461 627 2520 lectione,
663 2464 737 2511 sed
771 2476 820 2511 ut
852 2465 1084 2511 dilectione
1121 2476 1328 2511 teneatur.
1366 2464 1651 2527 Quapropter
1672 2446 1769 2547 ut⁸⁸

392 2560 404 2582 ¹
423 2561 526 2596 Hebr·
545 2575 583 2601 ¹¹,
604 2569 657 2600 14.
671 2563 849 2598 —2Rom.
867 2574 926 2607 vn,
946 2577 976 2606 7,
992 2571 1023 2597 et
1037 2565 1140 2599 Galat.
1161 2574 1213 2610 11¹,
1233 2577 1289 2600 21.
1305 2583 1349 2590 —-
1365 2562 1380 2588 3
1395 2564 1480 2599 Psal.
1498 2572 1600 2610 mvn?
1616 2550 1741 2598 ιαμ-ἶ

1737 2612 1741 2626 Ι

345 2613 361 2639 ⁴
375 2618 472 2651 Rom.
490 2625 550 2658 vu,
572 2628 624 2652 ω.
