1769 3235
306 276 366 320 26
724 290 758 320 s.
805 288 1049 320 Anousnm
1083 289 1286 320 nvlscori

307 365 383 400 aut
402 354 636 418 aliquando
653 354 844 401 invenias
872 354 992 418 quod
1012 371 1130 404 nunc
1155 371 1243 401 non
1272 355 1480 418 potueris.
1505 356 1614 402 Nam
1635 367 1678 407 et

305 424 369 470 illi
392 425 470 487 qui
507 427 670 470 animas
706 443 752 471 ex
782 442 867 470 una
895 425 1133 489 propagari
1159 436 1380 481 asserunt,
1405 442 1535 488 quam
1561 430 1678 472 Deus

305 494 450 557 primo
473 494 642 540 homini
675 494 818 551 dedit,
861 506 990 558 atque
1025 497 1083 541 ita
1107 512 1174 541 eas
1200 513 1248 541 ex
1281 497 1538 559 parentibus
1563 495 1678 542 trahi

307 563 484 620 dicunt,
528 565 561 610 si
599 565 856 611 Tertulliani
891 565 1140 628 opinionem
1181 577 1446 628 sequuntur,
1483 565 1678 628 profecto

307 652 375 681 eas
402 652 489 680 non
522 635 728 698 spiritus,
765 635 837 681 sed
868 652 1052 698 corpora
1075 652 1161 680 esse
1193 635 1487 691 contendunt,
1515 646 1558 680 et
1578 652 1681 681 θοι-ρ

306 704 496 768 pulentis
522 706 759 752 seminibus
773 705 926 751 exoriri
947 723 958 750 :
985 722 1074 769 quo
1092 705 1332 768 perversius
1351 704 1461 768 quid
1487 704 1575 751 diei
1593 722 1678 769 po·-

307 779 420 822 test?
450 777 602 839 Neque
624 777 710 822 hoc
734 777 1047 823 Tertullianum
1075 777 1305 822 somniasse
1331 775 1577 822 mirandum
1597 786 1676 831 est,

307 845 383 910 qui
411 846 538 891 etiam
578 848 722 910 ipsum
751 858 988 894 creatorem
1013 847 1152 892 Deum
1177 864 1266 892 non
1299 863 1386 893 esse
1419 846 1500 892 nisi
1521 862 1681 910 corpus

310 916 556 980 opinatur1.

372 987 465 1034 XV.
498 989 595 1045 Qua
621 988 835 1034 dementia
863 988 1035 1051 repulsa
1059 1005 1082 1033 a
1109 987 1240 1033 corde
1270 997 1400 1051 atque
1429 1004 1502 1033 ore
1523 987 1680 1034 Chris-

308 1055 426 1102 tiano
449 1059 645 1122 quisquis
670 1059 857 1104 animam
893 1058 1018 1103 sicuti
1043 1069 1129 1112 est,
1165 1075 1253 1103 non
1283 1074 1368 1103 esse
1393 1074 1554 1122 corpus
1571 1095 1582 1114 ,
1608 1057 1681 1104 sed
1750 1118 1752 1123 .

304 1127 507 1189 spiritum
542 1129 800 1184 confitetur,
846 1139 889 1174 et
928 1139 1070 1174 tamen
1110 1127 1153 1173 in
1192 1128 1302 1174 filios
1342 1145 1389 1173 ex
1427 1127 1683 1192 parentibus
1749 1132 1751 1184 f

305 1195 437 1253 duci,
473 1197 518 1243 in
541 1215 590 1243 eo
615 1199 793 1262 quidem
833 1198 963 1244 nullis
995 1209 1244 1244 coarctatur
1286 1200 1521 1259 angustiis,
1561 1197 1681 1262 quod
1748 1239 1749 1245 ,

306 1283 454 1312 omnes
494 1268 658 1314 animas
680 1306 690 1325 ,
735 1269 865 1315 etiam
896 1268 1180 1332 parvulorum
1201 1306 1211 1325 ‚
1241 1285 1350 1332 quos
1375 1269 1568 1315 Ecclesia
1594 1285 1683 1316 non
1746 1276 1748 1313 ἶ

305 1337 456 1400 utique
477 1337 520 1382 in
549 1337 697 1384 falsam
715 1375 726 1392 ‚
749 1338 822 1384 sed
846 1339 891 1384 in
911 1355 1056 1384 veram
1081 1349 1363 1402 peccatorum
1384 1339 1682 1386 remissionem
1744 1359 1747 1402 ,ἢ

307 1406 531 1469 baptizat,
553 1425 650 1453 vera
674 1409 779 1454 fides
801 1408 1016 1472 praedicat
1036 1409 1207 1454 trahere
1229 1409 1435 1469 originale
1452 1420 1683 1473 peccatum
1744 1418 1750 1472 J,

306 1478 485 1542 propria
512 1480 642 1542 primi
677 1480 867 1525 hominis
893 1480 1118 1525 voluntate
1141 1481 1442 1536 commissum,
1470 1490 1511 1526 et
1530 1481 1572 1526 in
1593 1497 1683 1526 om·
1742 1494 1745 1543 ξ

306 1565 380 1594 nes
405 1559 598 1611 posteros
624 1551 897 1609 generatione
915 1550 1233 1606 transmissum,
1258 1550 1347 1595 sola
1363 1550 1684 1610 regeneratione
1742 1554 1743 1558 ’

303 1618 612 1682 purgandum:
642 1620 713 1665 sed
739 1637 840 1666 cum
859 1619 1124 1665 considerari
1147 1630 1188 1664 et
1212 1621 1470 1683 pertractari
1496 1620 1685 1684 coeperit
1738 1654 1742 1686 2

310 1689 415 1752 quid
441 1689 640 1745 dicatur,
669 1691 826 1736 mirum
862 1691 894 1736 si
923 1691 1035 1736 ullus
1060 1707 1206 1736 sensus
1228 1690 1563 1753 comprehendit
1593 1691 1684 1738 hu·
1738 1706 1741 1758 g

304 1775 476 1813 manus,
504 1777 696 1823 quonam
722 1760 853 1806 modo
878 1771 1084 1824 tanquam
1109 1760 1287 1806 lucerna
1315 1761 1370 1806 de
1400 1760 1578 1806 lucerna
1606 1777 1685 1807 ac«-

305 1830 598 1887 accendatur,
628 1841 669 1876 et
694 1832 782 1876 sine
816 1831 1074 1877 detrimento
1100 1831 1272 1877 alterius
1304 1830 1411 1876 alter
1444 1830 1544 1877 inde
1575 1831 1686 1891 ignis
1734 1855 1738 1885 ς

305 1899 476 1954 existat,
511 1900 571 1946 sic
608 1901 750 1946 anima
786 1900 841 1947 de
867 1901 1009 1947 anima
1037 1901 1228 1962 parentis
1253 1901 1329 1946 fiat
1349 1901 1395 1946 in
1424 1901 1546 1964 prole
1569 1937 1581 1957 ‚
1618 1899 1686 1947 vel
1735 1911 1737 1916 '

306 1969 620 2017 traducaturin
645 1972 811 2035 prolem
828 1991 837 2017 :
854 1984 999 2018 utrum
1022 1973 1330 2035 incorporeum
1342 1989 1485 2018 semen
1506 1971 1683 2030 animae,
1733 1964 1736 2018 ἶ

305 2052 382 2086 sua
415 2041 604 2103 quadam
637 2042 812 2088 occulta
839 2054 882 2088 et
911 2043 1121 2088 invisibili
1162 2043 1230 2089 via
1258 2059 1450 2089 seorsum
1473 2060 1519 2090 ex
1564 2052 1687 2107 patre
1731 2046 1735 2087 i

305 2111 515 2156 curratin
540 2122 720 2157 matrem
746 2129 847 2158 cum
864 2114 913 2158 fit
937 2123 1174 2176 conceptus
1194 2114 1238 2159 in
1265 2113 1467 2171 foemina3
1497 2130 1551 2159 an
1565 2111 1685 2178 quod

305 2191 368 2226 est
386 2181 703 2237 incredibilius,
730 2183 774 2228 in
807 2183 969 2228 semine
1000 2183 1197 2246 corporis
1226 2183 1371 2230 lateat.
1404 2184 1518 2229 Cum
1538 2194 1685 2229 autem
1730 2203 1731 2214 ³

305 2250 451 2295 fluunt
473 2251 595 2298 irrita
622 2253 711 2297 sine
736 2252 835 2298 ullis
859 2254 1146 2315 conceptibus
1169 2253 1350 2306 semina,
1375 2263 1524 2299 utrum
1543 2269 1687 2299 semen
1729 2251 1731 2253 ’

308 2320 467 2366 animae
480 2338 566 2366 non
585 2320 712 2368 simul
731 2333 865 2378 exeat,
894 2341 947 2368 an
971 2339 1139 2369 summa
1153 2322 1368 2368 celeritate
1389 2334 1520 2386 atque
1543 2334 1687 2374 atomo
1728 2358 1729 2362 ,

309 2391 516 2453 temporis
541 2391 654 2437 unde
677 2392 835 2438 exierat
870 2404 1092 2449 recurrat,
1122 2410 1174 2438 an
1202 2405 1365 2457 pereat.
1399 2394 1453 2439 Et
1483 2394 1516 2439 si
1539 2393 1683 2458 perit,

307 2460 530 2522 quomodo
567 2462 659 2524 ipsa
695 2466 819 2522 cujus
851 2464 1029 2509 mortale
1057 2481 1200 2510 semen
1224 2475 1311 2520 est,
1346 2464 1604 2510 immortalis
1626 2473 1686 2509 est
1723 2464 1726 2502 ἶ

356 2559 366 2580 ¹
388 2559 524 2592 Tei-tull.
550 2559 606 2593 lib.
630 2567 717 2594 cont.
739 2565 892 2594 l‘raxeam
910 2572 937 2596 e.
970 2575 1001 2602 7.
1019 2563 1100 2594 Vide
1118 2567 1199 2605 Aug.
1219 2562 1276 2594 lib.
1302 2574 1350 2595 xo.
1372 2563 1411 2595 de
1429 2563 1544 2595 Genesi
1566 2562 1603 2594 ad
1620 2561 1684 2595 tiu.
1722 2607 1723 2612 1
1766 2546 1769 2573 ³

310 2624 380 2657 cap.
399 2616 454 2648 25.
