1769 3235
527 276 742 310 EPISTOLA
777 278 926 310 CXCIX·
1339 278 1355 309 1
1367 276 1427 326 07

56 359 253 411 tempore
283 345 526 405 removisse.
561 344 662 390 Non
695 345 811 390 enim
844 343 1044 390 videmus
1076 344 1430 409 ipsos-amatores

55 419 190 479 hujus
221 416 368 463 saeeuli
390 453 402 473 ,
442 415 605 479 quibus
644 414 895 461 subitaneus
936 415 1170 479 apparebit
1200 415 1425 474 interitus,

49 493 143 552 jam
171 490 338 544 dicere,
367 510 387 529 «
412 489 502 534 Pax
529 498 570 533 et
595 487 813 534 securitas,
841 508 862 529 >2

122 560 198 608 IX.
240 559 359 618 Quid
396 577 496 620 ergo
525 559 632 605 seire
668 558 882 614 sufficiat,
920 557 1021 604 satis
1048 556 1141 622 ipse
1165 557 1433 605 demonstrat

55 630 290 695 Apostolus
324 630 511 676 dicendo
531 667 541 686 ,
573 649 592 671 α
619 631 682 676 1)0
706 628 980 692 temporibus
1011 638 1053 674 et
1089 629 1319 674 momentis
1345 647 1431 675 non

55 722 78 747 »
101 718 211 765 opus
244 701 459 746 habemus
491 700 615 746 vobis
640 699 828 745 scribere
850 719 862 753 3
895 721 915 741 >)
939 698 1005 745 vel
1029 698 1142 744 sieut
1170 698 1240 744 alii
1262 699 1434 745 codiees

53 773 221 820 habent
239 810 250 830 ,
277 792 297 813 «
331 773 431 817 Non
462 789 573 835 opus
594 770 768 817 habetis
796 771 921 817 vobis
941 769 1089 816 scribi.
1113 791 1133 811 >2
1156 770 1240 815 Nee
1262 781 1434 816 secutus

55 843 276 903 adjunxit,
303 843 389 888 Vos
416 843 531 890 enim
568 843 653 906 ipsi
678 842 908 902 diligenter
934 841 1051 888 scitis
1079 851 1295 904 quantum
1320 851 1435 886 tem-

53 914 172 980 poris
195 924 347 967 restet3
383 914 457 960 sed
482 915 541 960 ait
560 952 571 972 ,
606 935 626 956 «
661 914 747 959 Vos
772 914 886 959 enim
911 913 995 977 ipsi
1029 912 1260 973 diligenter
1287 912 1432 967 scitis,

53 1007 75 1029 2>
97 986 201 1050 quia
222 986 332 1032 hora
351 986 547 1042 Domini,
572 986 685 1032 sieut
702 985 773 1031 fur
795 985 840 1031 in
865 995 1016 1039 nocte,
1037 984 1097 1030 ita
1117 983 1273 1030 veniet.
1299 1005 1318 1025 »
1340 984 1436 1029 1100

53 1073 153 1117 ergo
189 1057 297 1103 seire
322 1074 433 1120 opus
462 1067 550 1114 est,
579 1068 628 1103 ut
655 1067 807 1103 curent
833 1056 910 1102 filii
939 1055 1049 1102 lueis
1074 1072 1184 1110 esse,
1212 1065 1254 1100 et
1283 1064 1436 1118 parato

53 1128 184 1174 corde
210 1127 412 1187 vigilare,
436 1128 514 1190 qui
543 1128 701 1174 nolunt
723 1128 779 1173 ab
811 1127 885 1173 illa
909 1127 1020 1172 hora
1043 1125 1156 1171 sieut
1179 1144 1200 1170 a
1219 1135 1437 1171 nocturno

52 1197 147 1250 fure
166 1197 496 1260 comprehendi.
525 1199 637 1244 Nam
659 1199 694 1244 si
719 1197 774 1243 ad
800 1197 1046 1244 cavendum
1069 1197 1157 1242 hoe
1178 1195 1338 1242 malum
1358 1233 1369 1252 ‚
1391 1195 1436 1241 id

53 1279 142 1325 est,
176 1286 229 1314 ne
263 1268 374 1314 hora
404 1269 581 1314 Domini
611 1279 820 1332 tanquam
838 1267 912 1313 fur
931 1267 1434 1330 inveniatimparatum,

54 1356 163 1403 opus
186 1349 291 1385 esset
313 1356 433 1385 nosse
457 1350 705 1403 temporum
728 1339 868 1402 spatia
882 1374 894 1394 ,
915 1355 1004 1384 non
1022 1337 1184 1383 diceret
1203 1335 1439 1400 Apostolus

52 1427 141 1456 non
173 1426 283 1473 opus
313 1426 401 1456 esse
436 1421 486 1456 ut
519 1410 608 1456 hoe
640 1410 875 1465 scriberet,
900 1408 974 1454 sed
994 1409 1080 1455 hoc
1100 1408 1248 1473 potius
1271 1407 1331 1453 eis
1352 1423 1439 1453 esse

52 1481 334 1528 scribendum
356 1492 566 1545 tanquam
587 1481 742 1528 doctor
768 1480 1175 1545 providentissimus
1196 1478 1430 1541 judiearet.

55 1553 182 1604 Nunc
217 1563 359 1598 autem
386 1570 466 1599 nee
494 1552 579 1599 illis
602 1553 690 1599 hoe
712 1569 824 1616 opus
844 1569 932 1598 esse
967 1550 1249 1606 monstravit,
1276 1549 1438 1614 quibus

53 1622 293 1669 sufficiebat
329 1635 378 1670 ut
409 1623 570 1670 seirent
593 1624 818 1688 imparatis
858 1633 988 1686 atque
1009 1621 1330 1668 dormientibus
1349 1620 1438 1666 ho-

0 1745 1 1749 *
53 1709 145 1738 ram
186 1693 365 1740 Domini
410 1695 524 1741 sieut
559 1693 700 1740 furem
741 1712 828 1740 esse
867 1704 1099 1740 venturam
1123 1729 1134 1749 ,
1176 1703 1307 1756 atque
1351 1690 1438 1735 hoe

52 1763 228 1815 sciendo
250 1776 388 1810 essent
407 1766 491 1829 ipsi
512 1765 742 1825 vigilanter
759 1765 899 1829 parati
919 1775 1020 1828 post
1039 1763 1313 1828 quantalibet
1332 1772 1439 1806 tem-

0 1838 1 1846 *
51 1851 159 1898 pora
182 1835 375 1890 veniret3
397 1847 437 1882 et
463 1854 589 1882 suum
608 1838 795 1882 servavit
818 1835 998 1881 modum
1017 1872 1027 1891 ‚
1051 1846 1097 1880 ut
1117 1834 1219 1880 lieet
1245 1836 1436 1896 Aposto-

0 1950 1 1954 ,
50 1905 142 1962 105,
177 1924 266 1952 000
307 1919 447 1953 tamen
484 1919 768 1970 praesumeret
799 1908 904 1953 alios
932 1906 1117 1961 docere,
1150 1903 1270 1968 quod
1295 1906 1438 1967 Apos-

0 2014 1 2033 ÷
52 1977 150 2023 tolis
182 1978 421 2024 Dominum
457 1978 610 2025 dixisse
649 1989 944 2040 cognoverat,
980 1999 1001 2019 «
1027 1979 1127 2024 Non
1160 1986 1223 2021 est
1245 1986 1437 2022 vestrum

0 2066 3 2095 z
51 2067 73 2090 >2
96 2065 219 2095 seire.
246 2069 267 2091 »

115 2120 170 2167 X.
195 2120 327 2166 Ponis
343 2120 473 2167 etiam
492 2121 612 2185 quod
630 2120 742 2167 idem
764 2120 857 2185 ipse
875 2119 985 2166 dixit
1004 2117 1240 2182 Apostolus
1258 2154 1269 2172 ‚
1294 2138 1313 2157 α
1336 2117 1436 2162 Non

2 2199 3 2206 ’
51 2213 73 2236 >>
92 2193 284 2240 retinetis
311 2197 520 2242 memoria
538 2233 548 2252 ,
565 2196 670 2260 quia
692 2212 792 2241 eum
816 2211 947 2240 essem
971 2192 1089 2257 apud
1116 2209 1190 2238 vos
1209 2228 1219 2248 ,
1250 2191 1350 2236 haec
1372 2190 1437 2235 di-

3 2296 5 2325 :
55 2284 76 2306 >³
93 2264 245 2310 cebam
265 2265 405 2311 vobis.
436 2268 492 2312 Et
515 2284 632 2312 nune
651 2266 758 2330 quid
779 2265 970 2311 detineat
993 2263 1110 2310 scitis
1128 2301 1138 2319 ‚
1160 2273 1209 2308 ut
1227 2261 1442 2308 reveletur

2 2350 6 2403 ‘2
53 2334 135 2381 »in
158 2352 235 2381 suo
266 2345 474 2400 tempore.
508 2338 619 2383 Nam
651 2336 904 2400 mysterium
931 2339 1021 2395 jam
1047 2331 1441 2396 operaturiniqui-

4 2450 6 2455 ,
53 2425 76 2448 »
96 2406 194 2452 tatis
217 2424 228 2452 ε
253 2417 422 2453 tantum
442 2409 518 2471 qui
545 2419 688 2464 tenet,
718 2407 849 2454 modo
872 2416 1016 2452 teneat
1032 2443 1043 2462 ,
1061 2405 1204 2450 donec
1223 2404 1277 2450 de
1298 2402 1441 2448 medio

4 2473 7 2540 ξ
51 2496 76 2523 >>
94 2478 169 2524 fiat
189 2495 201 2524 t
224 2488 266 2524 et
297 2489 403 2525 tune
430 2479 697 2526 revelabitur
723 2479 795 2526 ille
821 2479 1000 2543 iniquus
1018 2514 1029 2534 ‚
1064 2493 1196 2541 quem
1222 2474 1435 2521 Dominus

55 2568 77 2591 >›
97 2548 221 2596 Jesus
241 2549 472 2597 interficiet
492 2551 650 2615 spiritu
668 2551 753 2598 oris
770 2550 882 2598 sui1.
912 2572 931 2593 »
958 2549 1072 2607 Quae
1091 2547 1225 2595 verba
1249 2557 1429 2611 aposto-

104 2632 115 2657 ¹
136 2645 153 2665 2
167 2634 335 2676 Thess.1¹,
354 2636 387 2669 5.
