1769 3235
542 299 751 331 EPISTOLA
789 303 874 333 cci.
1311 292 1388 347 141

492 559 754 603 EPISTOLA
789 560 878 603 CCI
898 562 927 603 ¹.

97 685 359 736 Imperatores
378 685 580 723 Hoxoams
599 693 638 723 et
657 685 904 725 Tmzonosms
924 689 1090 741 Augusti
1104 722 1113 740 ,
1140 693 1311 733 Annfflo

511 746 688 798 episcopo
707 746 888 786 salutem.

5 747 8 765 Ι

0 877 7 928 ;Ῑ
20 887 305 944 Imperatores
321 899 437 925 nova
455 884 504 924 in
527 883 789 941 Pelagianos
809 900 1040 940 eorumque
1061 890 1252 945 fautores
1268 908 1391 935 sanc-

78 955 192 995 tione
211 954 329 994 edita
344 984 354 1000 ,
382 951 603 993 mandant
624 952 806 993 Aurelio
820 986 830 1000 ,
856 969 1024 995 necnon
1045 957 1298 1015 Augustino
1312 977 1390 1017 per

76 1021 269 1077 ejusdem
306 1019 468 1061 tenort‘s
508 1020 674 1061 litteras
707 1036 898 1062 seorsum
935 1023 1018 1079 ipsi
1049 1025 1283 1081 inscriptas
1299 1060 1308 1078 ,
1346 1040 1392 1070 ut

76 1091 283 1131 adversus
309 1088 571 1129 damnatam
602 1088 802 1129 lzoeresim
822 1088 1186 1147 subscriptionem
1206 1096 1391 1152 exigant

77 1175 102 1200 a
126 1157 289 1198 caeteris
310 1156 533 1212 episcopis.

5 1011 8 1032 l

6 1033 8 1045 r

6 1360 8 1367 Ι
81 1306 115 1351 Ι,
147 1325 167 1346 «
193 1304 364 1349 Dnnnn
400 1299 578 1364 quidem
599 1299 738 1346 fuerat
775 1302 1078 1360 constitutum,
1107 1315 1156 1350 ut
1192 1306 1391 1368 Pelagius

0 1368 145 1465 ·'atque
180 1372 409 1419 Coelestius
453 1370 622 1416 infandi
666 1370 878 1431 dogmatis
922 1383 1161 1436 repertores
1184 1376 1240 1422 ab
1280 1379 1389 1424 urbe

1 1447 174 1502 iRomQ
197 1443 314 1490 velut
338 1442 539 1506 quaedam
571 1441 804 1488 catholicae
827 1443 1023 1489 veritatis
1043 1447 1260 1506 contagia,
1290 1449 1389 1512 pel-

2 1505 204 1582 :llerentur
225 1533 235 1560 :
264 1532 316 1560 ne
331 1512 626 1573 ignorantium
650 1523 812 1558 mentes
835 1530 973 1560 scaeva
996 1517 1270 1577 persuasione
1292 1537 1388 1582 per-

5 1596 241 1633 iverterent.
275 1586 326 1630 ln
347 1601 437 1648 quo
473 1594 619 1630 secuta
651 1593 712 1628 est
737 1583 963 1630 clementia
1004 1588 1387 1648 nostrajudicium

2 1658 251 1706 *sanctitatis
282 1667 386 1711 tute,
416 1671 504 1718 quo
524 1665 698 1700 constat
724 1672 794 1700 eos
836 1655 892 1700 ab
926 1655 1134 1702 universis
1151 1661 1266 1716 justa
1288 1678 1389 1721 sen-

2 1730 163 1775 ·tentiae
176 1728 487 1774 examinatione
501 1725 746 1771 damnatos.
777 1726 861 1771 Sed
885 1727 989 1789 quia
1009 1727 1213 1773 obstinati
1235 1731 1386 1776 crimi-

18 1801 81 1848 nis
105 1800 299 1863 pertinax
324 1798 507 1852 malum,
536 1807 584 1841 ut
621 1797 876 1842 constitutio
892 1797 1201 1856 geminaretur,
1225 1803 1383 1861 exegit3

20 1870 176 1917 recenti
202 1885 377 1932 quoque
421 1866 642 1913 sanctione
676 1866 965 1921 decrevimus,
997 1867 1059 1912 uti
1097 1869 1194 1931 quis
1233 1888 1302 1916 eos
1344 1873 1389 1917 in

7 1941 287 2012 §quacumque
301 1938 625 2003 provinciarum
641 1948 765 1999 parte
786 1937 958 1982 latitare
977 1954 1063 1983 non
1084 1941 1290 1994 nesciens,
1313 1953 1389 1988 aut

7 2013 257 2078 *propellere
299 2021 373 2056 aut
403 2009 588 2073 prodere
637 2008 888 2064 distuliseet,
918 2010 1190 2072 praescriptae
1214 2029 1382 2074 poenae,

17 2086 128 2134 velut
143 2083 378 2148 particeps,
404 2081 661 2140 subjaceret.
684 2100 705 2121 ))

80 2156 139 2202 ll,
182 2153 448 2216 «Praecipue
473 2161 619 2196 tamen
657 2149 712 2196 ad
747 2149 1042 2213 quorumdam
1081 2152 1385 2216 episcoporum

18 2226 295 2290 pertinaciam
310 2220 628 2282 corrigendam,
643 2221 719 2283 qui
738 2237 894 2283 pravas
909 2237 1058 2265 eorum
1074 2219 1388 2284 disputationes

17 2298 84 2344 vel
104 2296 234 2343 tacito
259 2309 468 2341 consensu
513 2302 732 2347 astruunt,
758 2290 825 2337 vel
849 2290 1031 2354 publica
1061 2297 1388 2354 oppugnatione

17 2384 102 2414 non
118 2368 364 2421 destruunt,
385 2365 514 2409 Pater
527 2361 779 2407 charissime
799 2372 929 2424 atque
945 2361 1250 2419 amantissime,
1268 2383 1390 2411 sanc-

18 2437 148 2484 titatis
172 2449 260 2483 tuae
284 2433 585 2481 auctoritatem
626 2431 852 2477 imminere
876 2431 1102 2476 conveniet
1128 2449 1139 2475 :
1175 2445 1388 2496 quatenus

10 2434 62 2651 im
101 2507 379 2554 abolitionem
422 2512 703 2567 praeposterae
751 2501 926 2547 haeresis
978 2501 1173 2548 omnium
1212 2503 1386 2552 devotio

63 2617 75 2638 ¹
95 2618 175 2656 Quae
192 2625 290 2658 porro
306 2624 368 2644 201
387 2617 467 2651 erat,
481 2622 566 2644 nunc
582 2622 638 2652 9⁰-
655 2629 694 2635 —-
713 2614 834 2655 Scmpta
853 2621 906 2642 an.
925 2616 991 2650 4¹9
1008 2620 1115 2642 mense
1128 2611 1238 2644 Junio.
