1769 3235
526 284 733 315 ΕΡιετοιΑ
774 286 951 316 ccxxxi.
1332 270 1424 318 313

52 444 478 457 mtwuwxzsmssxzxsx
488 446 722 456 =====s=vsxwv
733 446 776 455 αἱ,
795 447 1298 459 mss-ussusmsmmuxmsm
1308 448 1429 459 “sm

443 563 704 605 EPISTOLA
740 563 978 606 CCXXXV
995 565 1025 606 ¹.

481 690 720 728 Lommixo
751 692 1009 729 Anccswmxs.

50 828 329 885 Augustinus
352 827 629 886 Longinr'ano
646 862 656 880 ,
683 829 919 885 explanari
937 844 1133 883 quarens
1147 860 1156 876 ‚
1183 844 1261 868 cur
1279 829 1433 883 putari,

105 911 187 952 pus
206 896 442 952 sacrificiis
459 898 786 953 purificatoriis
802 899 842 938 εἰ
856 932 864 945 ,
889 899 1077 952 qtu'jam
1099 896 1266 937 divinis
1287 897 1434 936 vimu-

110 963 223 1004 tibus
239 964 294 1004 sic
317 965 691 1007 circumvallatus.

120 1117 154 1162 Ι.
188 1115 295 1161 Cart
316 1117 508 1162 fructum
529 1118 680 1181 scripti
703 1119 811 1172 mei,
835 1119 1096 1180 rescriptum
1120 1115 1285 1162 scilicet
1305 1115 1433 1160 bene—

54 1185 252 1231 volentiae
273 1197 374 1232 tuae.
406 1187 531 1232 Unde
547 1191 637 1247 jam
663 1187 788 1233 video
813 1198 1008 1233 exortum
1027 1198 1068 1232 et
1099 1203 1294 1232 exorsum
1324 1184 1435 1230 inter

55 1275 131 1303 nos
156 1274 325 1317 maguae
344 1257 429 1304 hac
450 1258 503 1303 de
522 1276 567 1304 re
586 1276 742 1318 magna
771 1258 1080 1321 disputationis
1114 1257 1236 1320 quasi
1263 1272 1435 1301 semen-

56 1339 141 1374 tem
167 1345 177 1372 :
216 1327 302 1373 hoc
321 1328 518 1391 estquod
550 1328 750 1375 volebam
777 1330 900 1392 prius
923 1366 933 1384 ‚
962 1327 1119 1374 deinde
1141 1325 1259 1390 quod
1287 1324 1437 1370 adhuc

55 1397 155 1443 volo
172 1435 182 1453 ‚
211 1398 325 1443 Deus
346 1398 589 1458 adjuvabit.
621 1399 674 1445 Id
700 1410 840 1445 autem
862 1410 940 1455 est,
961 1409 1007 1444 ut
1030 1398 1118 1443 hoc
1137 1406 1333 1460 coeptum
1357 1394 1438 1439 de-

55 1469 150 1514 bito
171 1486 221 1513 ac
239 1468 405 1514 salubri
426 1471 510 1515 fine
529 1469 776 1516 claudatur.
815 1469 1005 1514 Proinde
1024 1467 1143 1532 quod
1175 1466 1229 1512 de
1261 1464 1438 1511 Christo

58 1537 168 1584 nihil
186 1548 344 1584 temere
362 1539 446 1584 tibi
470 1539 715 1600 negandum
738 1539 805 1585 vel
828 1540 1134 1585 affirmandum
1151 1535 1442 1602 putasti‚hoc

59 1610 103 1655 in
126 1610 285 1672 pagani
303 1610 444 1656 animo
460 1621 850 1674 temperamentum
877 1629 963 1656 non
990 1611 1153 1656 invitus
1176 1607 1435 1671 acceperim.

62 1680 192 1737 Quod
220 1697 319 1725 vero
340 1682 465 1726 etiam
484 1683 655 1745 scriptis
677 1683 779 1728 meis
802 1683 948 1728 doceri
970 1693 1010 1727 te
1033 1681 1158 1744 cupis
1178 1680 1231 1726 de
1261 1679 1345 1724 hac
1367 1695 1412 1723 re
1427 1714 1438 1732 ‚

62 1767 336 1814 nequaquam
371 1752 560 1798 abnuam
586 1790 594 1802 ,
633 1771 770 1817 neque
810 1754 1009 1798 desistam
1047 1753 1154 1797 huic
1185 1762 1272 1796 tam
1314 1750 1444 1794 bonae

63 1822 260 1884 mihique
280 1823 546 1870 charissima-1³
561 1825 719 1870 servire
740 1824 953 1870 voluntati
972 1835 1072 1869 tuae.
1096 1822 1177 1867 Sed
1195 1822 1315 1885 prius
1336 1835 1447 1882 opus

62 1903 124 1938 est
144 1893 335 1957 eliquare
362 1895 555 1958 quodam
578 1896 710 1941 modo
728 1933 737 1951 ‚
769 1896 1135 1959 perspicuamque
1154 1908 1320 1939 sumere
1343 1908 1443 1936 sen-

65 1964 240 2009 tentiam
261 1976 379 2010 tuam
395 1965 449 2010 de
470 1967 660 2030 antiquis
672 1966 816 2013 sacris.
845 1970 957 2012 Cum
983 1966 1097 2011 enim
1118 1963 1307 2018 dixisses,
1335 1962 1445 2024 [eam

67 2035 178 2081 viam
204 2035 249 2081 in
276 2037 411 2081 Deum
427 2054 512 2082 csse
532 2037 770 2087 meliorem.
793 2054 878 2100 qua
902 2037 971 2082 vir
990 2036 1150 2089 bonus,
1172 2034 1274 2097 piis,
1296 2031 1444 2093 justis.

69 2105 188 2167 puris
207 2142 216 2154 ,
246 2107 371 2152 castis
390 2145 400 2161 ‚
432 2108 538 2153 veris
567 2108 694 2154 dictis
717 2108 931 2170 factisque
954 2107 1044 2152 sine
1079 2105 1165 2151 ulla
1198 2115 1445 2167 temporum

71 2186 335 2222 mutatorum
362 2178 787 2241 captatajactatione
810 2179 1022 2242 probatus
1042 2214 1052 2227 ,
1080 2187 1119 2222 et
1146 2176 1337 2221 Deorum
1369 2189 1448 2218 co-

72 2247 228 2292 mitatu
270 2247 454 2293 vallatus
474 2287 483 2303 ,
531 2249 608 2294 Dei
651 2249 800 2312 utique
824 2248 1113 2312 potestatibus
1151 2245 1376 2299 emeritus,
1404 2242 1451 2288 id

72 2327 134 2362 est
149 2353 160 2371 ,
190 2321 282 2376 ejus
306 2318 434 2363 unius
461 2330 502 2364 et
523 2319 709 2364 universi
729 2329 770 2364 et
793 2315 1253 2381 incomprehensibilis
1275 2325 1317 2360 et
1343 2312 1453 2360 infa-

73 2387 266 2447 tigabilis
285 2426 294 2441 ,
327 2388 643 2453 ineffabilisque
664 2390 881 2435 Creatoris
908 2387 1171 2452 adimpletus
1194 2385 1451 2435 virtutibus,

76 2474 202 2520 quos,
229 2469 277 2503 ut
303 2476 450 2505 verum
474 2471 563 2515 est,
594 2460 778 2521 Angelos
813 2460 982 2515 dicitis,
1023 2458 1092 2504 vel
1123 2455 1231 2521 quid
1269 2455 1454 2501 alterum

78 2539 176 2591 post
203 2530 335 2575 Deum
358 2567 368 2586 ,
396 2530 462 2576 vel
487 2549 506 2576 a
530 2535 650 2588 Deo,
678 2531 746 2577 vel
770 2548 871 2577 cum
898 2532 990 2576 Deo
1010 2567 1020 2586 ,
1049 2530 1188 2575 autin
1212 2528 1353 2573 Deum
1385 2526 1457 2571 in-

129 2629 138 2649 ¹
174 2628 262 2660 Alias
292 2641 373 2664 xxii.
404 2642 473 2672 quas
504 2637 609 2663 autem
643 2633 708 2662 235
739 2638 828 2669 erat,
862 2642 947 2663 nunc
979 2633 1036 2667 64.
