1769 3235
358 315 450 378 276
778 325 813 353 5.
858 322 1102 353 mensum
1137 323 1337 353 Episcopi
1763 312 1766 383 Ξ

358 397 429 442 nia
447 432 457 451 ,
481 392 642 456 quibus
658 399 904 444 moventur,
926 387 1110 434 collecta
1134 387 1345 447 dirigere:
1368 398 1417 433 ut
1440 388 1656 452 quidquid
1673 391 1726 438 de
1762 399 1766 452 ξ

358 467 443 512 hac
464 480 508 509 re
527 459 859 513 contradicitur,
885 468 1098 522 quatenus
1133 457 1292 514 refelli,
1315 457 1382 503 vel
1402 458 1436 503 si
1460 458 1505 504 id
1529 476 1616 505 non
1639 477 1725 523 po-
1762 458 1766 508 i

358 547 470 592 test,
504 531 677 578 tolerari
712 529 915 584 deberet,
954 528 1161 574 audirem.
1200 527 1284 572 Sed
1317 527 1418 591 quia
1455 539 1656 576 neutrum
1677 547 1725 576 ex
1762 523 1765 555 ²

356 617 458 653 voto
485 601 716 666 provenit,
744 597 875 644 malui
902 598 1120 662 quomodo
1146 599 1270 661 potui
1294 599 1393 644 haec
1413 601 1724 662 comprehensa
1761 609 1769 658 ξ,

355 677 562 735 dirigere,
589 687 721 734 quam
743 671 916 732 penitus
939 669 991 714 de
1017 679 1134 713 tanta
1156 669 1449 731 quorumdam
1470 670 1724 716 contradic-

357 749 471 794 tione
501 743 691 789 reticere.
728 740 840 785 Sunt
873 756 920 785 ex
943 750 1064 802 parte
1095 739 1196 784 tales
1213 755 1433 802 personae,
1454 751 1503 786 ut
1525 741 1594 787 his
1616 758 1724 787 con·
1759 755 1769 804 ις

354 815 582 864 suetudine
615 811 901 858 ecclesiastica
931 810 1062 855 laicos
1101 826 1312 855 summam
1346 811 1626 857 reverentiam
1645 829 1723 857 ne-

353 905 465 934 cesse
508 886 561 930 sit
598 882 812 928 exhibere.
866 879 997 936 Quod
1040 879 1216 942 quidem
1259 881 1317 926 ita
1349 881 1596 927 curavimus
1633 882 1723 927 Deo
1758 870 1769 925 :i

346 963 528 1019 Juvante
553 969 720 999 servare
739 988 750 1005 ,
789 961 836 995 ut
857 966 957 995 curn
982 967 1091 1027 opus
1117 950 1201 996 fuit
1224 968 1310 996 non
1334 962 1571 996 taceremus
1587 989 1598 1008 ,
1625 968 1724 1014 quae
1758 957 1769 1000 '¹1

353 1029 408 1075 ad
436 1023 687 1090 quaestionis
708 1022 842 1081 hujUs
863 1021 1137 1066 assertionem
1164 1021 1368 1081 exiguitas
1388 1032 1633 1068 nostrarum
1656 1022 1722 1068 Vi·
1757 1040 1769 1097 {J

352 1100 466 1145 rium
488 1112 593 1156 sugg
569 1093 756 1140 Merebat
781 1091 867 1138 Sed
890 1109 1008 1137 nunc
1033 1092 1281 1137 summatim
1311 1103 1524 1156 quantum
1547 1091 1724 1139 festina-
1756 1123 1759 1138 1

353 1171 410 1216 tio
435 1164 663 1232 perlatoris
682 1162 884 1218 admisit,
913 1162 1011 1207 haec
1032 1162 1150 1207 velut
1177 1162 1496 1208 commonendo
1518 1163 1716 1223 suggessi.
1756 1166 1759 1200 Γ

351 1242 460 1286 Tuae
480 1246 640 1283 sanctae
660 1233 906 1297 prudentiae
926 1243 988 1277 est
1010 1232 1222 1295 dispicere
1240 1233 1346 1295 quid
1369 1232 1483 1280 facto
1513 1251 1623 1312 opus
1649 1235 1720 1289 sit,
1754 1261 1757 1295 'j

350 1321 399 1358 ut
421 1309 572 1355 talium
593 1317 635 1352 et
655 1315 874 1350 tantorum
895 1314 1124 1365 superetur
1147 1304 1213 1349 vel
1241 1314 1502 1367 temperetur
1519 1304 1757 1352 intentio.

351 1381 435 1427 Cui
467 1396 544 1456 ego
575 1381 667 1437 jam
701 1391 857 1438 parum
890 1373 1092 1451 prodesse
1112 1374 1305 1419 existimo
1338 1385 1376 1420 te
1394 1375 1570 1420 reddere
1588 1375 1721 1421 ratio-
1753 1394 1757 1419 ·,

350 1469 475 1504 nem,
502 1448 583 1494 nisi
615 1456 656 1492 et
680 1445 868 1491 addatur
898 1444 1157 1499 auctoritas,
1188 1461 1322 1521 quam
1348 1445 1585 1504 transgredi
1607 1433 1756 1495 insa-i

351 1520 586 1583 tigabiliter
613 1515 881 1562 contentiosa
902 1514 1033 1560 corda
1051 1531 1138 1559 non
1156 1514 1336 1577 possint.
1365 1515 1449 1560 Sed
1467 1515 1513 1578 pl
1519 1532 1596 1560 {ne
1614 1515 1724 1562 illud
1750 1513 1759 1564 1

351 1604 492 1639 tacere
518 1606 603 1635 non
631 1587 786 1640 debeo,
811 1585 930 1648 quod
956 1603 997 1630 se
1021 1585 1170 1630 dicant
1189 1596 1308 1631 tuam
1328 1586 1618 1643 sanctitatem,
1638 1586 1724 1633 hoc
1749 1555 1755 1663 ἕ

348 1672 552 1725 excepto,
579 1659 624 1704 in
646 1657 769 1703 factis
793 1666 834 1701 et
856 1656 982 1701 dictis
1000 1656 1205 1701 omnibus
1229 1655 1450 1703 admirari.
1472 1657 1616 1702 Tuum
1644 1657 1726 1702 erit
1749 1666 1753 1707 f

348 1734 607 1785 decernere,
632 1726 855 1805 quomodo
882 1727 936 1771 sit
960 1727 1004 1771 in
1033 1726 1119 1771 hoc
1143 1743 1293 1771 eorum
1317 1726 1590 1772 contradicto
1615 1711 1752 1802 [010-ἕ

350 1802 501 1849 randa.
530 1801 620 1845 Nec
640 1797 802 1843 mireris
821 1796 940 1859 quod
961 1795 1080 1842 aliter
1104 1796 1170 1841 vel
1195 1796 1369 1875 aliqua
1358 1813 1404 1841 ln
1428 1796 1513 1842 hac
1542 1781 1751 1859 epistola?
1747 1817 1756 1851 1

353 1872 532 1926 addidi,
558 1879 772 1947 quantum
806 1877 939 1930 puto,
964 1883 1065 1929 quae
1084 1884 1127 1911 111
1152 1867 1371 1929 superiore
1395 1883 1480 1911 non
1497 1866 1720 1912 dixeram:
1745 1863 1755 1943 ξ

351 1944 447 1990 talis
470 1951 531 1987 est
547 1940 662 1985 enim
688 1955 806 1983 nunc
827 1954 977 1982 eorum
1003 1937 1222 1993 definitio,
1245 1947 1405 1999 praeter
1428 1937 1501 1982 illa
1526 1954 1624 2001 quae
1646 1954 1749 2000 pert

349 2010 666 2059 festinationem
688 2018 761 2053 aut
782 2007 1047 2052 oblivionem
1071 2006 1248 2052 fortasse
1274 2007 1478 2069 praeterii.
1745 2011 1748 2042 i

416 2084 471 2129 X.
509 2080 690 2134 Libros,
719 2094 817 2123 cum
839 2076 944 2122 editi
963 2076 1148 2131 fuerint,
1180 2094 1288 2140 quos
1305 2077 1358 2122 de
1380 2078 1578 2123 universo
1596 2085 1753 2147 operei

349 2165 424 2200 tuo
454 2150 643 2204 moliris,
678 2165 827 2212 quaeso
863 2148 1026 2193 habere
1052 2165 1329 2193 met-:camur
1365 2150 1547 2194 maxime
1577 2160 1625 2195 ut
1648 2164 1746 2213 per

350 2239 500 2269 eorum
535 2219 864 2273 auctoritatem,
913 2218 947 2262 si
979 2234 1066 2280 qua
1102 2218 1180 2262 tibi
1220 2218 1264 2262 in
1297 2221 1381 2262 tuis
1414 2217 1671 2281 displicent,
1702 2237 1745 2267 a!

352 2293 564 2366 dignitate
586 2288 649 2333 tui
678 2287 864 2333 nominis
880 2290 973 2346 jam
996 2305 1081 2332 non
1109 2287 1266 2350 trepidi
1291 2298 1618 2350 sequestremus.
1645 2271 1746 2335 Li-=I

353 2365 483 2409 hrum
508 2359 636 2404 etiam
657 2359 716 2403 cle
733 2361 898 2404 Gr'atccc
914 2367 960 2401 et
979 2358 1147 2403 Libero
1169 2358 1362 2402 arbztrzo
1379 2375 1466 2403 non
1485 2358 1743 2405 habemus·

352 2439 547 2495 superest
584 2439 631 2473 ut
663 2445 797 2505 eum,
835 2428 939 2490 quia
978 2428 1125 2473 utilem
1164 2428 1394 2490 quaestioni
1432 2428 1741 2508 confidimus,

354 2515 593 2549 mereamur
613 2498 824 2561 accipere.
855 2497 965 2543 Nolo
993 2508 1133 2543 autem
1155 2499 1359 2544 sanctitas
1388 2510 1461 2544 tua
1480 2500 1540 2545 sic
1568 2518 1635 2546 me
1659 2518 1723 2546 ar·
1738 2511 1742 2530 *

350 2573 537 2619 bitretur
563 2568 660 2613 haec
684 2568 900 2621 scribere,
939 2568 1062 2631 quasi
1099 2567 1151 2613 de
1188 2568 1238 2613 iis
1258 2585 1358 2631 quae
1384 2585 1501 2615 nunc
1520 2569 1739 2630 edidisti,

349 2659 426 2702 ego
453 2638 665 2686 dubitem.
692 2636 886 2683 Sufficiat
910 2638 1018 2683 mihi
1041 2655 1173 2701 poena
1196 2656 1288 2684 mea
1306 2676 1317 2697 ,
1339 2639 1459 2702 quod
1483 2657 1505 2685 a
1527 2655 1739 2703 praesen-2

1736 2704 1738 2719 s
