1769 3235
503 303 711 335 EPISTOLA
751 304 898 334 cxcrv.
1339 288 1400 354 57

21 369 316 420 misericordia
335 372 426 431 ejus
443 407 453 425 ‚
485 371 561 433 qui
587 373 711 430 cujus
737 369 832 416 vult
852 368 1125 424 misere—tund,
1149 371 1402 418 manifestis·

17 444 122 490 sime
140 443 353 498 ostendit,
380 441 457 487 ubi
479 441 531 485 de
553 458 594 485 se
620 441 714 504 ipso
737 442 794 487 ait
812 458 822 485 ι
841 461 860 482 «
877 439 1221 487 Misericordimn
1248 459 1403 489 conse-

19 535 40 557 2)
64 525 192 560 cutus
210 531 303 559 sum
319 551 328 568 ‚
355 523 402 558 ut
422 510 558 556 fidelis
577 528 709 556 essem
725 512 758 558 2.
785 533 804 553 n

83 584 201 631 X‘vl.
230 585 275 629 Si
310 582 542 629 dixerimus
567 582 769 627 meritum
805 581 1052 645 praecedere
1088 583 1310 639 orationis,
1356 594 1404 630 ut

18 655 182 702 donum
208 655 357 714 graiiae
390 663 708 716 consequatur,
745 652 1024 716 impetrando
1061 653 1238 716 quidem
1265 656 1403 700 oratio

22 726 241 790 quidquid
266 726 487 788 impetrat,
536 723 758 769 evidenter
784 724 949 769 donum
980 725 1058 769 Dei
1082 742 1168 770 esse
1197 726 1403 781 ostendit,

19 814 73 842 ne
101 796 235 841 homo
259 795 467 840 existimet
492 813 511 839 a
534 812 574 839 se
598 794 693 858 ipso
714 794 797 839 sibi
821 811 909 840 esse
934 794 1051 857 quod
1077 795 1172 840 siin
1195 806 1407 859 potestate

21 867 276 919 haberetur,
311 883 398 911 non
432 865 580 928 utique
613 876 864 928 posceretur
888 883 898 910 z
923 876 1217 912 verumtamen
1243 883 1294 911 ne
1320 866 1407 912 sal-

25 947 110 982 tem
136 937 341 983 orationis
358 946 621 999 putarentur
661 936 909 999 praecedere
941 937 1110 993 merita,
1139 937 1300 1000 quibus
1320 954 1407 982 non

24 1009 211 1069 gratuita
230 1008 405 1054 daretur
425 1008 580 1068 gratia,
603 1007 676 1052 sed
693 1011 786 1067 jam
806 1026 885 1054 nec
902 1009 1038 1068 gratia
1052 1020 1178 1065 esset5
1204 1009 1305 1072 quia
1329 1008 1408 1054 de-

20 1079 114 1126 bita
138 1079 409 1133 redderetur,
428 1079 557 1124 etiam
576 1079 669 1141 ipsa
690 1079 828 1124 oratio
846 1079 958 1125 inter
975 1080 1121 1139 graiiae
1137 1097 1315 1125 munera
1337 1096 1407 1127 re-

22 1150 203 1214 peritur.
224 1171 242 1190 <‹
264 1149 511 1205 Quidenim
526 1148 854 1202 0r0111u53‚»ait
877 1151 1042 1195 Ductor
1059 1150 1270 1210 gentium,
1295 1149 1409 1196 sicut

25 1243 46 1263 η
59 1232 229 1285 oportet
250 1220 483 1275 nescimus,
511 1217 689 1282 sedipse
710 1220 899 1282 Spiritus
922 1221 1265 1284 interpellatpro
1283 1221 1409 1266 nobis

25 1291 291 1352 »gemitibus
319 1289 734 1337 inenarrabilibus&
760 1313 778 1332 »
805 1290 926 1346 Quid
952 1302 1014 1336 est
1034 1301 1177 1336 autem
1201 1309 1210 1335 :
1233 1313 1251 1331 α
1272 1292 1410 1338 Inter-

27 1384 48 1406 »
69 1362 215 1426 pellat,
230 1384 248 1403 υ
264 1361 633 1425 nisiinterpellare
655 1378 733 1406 nos
752 1360 888 1407 facit?
912 1361 1154 1422 Indigentis
1172 1362 1286 1407 enim
1311 1379 1410 1407 cer-

26 1434 257 1479 tisssimum
272 1433 484 1478 indicium
509 1432 858 1496 estinterpellare
872 1433 1122 1492 gemitibus.
1144 1432 1317 1478 Nullius
1333 1449 1407 1479 au-

28 1516 109 1550 tem
130 1505 191 1550 rei
210 1522 296 1550 esse
314 1504 582 1565 indigentem
608 1504 670 1550 fas
689 1515 750 1550 est
771 1504 946 1550 credere
960 1504 1172 1568 Spiritum
1187 1516 1402 1550 sanctum.

30 1575 113 1621 Sed
134 1576 191 1621 ita
219 1575 388 1621 dictum
415 1586 477 1620 est
507 1596 526 1616 ε(
549 1575 825 1638 Interpellat,
854 1596 872 1617 ›>
898 1575 1002 1638 quia
1034 1574 1310 1638 interpellare
1333 1592 1411 1620 nos

26 1646 144 1701 facit,
157 1647 370 1710 nobisque
389 1646 695 1711 interpellandi
709 1658 750 1691 et
768 1647 966 1707 gemendi
984 1647 1169 1710 inspirat
1181 1648 1380 1692 affectum
1397 1664 1407 1691 :

29 1717 138 1763 sicut
160 1716 275 1763 illud
299 1718 343 1762 in
363 1717 599 1778 Evangelio
621 1736 632 1763 ε
654 1739 674 1759 c<
693 1719 791 1764 Non
812 1718 926 1763 enim
953 1735 1029 1763 vos
1052 1719 1151 1763 estis
1177 1718 1251 1780 qui
1271 1717 1413 1781 loqui-

30 1809 50 1830 ι)
64 1788 183 1845 mini,
204 1788 277 1834 sed
289 1788 478 1851 Spiritus
498 1789 638 1834 Patris
654 1789 780 1834 vestri
797 1790 872 1852 qui
896 1788 1091 1851 loquitur
1122 1788 1164 1833 in
1187 1789 1311 1834 vobis
1333 1789 1363 1834 5.
1392 1810 1410 1830 >a

30 1859 180 1922 'Neque
213 1859 328 1904 enim
364 1869 407 1904 et
434 1859 520 1904 lioc
542 1859 600 1904 ita
636 1861 686 1904 fit
707 1859 760 1904 de
790 1859 916 1904 nobis
955 1870 1159 1922 tanquam
1202 1859 1313 1905 uiliil
1352 1859 1415 1905 fa-

31 1929 248 1975 cientibus
263 1930 405 1976 nobis.
432 1929 712 1990 Adjutorium
733 1931 866 1991 igitur
881 1931 1072 1994 Spiritus
1100 1931 1239 1976 sancti
1261 1931 1321 1977 sic
1348 1949 1415 1978 ex-

29 2017 223 2064 pressum
238 2010 315 2057 est,
345 2011 392 2045 ut
414 2000 503 2063 ipse
538 2000 678 2047 facere
702 2000 947 2057 diceretur,
977 2000 1096 2065 quod
1133 2011 1180 2047 ut
1204 2000 1414 2050 faciamus

30 2071 150 2118 facit.

96 2142 238 2189 XVII.
269 2144 377 2188 Nam
404 2161 492 2189 uon
523 2161 609 2190 esse
627 2144 956 2204 intelligendum
976 2145 1177 2207 spiritum
1199 2156 1413 2202 nostrum,

33 2213 84 2259 de
111 2230 198 2277 quo
219 2213 387 2260 dictum
413 2225 473 2260 est
502 2233 511 2260 z
544 2236 563 2256 «
584 2216 840 2279 'interpellat
869 2216 1102 2276 gemitibus
1142 2217 1418 2264 inenarrabi-

35 2306 56 2327 »
80 2285 214 2341 bus⁶‚
237 2307 257 2327 »
285 2285 357 2331 sed
380 2286 591 2350 Spiritum
614 2299 832 2345 sanctum,
873 2305 961 2352 quo
1001 2299 1146 2333 nostra
1186 2288 1417 2335 infirmitas

36 2355 284 2417 adjuvatur,
312 2357 412 2403 satis
443 2358 534 2422 ipse
559 2358 830 2405 demonstrat
853 2358 1085 2422 Apostolus
1113 2376 1122 2403 ε
1158 2359 1259 2405 inde
1302 2361 1417 2407 enim

37 2428 204 2493 coepit:
255 2429 494 2493 «SpirittiS‚
532 2431 706 2495 inquit,
751 2431 930 2492 adjuvat
969 2431 1268 2478 infirmitatem
1310 2449 1415 2478 nos-

85 2540 93 2562 1
129 2551 142 2570 1
172 2541 247 2573 Cor.
269 2548 333 2578 vv,
351 2542 407 2574 25.
431 2558 473 2564 --
498 2539 514 2562 2
536 2552 549 2572 1
573 2541 657 2572 Tim.
687 2553 700 2572 1
716 2567 724 2583 ‚
758 2543 811 2574 13,
827 2559 873 2565 -—
891 2538 904 2563 3
935 2540 1020 2571 vide
1041 2540 1096 2572 lib.
1119 2540 1157 2572 de
1180 2541 1288 2574 Gratia
1313 2548 1343 2574 et
1361 2542 1420 2575 lib.

37 2595 184 2629 Arbitrio
204 2607 273 2639 cap⁴
306 2598 427 2629 3<-⁶·2.
442 2616 484 2622 -—
504 2595 518 2620 ⁴
546 2600 639 2630 Rom.
671 2607 726 2630 vm
742 2622 750 2638 ‚
774 2600 828 2631 26.
846 2614 891 2623 —--
915 2595 929 2620 ⁵
959 2595 1076 2629 Manh.
1103 2609 1135 2639 x,
1157 2609 1208 2630 20.
1229 2617 1272 2624 .-.‚.
1292 2594 1306 2620 6
1322 2602 1417 2634 Rom,

39 2660 110 2694 vnn,
133 2654 187 2683 26.
