1769 3235
561 249 771 287 EPISTOLA
810 252 904 284 cm.
982 258 985 259 ⁷
1333 233 1423 287 '1653

110 315 252 381 XVII.
284 313 414 372 Quod
444 325 583 371 autem
605 316 783 378 quaeris,
811 328 956 365 mrum
984 317 1231 376 singillatim
1258 340 1280 367 a
1300 335 1420 368 crea·

46 380 137 444 me
157 386 249 442 Deo
274 401 510 448 corporum
526 384 784 431 lineamenta
811 385 1083 439 formentum
1103 403 1188 435 non
1214 403 1254 436 te
1273 406 1424 438 move»

46 458 139 514 hit,
174 457 206 507 si
224 466 437 519 quantum
460 465 604 519 potest
623 455 816 507 humana
843 474 978 513 metm,
1008 461 1246 520 potentiam
1267 463 1426 508 divinae

48 526 310 594 operationis
354 525 584 585 intelligas.
633 525 868 582 Quomodo
905 527 1019 573 enim
1065 545 1217 588 negare
1263 534 1431 593 poteri—

47 614 143 657 mus
172 598 314 647 Deum
344 597 472 656 etiam
512 612 631 641 nunc
669 597 840 658 operari
874 608 1035 643 cuncta
1071 614 1170 660 quae
1208 612 1425 659 creantur,

49 685 148 715 cum
170 667 387 712 Dominus
423 666 574 711 dicat:
616 667 783 711 «Pater
808 683 927 714 meus
956 672 1092 730 usque
1113 685 1231 715 nunc
1265 682 1426 734 opera-

47 759 69 792 »
94 737 223 785 tui-4?
243 759 263 779 »
285 737 410 784 Unde
433 736 508 782 illa
534 736 714 783 cessatio
738 736 911 799 septimi
938 736 1026 782 diei
1050 738 1105 782 ab
1140 739 1244 802 ipsis
1265 738 1430 787 naturis

48 807 284 861 condendis
301 806 579 867 intelligenda
605 817 669 853 est
689 806 822 861 facta,
850 824 939 853 non
957 808 1013 853 ab
1036 824 1184 854 earum
1213 810 1423 856 adminis-

47 869 231 946 tratione
255 895 356 943 quae
373 878 562 925 conditae
575 878 833 926 referuntur.
852 881 966 927 Cum
986 895 1086 938 ergo
1107 891 1263 926 natura
1279 898 1421 928 rerum

50 968 74 1007 a
90 952 292 996 Creatore
315 948 659 1005 administratur,
685 960 729 995 et
746 966 824 1013 per
846 948 1019 995 ordines
1056 950 1287 1012 praefinitis
1320 951 1429 997 locis

51 1031 92 1076 et
114 1019 388 1084 temporibus
414 1019 498 1065 suis
524 1030 685 1066 cuncta
723 1018 981 1074 nascuntur,
1011 1020 1126 1065 Deus
1160 1037 1298 1084 usque
1315 1038 1433 1068 nunc

51 1085 270 1157 operatur.
301 1091 412 1136 Nam
436 1091 470 1137 si
495 1091 610 1136 Deus
631 1106 749 1142 nunc
768 1091 848 1142 ista
875 1108 962 1136 non
1003 1090 1183 1147 format,
1205 1093 1430 1156 quomodo

50 1162 208 1224 legitur
229 1178 240 1206 ι
276 1182 295 1203 «
311 1162 439 1208 Prius
457 1177 590 1225 quam
617 1172 654 1206 te
676 1160 909 1209 formarem
933 1162 980 1207 in
997 1172 1137 1216 utero,
1170 1164 1272 1209 novi
1289 1175 1330 1209 te
1352 1165 1385 1212 2.
1413 1186 1433 1207 ›>

54 1231 285 1295 Quomodo
324 1231 454 1277 etiam
489 1231 631 1294 accipi
667 1242 844 1294 potest:
892 1231 1027 1288 Quod
1052 1232 1088 1277 si
1110 1231 1279 1278 foenum
1320 1235 1427 1294 agri,

53 1324 74 1353 »ρ
97 1301 217 1369 quod
236 1300 368 1349 hodie
383 1312 460 1356 est,
485 1312 525 1347 et
549 1318 643 1348 cras
662 1302 708 1347 in
743 1302 969 1353 clibanum
993 1302 1200 1357 mittitur,
1236 1304 1348 1350 Deus
1370 1305 1431 1351 sic

54 1395 75 1424 >2
93 1374 219 1420 vestit
239 1373 256 1402 3
279 1391 290 1418 :
316 1394 336 1415 2>
360 1373 441 1420 nisi
458 1372 572 1419 forte
588 1371 855 1419 credendum
873 1383 952 1427 est,
977 1372 1148 1419 foenum
1173 1392 1195 1419 a
1220 1375 1313 1420 Deo
1335 1391 1432 1421 ves—

52 1444 138 1500 tiri,
163 1454 204 1491 et
228 1461 251 1490 a
288 1445 378 1489 Deo
411 1459 598 1507 corpora
620 1460 709 1488 non
742 1443 959 1490 formari?
998 1443 1114 1489 Cum
1138 1444 1254 1489 enim
1279 1443 1387 1494 dixit
1414 1462 1425 1492 ε

52 1535 73 1570 ς(
93 1513 243 1570 Vestit‚
261 1535 281 1556 »
299 1531 387 1560 non
408 1513 462 1560 de
483 1513 707 1577 praeterita
733 1513 1024 1569 ordinatione,
1056 1513 1131 1559 secl
1152 1513 1206 1559 de
1222 1517 1428 1577 praesenti

51 1585 299 1650 operatione
321 1585 422 1632 satis
441 1584 620 1631 indicat.
656 1584 780 1630 Unde
793 1595 855 1630 est
871 1584 1001 1631 etiam
1025 1583 1138 1630 illud
1164 1585 1360 1648 Apostoli
1375 1586 1429 1633 de

49 1656 300 1720 seminibus,
345 1655 466 1720 quod
489 1673 621 1719 supra
646 1656 986 1710 commemoravi
1008 1673 1020 1700 ι
1062 1675 1083 1696 <c
1107 1655 1222 1711 Non,
1259 1656 1423 1721 inquit,

49 1748 72 1783 ²3
90 1745 252 1792 corpus
266 1727 390 1792 quod
404 1727 604 1774 futurum
619 1738 698 1782 est,
715 1727 914 1782 seminas,
939 1727 1012 1773 sed
1026 1726 1197 1772 nudum
1219 1744 1422 1786 granum,

0 1838 1 1859 ζ
48 1819 70 1852 ῳ
93 1808 142 1845 ut
166 1809 274 1862 puta
298 1798 459 1855 tritici,
502 1808 576 1844 aut
602 1797 783 1858 alicujus
809 1809 1102 1850 caeterorun1;
1130 1800 1251 1843 Deus
1283 1809 1427 1853 autem

47 1888 70 1917 ²>
92 1868 154 1917 illi
177 1869 250 1916 dat
271 1868 680 1933 corpus‚quomodo
697 1868 880 1915 voluerit
901 1868 935 1915 4.
971 1890 990 1911 ›>
1012 1869 1111 1914 Non
1126 1867 1250 1925 dixit,
1272 1869 1421 1927 Dedit,

0 1976 2 2004 ἱ
49 1949 123 1991 aut
141 1938 376 2003 disposuit,
398 1940 470 1985 sed
490 1939 566 1985 dat
589 1957 600 1984 ι
626 1950 673 1985 ut
698 1938 1175 1998 Creatoremintelligas
1187 1938 1427 1987 efficaciam

0 2024 2 2072 j
46 2010 269 2074 sapientiae
284 2027 372 2057 suae
395 2010 524 2057 rebus
539 2026 639 2074 quae
659 2009 856 2072 quotidie
877 2010 962 2055 suis
982 2008 1258 2072 temporibus
1274 2011 1425 2057 oriun—

0 2085 4 2136 ’ζ
49 2089 138 2137 tur,
162 2080 402 2126 condendis
425 2080 652 2126 adhibere.
690 2081 751 2125 De
772 2097 857 2143 qua
887 2079 1098 2142 sapientia
1123 2078 1291 2124 dictum
1322 2096 1384 2127 est
1408 2099 1419 2127 z

0 2147 3 2202 f
45 2170 65 2192 «
82 2151 340 2198 Pertendita
360 2152 446 2197 fine
470 2168 605 2214 usque
630 2151 675 2196 in
699 2152 829 2198 finem
850 2150 1021 2196 fortiter
1044 2168 1053 2194 ε
1084 2172 1104 2191 »
1124 2160 1166 2195 et
1187 2166 1273 2196 non
1295 2150 1421 2208 dixit,

1 2210 3 2223 Ι
45 2219 255 2286 disposuit
279 2240 289 2268 :
313 2243 332 2264 κ
353 2222 439 2269 Sed
459 2221 652 2285 disponit
673 2221 1017 2266 omniasuaviter
1037 2220 1070 2267 5.
1096 2241 1116 2262 >³
1142 2220 1337 2266 Multum
1362 2234 1424 2268 est

2 2315 4 2342 ῑ
45 2303 185 2339 autem
232 2293 302 2340 vel
342 2293 529 2340 tenuiter
568 2310 716 2356 sapere
748 2292 971 2355 quomodo
1018 2291 1346 2337 commutabilia
1380 2305 1422 2339 et

2 2367 5 2398 ὲ
44 2364 294 2427 temporalia
310 2401 321 2420 ‚
350 2381 437 2410 non
459 2363 849 2410 commutabilibus
873 2373 913 2408 et
941 2361 1260 2425 temporalibus
1280 2365 1416 2408 Crea-

4 2448 5 2480 1
45 2433 142 2479 toris
178 2435 374 2482 motibus
394 2472 404 2491 ‚
432 2434 506 2481 sed
527 2447 688 2481 aeterna
724 2445 766 2480 et
785 2433 931 2480 stabili
971 2433 1130 2479 virtute
1156 2431 1417 2480 condantur.

88 2533 100 2555 ¹
124 2536 216 2568 Joan.
235 2547 267 2578 v,
301 2547 354 2576 17.
380 2553 424 2559 —
444 2533 459 2557 ²
484 2537 606 2568 Jerem.
633 2547 660 2574 x,
688 2536 720 2570 5.
748 2553 793 2559 —
813 2532 826 2557 3
846 2533 965 2567 Matth.
995 2544 1040 2572 vx,
1062 2534 1115 2564 30.
1132 2550 1172 2556 —
1190 2531 1203 2555 ⁴
1227 2545 1240 2564 1
1265 2536 1342 2569 Cor.
1363 2548 1415 2577 xv,

5 2596 7 2598 ’
45 2589 99 2631 37,
116 2592 170 2626 38.
189 2610 235 2618 -
248 2591 262 2616 5
277 2595 353 2636 Sap.
372 2602 446 2632 vm,
466 2603 495 2625 1.

1216 2661 1230 2690 l
1250 2662 1287 2692 l.
