1769 3235
302 278 395 332 428
723 291 758 320 s.
803 289 1046 321 Aucusnm
1084 291 1285 321 nmscom

305 367 617 421 repugnantem
643 355 723 416 logi
753 356 907 401 mentis
929 366 1037 412 tuae,
1066 366 1106 402 ct
1131 356 1357 419 captivum
1385 366 1424 402 te
1448 356 1699 403 ducentem‘
1735 371 1738 374 '
1767 357 1769 371 “

303 427 348 472 in
385 427 475 486 lege
514 426 683 490 peccati
705 464 715 482 ‚
753 443 853 490 quae
884 436 944 472 est
972 426 1015 472 in
1057 427 1263 472 membris
1299 426 1409 481 tuis,
1440 426 1674 484 exclames,

303 498 474 542 «Miser
492 515 569 557 ego
595 497 729 542 homo
747 534 757 551 ‚
786 496 883 560 quis
907 514 974 543 me
1002 496 1207 543 liberabit
1234 497 1287 543 de
1313 514 1496 560 corpore
1530 498 1679 544 mortis

305 589 325 610 >2
345 568 543 628 hujus1?
564 590 583 609 »
609 578 655 613 ut
677 578 716 613 te
744 567 961 628 lugentem
985 568 1256 622 consoletur,
1281 567 1580 613 liberationem
1604 569 1679 632 ip-

304 654 393 683 sam
419 638 629 700 pollicens
647 638 781 697 gratia
811 638 887 684 Dei
914 655 992 700 per
1018 638 1165 682 «lesum
1193 638 1416 682 Christum
1446 638 1679 683 Dominum

302 718 513 754 nostrum.
540 708 713 763 Quarto
728 711 817 767 jam
837 707 1030 752 desidera
1057 717 1095 750 te.
1113 706 1293 770 implere
1311 707 1525 766 justitiam
1545 707 1681 753 multo

304 778 602 823 vehementius
627 787 754 840 atque
783 777 1019 821 ferventius
1039 813 1049 830 ,
1082 793 1213 840 quam
1240 795 1260 822 a
1296 777 1567 840 nequissimis
1594 777 1681 823 lio-
1741 807 1745 834 ἱ

306 849 496 894 minibus
518 849 764 911 voluptates
787 848 929 893 carnis
948 847 1181 893 desiderari
1200 848 1368 904 solent:
1394 848 1473 893 nisi
1500 848 1620 911 quod
1637 849 1682 894 in
1741 843 1744 854 ⁸

306 937 381 983 spe
410 919 615 979 adjutorii
639 918 777 964 divini
802 928 865 962 est
892 920 933 962 in
956 919 1037 963 isto
1077 919 1276 981 appetitu
1323 918 1581 982 tranquillus
1609 936 1682 964 ar-

305 990 400 1044 dor,
421 1001 460 1034 ct
481 990 656 1035 flamma
676 989 880 1034 securior.
909 990 959 1033 In
985 989 1064 1034 isto
1080 1000 1224 1034 autem
1248 1001 1405 1053 quarto
1423 990 1523 1035 vitae
1545 989 1683 1049 gradu
1743 979 1747 1029 ἶ

306 1061 578 1106 orationibus
603 1060 813 1105 instanter
841 1060 1142 1116 incumbitur,
1175 1071 1223 1105 ut
1254 1061 1544 1106 esurientibus
1565 1071 1605 1105 et
1625 1060 1684 1105 si—

305 1130 512 1184 tientibus
552 1130 752 1174 saturitas
782 1130 966 1188 justitiae
1007 1129 1303 1186 concedatur,
1346 1141 1394 1176 ut
1424 1147 1510 1176 non
1543 1130 1685 1176 solum
1745 1145 1750 1155 ·

307 1217 532 1246 onerosum
569 1217 655 1245 non
683 1199 737 1245 sit
758 1236 769 1255 ,
797 1199 1077 1245 verumetiam
1117 1199 1302 1246 delectet
1327 1200 1540 1245 abstinere
1567 1217 1682 1245 avo-
1747 1191 1749 1196 ἲ

308 1273 477 1334 luptate
500 1271 640 1317 omnis
665 1271 983 1333 corruptioniS.
1020 1271 1106 1316 sive
1130 1288 1218 1316 sure
1239 1309 1248 1325 ‚
1273 1272 1360 1316 sive
1392 1271 1590 1325 alterius,
1617 1270 1685 1316 vel

311 1341 615 1387 obluctando:
644 1341 761 1403 quod
786 1353 832 1386 ut
853 1341 979 1386 sacile
1004 1340 1215 1386 divinitus
1233 1342 1454 1387 tribuatur
1473 1378 1484 1395 ‚
1506 1341 1685 1404 quintus

307 1411 584 1471 adjungitur,
611 1410 842 1456 consilium
864 1410 1123 1456 exhibendae
1150 1411 1478 1462 misericordia),
1502 1422 1549 1456 nt
1570 1412 1612 1456 in
1635 1428 1684 1457 eo

307 1481 426 1545 quod
459 1492 578 1544 potes
618 1480 797 1540 adjuves
822 1481 995 1543 inopem
1019 1500 1029 1533 3
1059 1482 1160 1544 quia
1194 1481 1239 1526 in
1264 1498 1312 1527 eo
1341 1481 1460 1544 quod
1486 1481 1682 1526 nondum

306 1563 455 1615 potes,
488 1551 543 1596 ab
573 1551 888 1613 Omnipotcnte
925 1550 1119 1610 adjuvari
1160 1552 1299 1614 cupis.
1341 1556 1506 1597 Munus
1540 1563 1685 1597 autem

304 1620 614 1668 miscricordiae
652 1622 870 1680 geminum
906 1632 994 1676 est,
1034 1638 1133 1667 cum
1163 1622 1356 1668 vindicta
1398 1622 1612 1674 donatur,
1644 1633 1686 1667 et

305 1710 406 1739 cum
432 1692 681 1737 humanitas
703 1692 947 1736 exhibetur.
991 1692 1103 1748 Quae
1135 1692 1222 1737 duo
1262 1693 1449 1738 breviter
1474 1692 1686 1738 Dominus

305 1764 363 1808 ita
389 1763 709 1825 complexusest
733 1779 742 1805 :
770 1783 788 1801 «
811 1762 1097 1817 Dimittite‚et
1121 1762 1367 1808 dimittetur
1385 1763 1537 1816 x'obi53
1566 1762 1682 1819 date,

306 1855 325 1875 n
341 1844 383 1880 ct
401 1833 580 1879 dabitur
599 1832 766 1878 vobis‘2.
792 1854 812 1875 n
846 1833 942 1878 Hoc
965 1844 1108 1878 autem
1134 1850 1245 1896 opus
1264 1834 1393 1878 etiam
1418 1833 1472 1878 ad
1495 1833 1685 1878 munda-

307 1905 465 1949 tionem
497 1903 640 1949 cordis
663 1902 776 1948 valet
793 1939 803 1957 ‚
842 1913 889 1948 ut
912 1915 1126 1966 quantum
1153 1904 1198 1949 in
1230 1903 1314 1948 bac
1338 1903 1423 1948 vita
1448 1903 1550 1949 licet
1571 1940 1582 1958 ,
1615 1904 1686 1948 in-

306 1974 661 2020 commutabilem
695 1973 769 2017 Dei
805 1973 1091 2019 substantiam
1125 1990 1235 2036 pura
1270 1973 1551 2033 intelligentia
1588 1990 1686 2019 cer-

304 2061 404 2090 nere
425 2044 657 2090 valeamus.
690 2044 881 2088 Tenetur
903 2044 1015 2089 enim
1038 2043 1205 2108 aliquid
1226 2043 1431 2089 adversus
1447 2061 1542 2099 nos,
1565 2043 1686 2106 quod

303 2115 582 2161 relaxandum
604 2125 691 2170 est,
713 2124 760 2159 ut
786 2115 895 2159 acies
920 2125 1064 2160 nostra
1084 2115 1353 2179 erumpatin
1377 2114 1519 2160 lucem
1541 2132 1551 2160 :
1572 2114 1687 2160 unde

302 2186 393 2249 ipse
420 2185 659 2238 Dominus,
686 2205 704 2224 «
728 2184 887 2230 Verum
907 2184 1007 2230 date
1025 2222 1034 2240 ,
1070 2186 1243 2248 inquit,
1273 2185 1587 2247 eleemosynam
1609 2221 1619 2240 ‚
1645 2195 1686 2231 et

305 2272 441 2302 »ecce
475 2255 620 2300 omnia
656 2254 823 2302 munda
866 2266 965 2300 sunt
1000 2255 1125 2301 vobis
1146 2256 1179 2302 3.
1205 2277 1224 2297 »
1250 2257 1536 2319 Quapropter
1572 2265 1686 2301 sexta

302 2325 586 2390 consequitur
608 2324 753 2370 cordis
787 2325 879 2388 ipsa
917 2324 1161 2372 mundatio.
1201 2326 1258 2371 Ut
1289 2336 1434 2371 autem
1462 2325 1506 2370 in
1542 2324 1686 2371 lucem

299 2414 445 2443 veram
472 2406 613 2442 rectus
635 2406 677 2441 et
701 2412 836 2458 purus
856 2395 1070 2456 dirigatur
1090 2407 1308 2460 aspectus,
1333 2412 1472 2460 neque
1491 2394 1565 2441 illa
1584 2411 1685 2459 quae

298 2467 409 2513 bene
430 2477 560 2530 atque
583 2465 865 2512 laudabiliter
899 2465 1110 2522 facimus,
1148 2483 1290 2531 neque
1325 2466 1400 2512 illa
1422 2482 1525 2530 quae
1557 2476 1685 2512 acute

300 2537 596 2600 sagaciterque
619 2536 879 2600 dispicimus
895 2574 905 2592 ‚
932 2536 987 2583 ad
1010 2538 1141 2583 finem
1167 2535 1375 2600 placendi
1392 2536 1646 2582 hominibus
1668 2571 1678 2590 ,

350 2623 471 2652 tuom.
498 2630 552 2656 νυ,
576 2626 632 2656 ‘24-
655 2618 729 2644 ..2
746 2623 826 2652 Luc.
844 2631 887 2656 vu.
908 2623 960 2659 37.
980 2622 1036 2653 38.
1058 2638 1096 2645 —
1115 2618 1193 2652 ³1d.
1217 2628 1261 2657 xi,
1281 2624 1334 2653 kt.
