1769 3235
333 263 424 318 214
751 280 783 308 s.
830 279 1073 316 Auccsrtm
1110 280 1315 315 Eprscom

335 353 516 406 peccata
541 353 753 402 arguunt,
790 355 831 388 et
854 344 935 406 ipsi
965 345 1047 390 sibi
1073 357 1295 391 assumunt
1319 345 1487 393 nudum
1514 347 1706 395 leberum

328 416 544 472 jactantes
565 413 792 458 arbitrium
812 435 823 468 ;
846 432 932 460 non
948 414 1228 461 discutientes
1242 416 1550 463 conscientiam
1571 435 1709 476 suam,

335 499 434 545 quae
471 501 559 529 non
596 494 737 546 potest
773 485 915 530 curari
952 485 1031 531 nisi
1066 503 1143 548 per
1175 487 1380 545 gratiam,
1408 498 1456 534 ut
1481 487 1702 545 dicerent,

330 575 350 594 «
375 555 579 599 Miserere
598 555 698 609 mei,
722 572 820 601 sana
843 557 1028 601 animam
1056 574 1215 613 meam,
1235 558 1335 620 quia
1354 559 1532 620 peccavi
1558 558 1704 606 tibi1.»

332 623 453 680 Quid
491 623 682 671 facerent
707 626 784 689 qui
825 626 877 671 de
914 626 1052 672 lihero
1088 627 1169 672 sibi
1208 628 1451 687 gloriantur
1486 628 1701 686 arbitrio,

329 693 479 757 (quod
503 712 591 740 non
614 708 794 756 negatur
817 714 916 743 cum
945 698 1021 743 Dei
1053 697 1260 744 duntaxat
1287 698 1538 761 adjutorio)
1559 699 1592 745 si
1611 702 1704 759 jam

329 765 536 829 absorpta
557 779 664 813 esset
688 785 802 814 mors
823 769 866 814 in
878 769 1124 823 victoriam,
1150 768 1183 814 si
1192 772 1283 828 jam
1308 770 1490 816 mortale
1508 781 1706 816 nostrum

325 835 912 887 indueretimmortalitatem
930 876 940 894 ‚
969 850 1010 884 et
1027 840 1314 902 corruptibile
1342 851 1537 887 nostrum
1555 840 1706 887 indue-

325 918 390 952 ret
413 907 850 972 incorruptionem2?
889 910 1001 954 Ecce
1026 909 1182 955 foetent
1210 910 1387 956 vulnera
1403 947 1414 967 ‚
1447 921 1489 956 et
1517 911 1704 974 superbe

325 979 491 1041 petitur
513 980 742 1026 medicina.
772 982 869 1027 Non
890 980 1046 1026 dicunt
1067 980 1178 1027 sicut
1205 985 1347 1039 justus
1364 1018 1375 1037 ‚
1399 1002 1418 1023 «
1441 981 1533 1028 Nisi
1555 976 1703 1041 Domi-

325 1069 346 1090 »
365 1066 445 1097 nus
469 1049 700 1109 adjuvisset
728 1068 795 1097 me
814 1088 824 1106 ,
852 1050 984 1114 paulo
1013 1050 1155 1101 minus
1185 1051 1422 1097 habitasset
1454 1051 1497 1099 in
1534 1051 1703 1099 inferno

327 1140 348 1161 >)
369 1119 512 1166 anima
536 1138 630 1168 mea
649 1121 680 1168 ²⁹³.
706 1143 725 1163 ›)
759 1122 857 1168 Non
891 1121 1046 1170 dicunt
1070 1122 1182 1168 sicut
1206 1133 1378 1169 sanctus
1396 1159 1407 1180 ,
1446 1143 1467 1165 «
1492 1122 1582 1169 Nisi
1607 1124 1703 1168 Do-

323 1211 344 1233 »
365 1190 508 1238 miuus
526 1192 780 1246 custodierit
805 1193 1024 1241 civitatem
1046 1230 1057 1249 ‚
1078 1192 1236 1241 frustra
1252 1192 1400 1253 vigilat
1418 1197 1495 1256 qui
1512 1194 1704 1240 custodit

325 1282 346 1303 n
369 1260 504 1309 eaml'.
531 1283 550 1304 ³>

390 1331 466 1381 Vl.
492 1354 512 1374 α
528 1332 614 1381 Sed
630 1351 722 1388 ora,
750 1333 941 1397 piissime
964 1344 1088 1396 pater
1106 1370 1116 1389 ,
1148 1343 1197 1378 ut
1224 1336 1313 1392 jam
1337 1350 1425 1379 non
1449 1350 1599 1382 curam
1627 1351 1703 1395 ge-

324 1419 470 1454 ramus
491 1441 502 1459 ‚
535 1404 617 1450 nisi
654 1421 734 1467 pro
764 1415 945 1467 peccato
972 1415 1117 1451 nostro
1151 1404 1354 1467 lacrymis
1382 1405 1595 1468 expiando
1614 1444 1625 1462 ‚
1661 1417 1703 1452 et

326 1474 405 1527 Dei
429 1476 566 1534 gratia
602 1475 966 1523 commendanda.
998 1476 1088 1522 Ora
1112 1513 1123 1531 ,
1150 1476 1335 1522 Domine
1358 1486 1481 1538 pater
1503 1512 1514 1532 ,
1543 1487 1591 1523 ut
1613 1494 1703 1523 non

323 1557 472 1604 urgeat
491 1563 620 1610 super
640 1564 716 1598 nos
740 1558 897 1610 puteus
918 1564 964 1593 os
987 1563 1113 1594 suum
1132 1585 1144 1601 ‚
1174 1557 1221 1592 ut
1244 1546 1459 1593 salvemur
1485 1565 1507 1593 a
1525 1546 1702 1594 descen·

321 1615 528 1662 dentibus
566 1617 609 1665 in
644 1617 823 1663 lacum5
846 1655 856 1673 ,
888 1628 935 1663 ut
961 1634 1047 1668 non
1071 1628 1220 1680 pereat
1243 1633 1346 1664 cum
1377 1617 1524 1680 impiis
1556 1618 1701 1664 anima

321 1697 466 1735 nostra
490 1705 568 1754 per
588 1689 839 1751 superbiam
864 1699 1053 1735 nostram
1073 1726 1084 1745 ‚
1115 1688 1187 1734 sed
1209 1699 1382 1735 sanetur
1417 1705 1494 1751 per
1524 1689 1702 1735 Domini

323 1755 520 1816 gratiam.
547 1758 670 1807 Sicut
690 1776 790 1819 ergo
806 1759 1072 1822 praecepisti,
1097 1758 1272 1807 domine
1295 1777 1428 1822 papa,
1452 1758 1582 1806 frater
1598 1777 1702 1806 nos-

323 1838 388 1873 ter
414 1828 564 1878 Florus
585 1866 596 1885 ‚
634 1847 779 1876 servus
803 1831 1040 1879 sanctitatis
1070 1841 1156 1876 tuae
1175 1868 1186 1886 ,
1219 1831 1339 1876 omni
1360 1829 1581 1876 alacritate
1599 1848 1700 1893 per-

323 1899 455 1954 rexit,
482 1900 553 1946 cui
571 1918 659 1947 nou
683 1901 899 1964 impedit,
927 1901 999 1948 sed
1017 1901 1193 1964 proficit
1223 1900 1418 1960 fatigatio
1447 1912 1494 1947 ut
1521 1901 1702 1947 accedat

323 1970 360 2016 ci
395 1969 635 2019 dilucidata
667 1972 811 2018 cordis
837 1973 1065 2020 instructio
1085 1994 1095 2029 3
1119 1989 1249 2035 quem
1288 1982 1378 2018 tuae
1400 1972 1701 2019 sanctimoniae

324 2041 582 2104 suppliciter
619 2043 999 2098 commendamus,
1033 2044 1283 2106 pariterque
1307 2042 1614 2105 deposcimuS‚
1653 2053 1701 2089 ut

326 2122 364 2158 et
384 2112 555 2171 ignaros
581 2114 664 2160 tuis
687 2114 958 2163 orationibus
984 2114 1172 2159 Domino
1198 2112 1474 2161 commendes
1494 2129 1698 2158 mansue-

323 2182 480 2235 tissime
498 2185 841 2247 componendos.
871 2186 980 2240 Ora,
1010 2184 1184 2230 domiue
1207 2196 1248 2231 et
1273 2183 1521 2230 dulcissime
1544 2193 1694 2246 pater,

324 2264 370 2301 ut
403 2254 542 2315 fugiat
578 2255 791 2310 diabolus
824 2257 877 2302 de
907 2257 1239 2317 congregatione
1274 2266 1447 2310 nostra,
1487 2265 1529 2302 et
1558 2266 1700 2303 amota

320 2326 439 2372 omni
465 2325 702 2373 alienarum
738 2328 1030 2391 quaestionum
1071 2327 1263 2390 procella
1283 2364 1294 2381 ‚
1332 2326 1454 2372 navis
1483 2326 1698 2389 propositi

316 2395 453 2449 nostri
473 2396 661 2459 epibatis,
677 2399 777 2460 (20)
801 2398 958 2461 quietis
993 2408 1147 2445 onusta
1169 2397 1281 2445 intra
1311 2396 1540 2445 stationem
1567 2397 1697 2443 tutis-

363 2514 373 2535 ¹
393 2514 473 2546 Psal.
491 2525 543 2551 η,
566 2516 596 2546 5.
611 2533 653 2539 -
671 2513 687 2536 ²
708 2527 720 2545 1
742 2516 818 2548 Cor.
837 2527 888 2555 xv,
907 2517 1020 2548 53.—
1036 2512 1227 2553 3Id.xc¹1¹„
1252 2526 1306 2554 17.
1325 2532 1365 2538 -
1384 2511 1596 2556 ⁴1d.cxxv=‚
1618 2525 1697 2561 με

316 2567 397 2614 ⁵.1d.
415 2579 533 2613 uun,
553 2572 603 2608 16,
622 2577 652 2604 et
666 2583 757 2612 xxix,
781 2578 812 2611 4.
