1769 3235
1734 0 1753 81 [1

1735 119 1739 245 ἲ

349 290 440 339 286
768 310 802 338 s.
849 300 1090 341 mensum
1126 309 1332 342 EPISCOPI
1737 276 1742 372 ἱ

348 393 449 444 quae
475 379 701 436 timentur,
730 387 950 434 avertere3
976 382 1114 444 parati
1140 382 1195 428 ad
1220 393 1480 446 utrumque,
1507 392 1556 429 ut
1580 384 1613 430 si
1632 392 1717 433 noh
1755 393 1769 435 ,’

349 456 492 514 potest
517 449 573 494 ab
598 448 657 494 eis
687 448 796 494 calix
819 449 898 495 iste
921 452 1100 497 transire
1117 489 1128 508 ,
1164 454 1242 498 fiat
1265 452 1466 498 voluntas
1489 454 1581 515 ejus
1598 491 1610 511 ,
1643 452 1718 519 qui
1751 453 1769 498 ,⁴³

349 520 452 566 mali
471 518 639 582 aliquid
657 534 745 565 non
769 529 910 582 potest
926 521 1048 566 velle.
1756 517 1769 531 '¹

413 591 491 637 IX.
535 591 662 635 Certe
697 593 789 649 jam
817 590 936 637 vides
959 591 1079 654 quod
1112 603 1150 638 te
1181 593 1411 656 scripseras
1433 610 1520 639 non
1543 592 1714 652 videre,
1747 610 1759 662 ᾖ

344 670 560 723 quantum
597 659 703 704 boni
741 672 1062 724 consequantur
1100 662 1258 725 populi
1293 663 1565 719 Christiani,
1602 664 1636 709 si
1673 663 1718 711 in
1740 655 1761 719 gi

344 730 633 793 praesentibus
655 729 778 775 malis
802 747 889 775 non
923 732 981 777 eis
1018 732 1127 777 desit
1165 732 1397 794 praesentia
1423 733 1718 780 ministrorum
1740 722 1746 786 i

345 800 538 855 Christi,
573 811 761 863 quorum
788 799 906 846 vides
937 801 1066 845 etiam
1094 808 1308 864 quantum
1344 802 1459 847 obsit
1494 802 1685 848 absentia
1703 840 1715 858 ,
1742 801 1754 867 !3

344 871 450 917 dum
475 886 550 916 sua
574 879 779 933 quaerunt
816 886 903 914 non
936 887 1037 933 quae
1060 874 1178 917 Jesus
1209 872 1405 925 Christi3
1444 889 1523 918 nec
1552 871 1718 920 habent
1741 881 1746 923 1

343 941 461 986 illam
482 941 536 986 de
553 956 639 1003 qua
658 939 827 985 dictum
848 948 929 995 est,
954 962 973 981 α
996 942 1091 986 Non
1116 943 1274 1005 quaerit
1293 959 1393 1006 quae
1418 959 1495 988 sua
1518 943 1649 989 sunt1
1671 960 1718 997 3³³
1742 928 1747 989 i

342 1027 422 1056 nec
445 1011 671 1056 imitantur
695 1025 794 1055 eum
819 1010 896 1072 qui
916 1010 1023 1056 dixit
1045 1048 1056 1068 ‚
1082 1031 1101 1052 α
1131 1013 1230 1057 Non
1257 1028 1455 1075 quaerens
1472 1012 1592 1076 quod
1610 1011 1719 1060 mihi
1742 1007 1747 1073 ἱ

345 1104 365 1123 »
386 1082 520 1137 utile,
557 1081 630 1126 sed
667 1079 788 1143 quod
817 1081 989 1138 multis,
1018 1093 1066 1127 ut
1095 1081 1201 1129 salvi
1237 1084 1344 1129 fiant
1362 1084 1395 1130 2.
1429 1104 1450 1125 >>
1475 1083 1565 1141 Qui
1588 1084 1717 1129 etiarn
1743 1079 1748 1132 i

342 1152 626 1215 persecutoris
645 1151 858 1214 principis
885 1151 1000 1198 illius
1022 1152 1200 1199 insidias
1224 1171 1312 1199 non
1335 1153 1539 1214 fugisset,
1572 1153 1655 1199 nisi
1676 1169 1718 1200 se
1744 1190 1748 1225 4

342 1223 434 1268 aliis
454 1222 614 1285 quibus
644 1221 906 1267 necessarius
931 1232 1051 1278 erat,
1089 1240 1255 1269 servare
1284 1223 1502 1271 voluisset.
1530 1223 1719 1287 Proptef

342 1292 462 1356 quod
488 1293 568 1347 ait,
607 1312 627 1332 «
654 1290 907 1353 Compellor
931 1302 1075 1337 autem
1112 1310 1161 1338 ex
1195 1293 1369 1339 duobus
1403 1292 1717 1356 concupiscen*
1745 1322 1749 1367 f

343 1384 362 1404 »
383 1363 486 1408 tiam
507 1362 672 1407 habens
691 1398 700 1416 ‚
737 1360 913 1406 dissolvi
932 1373 974 1407 et
991 1379 1078 1408 esse
1097 1380 1198 1408 cum
1222 1362 1399 1409 Christo
1419 1399 1431 1419 ‚
1463 1362 1603 1408 multo
1627 1372 1717 1409 ma·
1744 1371 1750 1432 ᾗ

337 1455 357 1475 »
378 1433 440 1493 gis
461 1433 704 1495 optimum3
727 1439 897 1476 manere
915 1443 1057 1478 autem
1075 1433 1263 1478 incarne
1278 1433 1564 1479 necessarium
1584 1438 1717 1496 prop·-
1745 1434 1750 1485 i

341 1524 362 1545 »
383 1513 445 1549 ter
469 1505 592 1550 νοεῖ).
622 1522 643 1542 »
1745 1489 1750 1575 Ι

403 1575 459 1620 X.
492 1573 577 1618 Hic
610 1571 720 1617 forte
756 1571 853 1634 quis
893 1571 1041 1629 dicat,
1068 1572 1166 1618 ideo
1197 1573 1355 1619 debere
1383 1573 1462 1619 Dei
1498 1573 1717 1619 ministros

336 1644 482 1704 fugere
514 1642 674 1687 talibus
710 1641 1041 1688 imminentibus
1077 1643 1228 1699 malis,
1274 1653 1321 1688 ut
1345 1660 1387 1689 se
1419 1659 1501 1706 pro
1531 1642 1716 1689 utilitate

339 1714 543 1760 Ecclesiae
565 1712 838 1775 temporibus
857 1712 1235 1776 tranquillioribus
1257 1721 1440 1759 servent.
1471 1714 1606 1759 Recte
1625 1713 1713 1760 hoe

337 1786 387 1830 fit
408 1803 431 1830 a
448 1782 713 1847 quibusdam
729 1818 740 1839 ,
763 1782 942 1845 quando
966 1800 1053 1828 non
1073 1784 1230 1830 desunt
1256 1783 1355 1840 alii,
1382 1800 1459 1847 per
1481 1800 1591 1848 quos
1612 1792 1714 1848 supa

335 1856 503 1920 pleatur
524 1852 863 1899 ecclesiasticum
885 1854 1190 1911 ministerium,
1218 1872 1270 1900 ne
1293 1855 1349 1899 ab
1374 1855 1579 1901 omnibus
1596 1854 1713 1901 desea

336 1939 484 1980 rann-3
520 1923 641 1988 quod
678 1922 825 1969 fecisse
865 1924 1155 1971 Athanasium
1194 1942 1327 1989 supra
1362 1924 1562 1973 diximus.
1599 1927 1712 1971 Nam

332 2008 545 2062 quantum
565 1993 849 2039 necessarium
872 1993 1003 2039 fuerit
1029 1995 1236 2041 Ecclesiae
1252 2032 1263 2051 ,
1289 2005 1591 2058 quantumque
1609 2011 1711 2058 pro-

333 2069 484 2125 fuerit,
522 2064 643 2129 quod
680 2064 746 2110 vir
775 2061 845 2107 ilie
880 2065 1038 2109 mansit
1072 2065 1116 2110 in
1156 2082 1314 2121 carne,
1356 2064 1577 2111 catholica
1604 2065 1711 2111 fides

333 2139 472 2194 novit,
493 2152 592 2201 quae
612 2133 814 2179 adversus
839 2134 1020 2179 Arianos
1040 2134 1268 2180 haereticos
1281 2152 1353 2180 ore
1369 2135 1484 2180 illius
1503 2145 1547 2180 et
1568 2149 1711 2180 amore

331 2209 503 2255 defensa
528 2217 603 2252 est.
634 2204 719 2250 Sed
744 2203 919 2266 quando
952 2214 1016 2250 est
1035 2222 1267 2250 commune
1294 2205 1540 2267 periculum
1564 2242 1575 2260 ,
1611 2222 1710 2251 ma-

331 2281 477 2343 gisque
509 2274 754 2322 timendum
779 2283 864 2327 est‚
903 2291 954 2318 ne
991 2275 1221 2338 quisquam
1254 2274 1299 2320 id
1320 2276 1459 2320 facere
1482 2275 1705 2328 credatur,
1748 2289 1754 2308 ἢ

330 2368 418 2396 non
442 2345 694 2393 consulendi
720 2343 940 2390 voluntate
957 2381 966 2399 ‚
997 2345 1070 2389 sed
1100 2347 1250 2390 timore
1274 2345 1519 2401 moriendi,
1547 2345 1708 2405 magis-⁶
1751 2354 1754 2370 ’

328 2436 412 2485 que
435 2417 631 2478 fugiendi
651 2415 766 2461 obsit
786 2414 979 2478 exemplo
996 2452 1006 2471 ,
1030 2432 1162 2478 quam
1185 2416 1360 2461 vivendi
1379 2416 1517 2478 prosit
1536 2416 1701 2471 officio,

325 2492 445 2538 nulla
469 2490 635 2535 ratione
653 2486 898 2532 faciendum
922 2496 997 2532 est.
1033 2487 1230 2549 Denique
1254 2497 1428 2532 sanctus
1458 2486 1595 2531 David
1614 2522 1624 2540 ,
1651 2499 1706 2530 ne
1750 2534 1754 2550 ,

326 2580 368 2609 se
386 2560 678 2608 committeret
701 2556 907 2620 periculis
930 2556 1184 2619 praeliorum
1201 2594 1212 2614 ,
1239 2568 1280 2603 et
1303 2557 1490 2603 fortassis
1507 2577 1528 2597 «
1548 2556 1704 2602 Extin-

375 2647 384 2668 ¹
407 2644 521 2687 Philip.
542 2655 581 2681 ιι,
603 2653 658 2683 21,
677 2647 709 2672 et
726 2651 738 2669 1
758 2641 833 2672 Cor.
849 2650 922 2677 xm,
943 2642 974 2673 5.
993 2658 1038 2662 —
1055 2638 1070 2660 ²
1094 2652 1105 2669 1
1129 2642 1202 2672 Cor.
1224 2652 1255 2682 x,
1277 2643 1332 2674 33.
1353 2657 1398 2663 —
1415 2637 1429 2661 3
1446 2639 1566 2682 Phiiip,
1591 2650 1620 2677 1,
1639 2638 1700 2671 ⁵23.

1757 581 1759 606 Ι
1767 590 1769 609 i

1751 635 1760 647 ·›·
