1769 3235
365 285 425 332 99
769 285 801 313 s.
849 281 1089 314 AIJGUSTINI
1124 280 1326 314 Episcol‘l

362 349 457 396 illas
476 346 585 394 forte
603 364 690 394 non
702 347 887 410 habeas)
908 348 961 394 de
975 348 1195 412 opusculis
1208 351 1298 407 ejus
1316 358 1532 411 excerptas
1543 346 1727 407 dirigere
1748 338 1752 401 ξ

364 417 626 464 beatitudini
651 429 750 467 tuae.
782 418 827 464 Si
850 428 991 464 autem
1008 422 1097 497 jam
1113 435 1181 464 eas
1208 417 1420 473 habebas,
1443 417 1723 480 necinquisi-
1749 418 1752 500 ἐ

367 488 474 534 tioni
492 499 578 535 tuae
599 489 698 534 satis
721 487 937 534 faciebant
944 489 1108 553 quide
1123 488 1191 533 bis
1209 487 1379 536 sentias
1406 498 1506 550 peto
1522 487 1630 533 mihi
1644 504 1752 533 res·

365 558 532 605 cri'bere
550 576 638 604 non
663 559 872 619 graveris·
863 596 873 613 ,
891 570 932 606 et
950 557 1319 623 quemadmodum
1350 557 1441 620 ipse
1457 557 1605 603 eadem
1630 574 1752 620 pro·

364 628 542 691 phetica
575 629 747 675 oracula
785 630 1012 689 intelligas.
1048 630 1138 687 Ego
1173 628 1287 672 enim
1313 627 1493 673 maxime
1530 627 1640 672 illud
1676 621 1752 673 de

366 697 732 745 Hebdomadibus
767 699 956 746 Danielis
990 697 1226 744 secundum
1262 708 1457 760 tempus,
1493 696 1610 759 quod
1640 700 1753 756 jam

367 778 632 814 transactum
665 780 743 847 est,
770 767 1098 828 intelligendum
1128 777 1238 830 puto
1260 784 1270 812 :
1299 784 1398 812 nam
1423 766 1475 811 de
1502 764 1754 835 SalvatorisJ

368 838 577 894 adventu,
603 840 679 902 qui
704 850 957 903 expectatur
979 840 1024 884 in
1040 839 1124 884 fine
1139 848 1334 900 tempora
1353 836 1628 882 dinumerare
1645 837 1754 894 non}

364 908 540 955 audeo:
564 927 644 955 nec
665 910 849 973 aliquem
874 908 1136 972 prophetam
1161 907 1213 952 de
1236 907 1323 952 hac
1342 923 1387 951 re
1405 922 1633 952 numerum
1655 923 1754 956 an-

366 995 522 1025 norum
546 980 739 1025 existimo
763 979 1047 1043 praefiniisse3
1084 977 1157 1022 sed
1181 976 1292 1022 illud
1310 976 1457 1039 potius
1476 969 1755 1039 praevalere,

366 1048 521 1113 quod
510 1066 602 1112 ipse
629 1050 861 1100 Dominus,
891 1049 982 1094 ait.
1006 1069 1025 1089 α
1049 1048 1184 1092 Nemo
1198 1057 1339 1110 potest
1357 1062 1615 1106 cognoscere
1631 1044 1755 1091 tem-

367 1139 388 1160 »
409 1135 533 1182 pora,
557 1136 657 1183 quae
674 1121 804 1164 Pater
823 1118 968 1181 posuit
991 1118 1035 1162 in
1059 1134 1132 1162 sua
1150 1115 1412 1179 potestate1.
1752 1113 1754 1122 '

432 1189 492 1235 ΙΙ.
519 1188 649 1244 Quod
674 1189 787 1234 enim
814 1188 859 1234 in
880 1188 963 1233 alio
981 1187 1078 1233 loco
1103 1187 1194 1233 ait:
1219 1187 1324 1230 «De
1341 1137 1459 1231 die»
1445 1195 1585 1230 autem
1601 1183 1674 1230 illa
1695 1195 1755 1231 et

366 1278 389 1300 »
410 1258 519 1303 hora
535 1276 660 1304 nemo
678 1259 759 1305 scit
773 1259 809 1314 2,
831 1280 850 1300 »
871 1268 972 1303 sunt
993 1258 1070 1321 qui
1101 1257 1160 1302 sic
1187 1255 1426 1319 accipiunt,
1457 1265 1502 1300 ut
1519 1264 1674 1317 putent
1695 1271 1755 1299 se

363 1343 489 1390 posse
503 1338 758 1391 computare
773 1339 996 1390 tempora:
1018 1326 1132 1372 diem
1150 1343 1248 1371 vero
1268 1323 1573 1370 tantummodo
1593 1318 1756 1387 ipsumss

365 1407 407 1442 et
431 1397 582 1442 horam
609 1398 821 1444 neminem
841 1398 947 1443 scire
969 1415 979 1442 ε
1007 1396 1085 1442 ubi
1108 1396 1262 1441 omitto
1286 1395 1427 1440 dicere
1448 1394 1755 1457 quemadmo-'

365 1465 473 1512 dum
512 1467 674 1513 soleant
693 1468 935 1530 Scripturae
957 1467 1071 1512 diem
1095 1466 1162 1513 vel
1198 1467 1350 1511 horam
1373 1465 1500 1510 etiam
1520 1481 1602 1528 pro
1626 1465 1756 1527 tem-i

367 1553 473 1599 pore
509 1554 684 1600 ponere.
721 1537 806 1584 Sed
836 1548 950 1583 certe
979 1536 1089 1582 illud
1128 1535 1181 1581 de
1212 1535 1456 1595 ignorantia
1492 1533 1755 1597 temporum¹

365 1607 632 1670 apertissime
655 1608 823 1654 dictum
839 1619 914 1654 est.
936 1609 1046 1653 Nam
1066 1623 1165 1652 cum
1187 1606 1295 1651 hinc
1315 1604 1527 1650 Dominus
1549 1604 1756 1663 interro-j

364 1686 487 1737 gatus
509 1687 613 1722 esset
627 1694 650 1722 a
666 1677 905 1740 Discipulis
925 1677 1033 1732 suis;
1060 1698 1079 1716 «
1096 1677 1255 1730 Nemo,
1283 1675 1441 1738 inquit,
1472 1684 1615 1736 potest
1633 1691 1734 1735 cog·
1754 1675 1755 1713 ἱ

365 1767 387 1788 »
408 1762 580 1792 noscere
604 1757 821 1810 tempora,
859 1763 958 1809 quae
989 1750 1115 1791 Pater
1139 1745 1285 1808 posuit
1309 1745 1351 1789 iu
1370 1761 1444 1789 sua
1464 1753 1691 1806 potestate.
1717 1763 1755 1787 »1

365 1817 466 1862 Non
485 1816 600 1862 enim
619 1816 742 1872 dixit,
773 1817 889 1862 diem
911 1816 979 1863 vel
1003 1817 1177 1871 horam,
1204 1814 1276 1860 sed
1296 1836 1316 1856 α
1334 1816 1571 1877 Tempora,
1592 1835 1612 1855 »
1638 1826 1756 1878 quaei

363 1887 409 1934 in
422 1887 543 1932 brevi
559 1889 698 1950 spatio
712 1905 799 1933 non
815 1888 953 1933 solent
971 1887 1078 1942 dici,
1099 1887 1210 1932 sicut
1232 1886 1320 1931 dies
1342 1884 1410 1930 vel
1429 1884 1538 1930 hora
1558 1886 1755 1932 maxime

364 1957 401 2005 si
423 1974 615 2017 graecum
635 1956 884 2003 intueamur
901 1958 1173 2020 eloquiuum,
1212 1974 1258 2002 ex
1283 1972 1369 2018 qua
1386 1954 1533 2014 lingua
1555 1955 1599 2000 in
1635 1973 1757 2033 nos-i

365 2039 477 2074 tram
505 2027 704 2073 eumdem
723 2027 915 2083 librum,
940 2028 1019 2074 ubi
1042 2028 1129 2073 hoc
1149 2027 1362 2104 scriptu-m
1387 2036 1447 2071 est
1470 2025 1630 2072 scimus
1653 2044 1755 2074 esse

365 2097 622 2144 translatum
651 2116 661 2143 ε
700 2098 899 2161 quamvis
935 2096 1071 2144 latine
1092 2097 1191 2143 satis
1211 2096 1391 2159 exprimi
1417 2112 1504 2140 non
1529 2097 1757 2158 potuerit..

367 2167 438 2213 lbi
476 2167 591 2212 enim
629 2184 767 2227 graece
798 2167 956 2228 legitur
998 2170 1146 2230 χρόνοις
1169 2169 1192 2216 ³r
1217 2186 1380 2229 καιρους.
1418 2165 1565 2210 Nostri
1594 2165 1758 2224 autem}

367 2247 605 2300 utrumque
627 2237 713 2283 hoc
735 2238 919 2284 verbum
962 2249 1163 2302 tempora
1187 2235 1427 2300 appellant,
1469 2235 1555 2282 sive
1591 2234 1757 2305 χρόνοις

366 2307 436 2355 vel
458 2311 626 2371 καιροὺς,
650 2325 750 2354 cum
779 2309 975 2354 habeant
991 2308 1089 2354 haec
1105 2307 1194 2353 duo
1216 2308 1329 2353 inter
1345 2323 1387 2352 se
1403 2322 1491 2351 non
1515 2286 1757 2370 negligen-:

370 2376 471 2423 dam
502 2376 791 2423 differentiam
814 2396 825 2423 ι
845 2382 995 2441 καιροὺς
1019 2378 1186 2442 quippe
1210 2376 1435 2440 appellant
1461 2376 1606 2421 Graeci
1627 2373 1757 2442 tem-{

368 2464 478 2511 pora
501 2447 725 2512 quaedam,
752 2466 840 2495 non
862 2459 1005 2495 tamen
1035 2466 1136 2512 quae
1162 2449 1207 2494 in
1231 2447 1472 2511 spatiorum
1500 2443 1757 2493 volumini-1

366 2518 451 2564 bus
477 2528 716 2575 transeunt,
746 2519 821 2565 sed
844 2536 945 2584 quae
964 2520 1009 2566 in
1028 2521 1158 2567 rebus
1181 2519 1236 2566 ad
1271 2517 1438 2581 aliquid
1457 2519 1735 2581 opportunis,

416 2601 426 2623 ¹
449 2599 518 2632 Act.
542 2612 571 2644 1,
592 2612 623 2639 7.
642 2619 683 2625 —
702 2600 717 2623 ²
733 2602 850 2637 Manli.
868 2613 953 2643 xxiv,
971 2604 1025 2636 36.

1750 676 1753 704 Ι
