1769 3235
3 135 21 183 3!

0 274 18 354 i}
547 295 756 326 prsTotA
794 280 922 326 coms
1319 278 1412 342 393

0 338 17 445 ll
39 362 234 411 irrorata.
269 363 511 409 Provocavi
537 362 684 425 itaque
698 373 736 408 te
749 362 889 408 dulcis
908 362 1100 417 antistes,
1129 378 1215 407 non
1231 371 1278 407 ut
1293 378 1411 425 prae-

0 446 9 496 ff
35 434 141 493 largi
164 433 352 496 pectoris
372 432 581 496 pusillum
603 431 793 477 libamen
815 433 1074 494 acciperem5
1100 431 1169 477 sed
1198 442 1246 476 ut
1267 432 1416 491 ingens

0 498 7 554 l
35 503 182 549 divitis
200 503 389 549 ubertim
412 504 577 548 flumen
620 503 858 549 haurirem.
885 503 1157 548 Thesaurum
1184 502 1409 565 sapientiae

0 560 14 630 fil
33 573 289 629 desideravi,
326 574 399 619 sed
427 574 570 619 minus
596 574 746 637 accepi
774 590 907 637 quam
945 574 1080 629 volui,
1120 573 1221 619 licet
1262 573 1406 618 minus

0 626 13 702 il
32 661 118 690 non
132 644 385 697 debetdici,
407 644 479 690 sed
501 661 672 699 munus,
703 643 823 707 quod
849 643 1072 689 oraculum
1099 643 1222 703 Legis
1241 653 1404 689 contu-

0 706 123 779 lllerit
148 715 432 775 AugustinuS‚
461 725 654 760 sacrator
679 714 878 775 justitiae,
906 714 1174 759 instaurator
1198 713 1406 776 spiritalis

0 767 195 849 llglorieQ
217 785 488 848 dispensator
512 785 662 831 salutis
696 796 885 831 aeternae.
917 785 1026 829 Tam
1048 784 1130 829 tibi
1158 783 1404 829 mundanus

0 855 9 911 ιξ
28 853 145 899 orbis
169 865 297 900 notus
320 866 398 910 est,
418 872 547 918 quarn
569 866 742 901 notatus
767 874 776 900 :
800 866 885 900 tam
910 866 956 900 tu
979 854 1014 900 ei
1030 854 1244 914 cognitus,
1267 870 1398 916 quam

0 913 9 999 ll
26 923 252 986 probatus.
281 926 402 988 Opto
428 926 574 988 itaque
599 928 823 990 sapientiae
846 926 1030 972 floribus
1060 925 1194 988 pasci,
1238 934 1280 969 et
1314 923 1401 969 vivi

0 992 153 1053 qfontis
178 995 409 1041 haustibus
442 996 628 1056 irrigari.
660 998 823 1043 Praesta
862 996 1057 1059 cupienti
1079 994 1198 1059 quod
1227 994 1400 1057 utrique

0 1056 7 1084 Τ
23 1064 174 1126 prosit.
203 1065 349 1111 Potest
367 1066 479 1111 enim
495 1067 711 1112 seminudi
727 1068 895 1113 roboris
918 1066 1114 1113 velamen
1130 1065 1314 1125 genitale
1328 1065 1397 1110 vi-

0 1084 172 1196 lridari,
196 1136 228 1181 si
252 1138 454 1182 meruerit
477 1139 560 1183 tuis
579 1139 728 1184 sensim
749 1139 921 1184 fluentis
947 1137 1106 1200 augeri.
1134 1138 1283 1200 ltaque
1308 1137 1397 1181 hu-

0 1197 213 1268 {militatis
243 1225 348 1253 meae
372 1209 648 1271 praesentiam
678 1209 871 1273 spondeo
908 1228 995 1255 non
1016 1221 1102 1255 tam
1127 1209 1238 1271 stylo
1259 1224 1391 1271 quam

0 1271 145 1332 lvoto‚
174 1276 208 1322 si
231 1279 572 1324 venerabilitatis
611 1291 699 1325 tuae
741 1280 904 1343 scripta
939 1298 1021 1343 pro
1058 1280 1152 1326 visu
1184 1279 1386 1338 relegero.

21 1347 182 1393 Divina
231 1359 268 1394 te
314 1349 541 1396 clementia
583 1361 757 1396 tueatur
796 1352 916 1397 annis
943 1350 1182 1397 innumeris
1206 1348 1395 1394 Domine

17 1419 287 1467 venerabilis.
305 1442 325 1462 ))

0 1493 2 1524 l

0 1527 2 1579 l
160 1539 225 1570 Cur
245 1538 322 1570 mihi
344 1537 415 1571 lons
432 1539 518 1571 orbis
536 1551 636 1583 parvo
651 1551 798 1572 sermone
816 1540 932 1572 meavit
946 1543 960 1571 ἶν’

156 1596 206 1625 An
227 1595 329 1626 minus
344 1602 417 1639 apta
434 1597 499 1627 suis
517 1596 656 1639 speravit
674 1596 770 1628 corda
788 1597 916 1628 fluentis
930 1599 944 1628 Ρ

157 1651 236 1682 Cum
255 1657 362 1694 pateat
382 1663 469 1683 mens
485 1652 599 1689 omnis,
616 1653 709 1695 aquis
726 1660 913 1696 spectetque
932 1653 1095 1696 loquacem

156 1706 330 1747 Religionis
346 1718 440 1749 opem
461 1714 563 1749 gratos
579 1708 616 1739 da
634 1708 778 1740 sensibus
798 1709 935 1747 imbres,

158 1763 315 1805 Expectat
332 1774 412 1805 quos
431 1764 524 1807 plena
546 1763 624 1795 fides
642 1764 759 1796 Christi
779 1765 818 1795 de
831 1765 938 1807 stipite
953 1764 1104 1807 pendens.
