1769 3235
290 254 383 319 298
705 271 738 302 s.
784 270 1025 303 Acer-snm
1059 272 1263 304 mmscom

289 336 486 382 inistocle
505 336 710 392 sentiant,
732 336 766 382 si
782 345 923 381 tamen
939 335 1129 384 hominis
1150 355 1306 384 nomen
1330 355 1477 384 verum
1497 339 1659 392 recolo,

288 406 362 470 qui
387 422 486 451 cum
513 406 556 451 in
582 406 748 469 epulis,
776 406 896 470 quod
920 407 1026 454 clari
1057 419 1098 454 et
1127 408 1285 455 eruditi
1312 409 1497 455 Graeciae
1526 409 1664 457 facere

295 476 517 531 solebant,
543 493 694 522 canere
721 477 882 523 fidibus
910 491 1164 532 recusasset,
1191 490 1232 524 et
1252 480 1310 525 ob
1341 479 1427 525 hoe
1450 479 1666 531 indoctior

295 547 551 603 haberetur,
577 558 802 612 totumque
827 549 934 594 illud
955 550 1245 609 jucunditatis
1265 568 1396 609 genus
1419 561 1667 613 aspa-matus

297 627 426 668 esset;
448 618 612 663 dictum
629 619 690 664 illi
711 630 770 664 est
794 637 803 664 :
827 641 845 660 ε(
868 620 985 676 Quid
1005 638 1103 680 ergo
1123 621 1270 665 audire
1288 631 1325 665 te
1344 620 1558 666 delectat?
1575 643 1593 661 »
1614 619 1670 667 ad

296 687 413 751 quod
440 688 511 733 ille
544 690 813 753 respondisse
847 690 1014 736 fertur:
1038 714 1056 731 α
1085 691 1249 735 Laudes
1270 708 1398 737 meas.
1428 712 1448 733 „
1473 690 1672 736 Viderint

298 775 397 818 ergo
420 775 507 822 quo
525 760 630 813 fine,
653 771 799 824 etqua
823 762 1060 806 intentione
1084 759 1191 805 iliud
1215 760 1366 806 dixisse
1389 760 1670 817 crediderint,

299 827 367 873 vel
399 828 490 890 ipse
514 845 600 892 qua
625 829 791 875 dixerit.
823 831 925 874 Erat
952 831 1064 874 enim
1090 829 1328 875 secundum
1357 830 1442 875 hoe
1464 829 1672 875 saeculum

299 897 366 942 vir
388 900 656 957 magnificus.
682 900 790 944 Nam
811 899 937 944 etiam
954 916 1051 944 cum
1073 899 1107 944 ei
1129 899 1294 945 dictum
1315 899 1462 945 suisset
1484 917 1493 944 :
1517 897 1674 956 «Quid

299 967 433 1026 igitur
468 970 609 1013 nosti?
643 969 981 1032 Rempublieam
1000 1006 1010 1024 ‚
1039 970 1212 1033 inquit,
1239 987 1286 1015 ex
1311 988 1444 1033 parva
1474 986 1675 1029 magnam

301 1038 454 1085 facere.
481 1060 500 1079 ›>
524 1040 613 1098 Ego
638 1051 778 1084 autem
799 1039 917 1103 quod
946 1040 1005 1085 ait
1026 1041 1189 1085 Ennius
1213 1059 1223 1086 ε
1249 1062 1268 1082 c<
1292 1041 1454 1086 Omnes
1481 1039 1680 1086 mortales

303 1125 388 1153 sese
409 1108 577 1154 laudari
599 1121 823 1174 exoptant,
845 1133 865 1153 υ
888 1111 1046 1174 partim
1069 1122 1178 1175 puto
1195 1111 1533 1176 approbandum
1548 1148 1558 1167 ‚
1582 1127 1679 1175 par-

305 1178 381 1223 tim
407 1179 663 1227 cavendum.
694 1182 750 1226 Ut
769 1183 883 1226 enim
910 1181 1155 1245 appetenda
1174 1194 1236 1228 est
1261 1183 1440 1237 veritas,
1465 1199 1564 1246 quae
1580 1197 1682 1245 pro-

306 1249 379 1294 cul
409 1248 546 1295 dubio
570 1261 631 1296 est
650 1289 659 1307 ,
678 1251 843 1297 etiamsi
870 1269 956 1297 non
978 1252 1197 1307 laudetur,
1222 1252 1308 1298 sola
1327 1252 1562 1297 laudabilis
1585 1269 1595 1296 ε
1623 1251 1683 1296 sic

305 1318 433 1364 etiam
449 1337 494 1365 ea
511 1358 520 1376 ,
547 1338 645 1383 quae
666 1321 791 1367 facile
814 1322 1036 1385 subrepit,
1057 1323 1223 1367 vanitas
1245 1323 1288 1368 in
1309 1323 1536 1367 hominum
1553 1319 1684 1372 laude

306 1386 511 1448 fugienda
535 1402 611 1437 est.
645 1391 752 1436 Haec
782 1403 843 1436 est
865 1403 1006 1437 autem
1025 1429 1035 1447 ‚
1072 1393 1138 1438 vel
1168 1409 1266 1438 cum
1298 1394 1390 1455 ipsa
1416 1393 1558 1447 bona,
1585 1406 1686 1454 quae

306 1457 556 1505 laudatione
574 1461 702 1520 digna
726 1473 828 1507 suut
847 1500 857 1519 ,
883 1480 970 1507 non
997 1473 1209 1525 putantur
1233 1462 1434 1508 habenda
1451 1499 1462 1519 ,
1484 1462 1564 1507 nisi
1587 1461 1686 1506 lau-

309 1528 436 1574 detur
471 1531 525 1575 ab
560 1531 813 1577 hominibus
848 1533 1011 1585 homo;
1055 1533 1121 1578 vel
1144 1550 1191 1578 ea
1229 1550 1406 1597 quoque
1447 1532 1541 1579 vult
1575 1531 1620 1577 in
1645 1546 1688 1582 se

311 1599 498 1645 multum
534 1602 718 1665 quisque
754 1602 947 1658 laudari,
988 1620 1087 1667 quae
1123 1615 1197 1650 aut
1230 1605 1379 1664 exigua
1419 1602 1548 1649 laude
1565 1639 1576 1658 ‚
1616 1610 1689 1646 aut

312 1669 442 1715 etiam
466 1670 784 1734 vituperatione
805 1673 1004 1734 digniora
1022 1685 1138 1721 sunt.
1165 1673 1289 1720 Unde
1315 1673 1521 1720 Horatius
1546 1669 1688 1719 Ennio

316 1739 565 1800 vigilantior
591 1743 647 1788 ait
676 1760 687 1788 ε

553 1858 670 1889 Laudis
684 1870 793 1890 amore
808 1865 909 1891 tumes
924 1863 937 1891 ἱ)
954 1866 1027 1891 snut
1045 1866 1130 1892 certa
1148 1860 1287 1903 piacula,
1301 1871 1372 1903 quae
1387 1866 1417 1892 te
1430 1886 1439 1902 ‚

556 1918 619 1946 Ter
633 1926 710 1957 pure
727 1916 808 1947 lecto
825 1922 976 1959 poterunt
992 1927 1137 1948 recreare
1155 1916 1264 1948 libello
1281 1916 1303 1948 ¹.

384 2009 458 2057 lV.
492 2011 557 2056 Ita
582 2020 795 2057 tumorem
823 2012 877 2058 de
901 2030 1045 2059 amore
1069 2013 1211 2059 laudis
1242 2014 1449 2060 humanae
1468 2051 1478 2070 ‚
1507 2013 1575 2060 vel
1603 2031 1625 2059 a
1653 2030 1696 2060 se

322 2081 494 2145 penitus
514 2098 703 2126 morsum
728 2082 1061 2129 medicinalibus
1079 2085 1222 2130 verbis
1240 2085 1361 2148 quasi
1379 2084 1695 2130 excantandum

323 2153 507 2216 putavit.
532 2153 693 2198 Docuit
714 2154 860 2217 itaque
880 2172 956 2200 nos
978 2172 1055 2218 per
1075 2155 1330 2218 Apostolum
1352 2172 1477 2201 suum
1501 2155 1699 2215 magister

324 2224 490 2277 bonus,
522 2239 662 2286 neque
692 2236 923 2287 propterea
951 2242 1029 2270 nos
1055 2237 1168 2271 reete
1202 2226 1369 2282 facere,
1399 2236 1446 2270 ut
1470 2225 1700 2271 laudemur

327 2293 382 2339 ab
404 2293 658 2339 hominibus
677 2332 687 2350 ‚
715 2295 759 2340 id
774 2307 858 2352 est,
884 2297 1013 2341 finem
1030 2297 1134 2342 recti
1156 2297 1290 2342 nostri
1310 2314 1394 2341 non
1411 2297 1453 2342 in
1470 2296 1700 2342 hominum

324 2363 530 2410 laudibus
547 2381 728 2426 ponere3
747 2377 787 2411 et
804 2378 943 2412 tamen
966 2367 1274 2430 propteripsos
1295 2367 1491 2412 homines
1508 2383 1701 2430 quaerere

325 2434 473 2480 laudes
493 2435 735 2483 bominum.
766 2438 934 2482 Etenim
955 2455 1054 2483 eum
1080 2438 1315 2484 laudantur
1342 2437 1447 2483 boni
1465 2475 1476 2492 ,
1505 2454 1590 2482 non
1613 2435 1703 2484 lau-

329 2504 439 2551 datis
456 2542 466 2561 ‚
494 2505 567 2550 sed
598 2505 883 2554 laudantibus
907 2508 1097 2572 prodest.
1134 2509 1242 2554 Nam
1274 2508 1355 2554 illis
1373 2546 1384 2564 ,
1407 2519 1622 2571 quantum
1648 2505 1701 2554 ad

375 2598 384 2618 Ι
406 2598 519 2630 Horat.
537 2596 592 2629 lib.
617 2608 628 2628 1
645 2597 744 2640 Epist.
761 2609 788 2631 1.
