1769 3235
307 291 368 341 52
722 307 758 337 s.
809 304 1053 336 Aususrim
1088 304 1291 336 Emscom

313 377 400 424 suis
424 373 586 421 meritis
599 373 902 429 redderentur,
915 390 1002 419 non
1015 373 1208 419 essetnisi
1227 372 1484 419 damnatus?
1501 369 1699 418 Nulla-no

319 447 454 507 igitur
477 455 578 490 sunt
602 444 751 490 merita
771 447 1020 504 justorum?
1043 444 1154 489 Sunt
1173 443 1299 506 plane
1318 479 1329 498 ‚
1347 443 1694 504 quiajustisunt.

317 514 407 561 Sed
432 514 602 575 utjusti
626 515 800 570 fierent,
826 514 977 559 merita
999 531 1087 558 non
1110 514 1297 559 fuerunt.
1325 513 1439 558 Justi
1462 513 1574 559 enim
1596 512 1700 559 facti

315 596 444 639 sunt,
485 602 584 630 cum
618 583 846 644 justificati
886 594 988 630 sunt
1016 601 1026 628 ε
1054 583 1127 629 sed
1156 584 1266 629 sicut
1291 583 1399 629 dicit
1425 582 1694 647 Apostolus:

317 677 338 698 «
363 655 598 701 Justificati
624 655 755 714 gratis
779 672 856 717 per
881 655 1059 715 gratiam
1085 655 1220 718 ipsius
1236 654 1270 701 1·
1293 676 1312 696 »

313 727 325 737 ⁰
380 727 480 773 vll.
521 725 636 771 Cum
677 725 811 786 igitur
834 725 941 771 huie
975 726 1125 785 gratiae
1157 726 1321 771 inimici
1349 725 1580 788 infestique
1602 734 1703 770 sunt

313 797 411 853 isti,
438 796 637 856 Pelagius
661 807 811 841 tamen
838 796 882 841 in
909 795 1198 842 ecclesiastico
1229 796 1400 855 judicio
1437 795 1703 842 Palaestino2

313 867 433 930 (non
466 867 580 912 enim
607 865 731 911 aliter
753 865 855 911 inde
882 866 1131 929 impunitus
1161 867 1384 929 exiisset‚)
1409 866 1703 913 anathemati-

313 937 427 983 zavit
450 954 542 993 eos,
567 936 645 999 qui
664 935 822 981 dicunt
845 937 1026 996 gratiam
1052 938 1126 981 Dei
1154 937 1395 982 seeundum
1417 938 1567 982 merita
1585 936 1697 983 dari.

316 1008 402 1055 Sed
425 1007 537 1054 nihil
560 1007 681 1053 aliud
705 1007 751 1052 in
772 1024 921 1052 eorum
947 1007 1073 1052 etiam
1101 1007 1416 1070 posterioribus
1436 1007 1705 1071 disputatio-
1760 1018 1763 1045 ἐ

316 1080 450 1126 nibus
467 1078 704 1134 invenitur,
725 1094 858 1141 quam
874 1077 1036 1123 meritis
1053 1077 1148 1124 dari
1165 1095 1256 1124 earn
1278 1079 1459 1139 gratiam
1477 1114 1486 1136 ‚
1504 1078 1558 1123 de
1575 1080 1704 1137 eujus
1761 1083 1764 1107 ³

318 1151 700 1199 commendatione
720 1151 903 1197 maxime
925 1150 979 1196 ad
1002 1152 1224 1197 Romanos
1241 1151 1480 1215 apostolica
1507 1149 1705 1214 Epistola
1759 1159 1763 1207 ξ

318 1223 534 1287 loquitur,
570 1233 618 1268 ut
637 1221 740 1268 inde
768 1239 810 1268 se
828 1221 1087 1286 praedicatio
1107 1227 1198 1282 ejus
1230 1223 1350 1268 velut
1369 1240 1392 1267 a
1412 1221 1556 1285 capite
1587 1221 1707 1267 orbis
1759 1280 1761 1287 Α

320 1306 414 1340 toto
429 1295 536 1339 orbe
551 1292 815 1339 diffunderet
831 1311 842 1338 ε
862 1311 908 1339 ca
925 1304 986 1338 est
1004 1294 1116 1338 enim
1136 1311 1221 1357 qua
1235 1294 1504 1353 justificatur
1522 1292 1702 1356 impius,
1758 1289 1762 1354 ξ

319 1364 367 1412 id
402 1375 490 1420 est,
528 1364 579 1409 fit
612 1368 757 1423 justus
778 1364 854 1427 qui
881 1365 1003 1428 prius
1033 1375 1124 1410 erat
1148 1364 1324 1427 impius.
1357 1366 1409 1409 Et
1436 1363 1533 1409 ideo
1557 1362 1706 1427 perci-

320 1436 497 1501 piendae
522 1434 657 1495 hujus
682 1435 833 1496 gratiae
859 1436 1012 1481 merita
1035 1436 1159 1481 nuila
1187 1436 1469 1498 praecedunt,
1496 1434 1706 1498 quoniam

319 1507 485 1555 meritis
519 1506 673 1570 impii,
705 1523 794 1552 non
833 1507 968 1566 gratia
986 1544 997 1563 ,
1024 1506 1097 1552 sed
1124 1523 1258 1570 poena
1282 1506 1480 1553 debetur.
1517 1507 1605 1551 Nec
1626 1505 1708 1550 ista

322 1588 427 1626 esset
450 1577 587 1638 gratia
603 1614 614 1633 ‚
647 1577 681 1622 si
704 1593 794 1622 non
830 1577 1008 1623 daretur
1033 1577 1247 1636 gratuita,
1282 1577 1356 1623 sed
1379 1576 1529 1622 debita
1548 1574 1708 1622 redde-

325 1661 460 1698 retur.

389 1721 515 1767 VIII.
546 1717 631 1763 Sed
663 1735 764 1764 cum
792 1719 848 1764 ab
881 1718 972 1764 istis
997 1719 1229 1782 quaeritur,
1258 1735 1389 1782 quam
1421 1718 1599 1779 gratiam
1621 1718 1709 1764 Pe-

325 1792 462 1853 lagius
501 1789 712 1849 cogitaret
751 1789 840 1834 sine
875 1789 973 1834 uilis
1007 1790 1360 1852 praecedentibus
1390 1789 1552 1835 meritis
1588 1787 1705 1842 dari,

328 1862 508 1928 quando
548 1860 948 1906 anathematizabat
983 1877 1082 1915 eos,
1127 1862 1204 1925 qui
1241 1860 1396 1906 dicunt
1422 1860 1601 1920 gratiam
1629 1859 1710 1904 Dei

332 1932 573 1980 secundum
593 1930 747 1976 merita
770 1941 914 1974 nostra
935 1930 1026 1975 dari
1054 1951 1065 1984 3
1087 1930 1351 1994 respondent
1367 1933 1456 1976 sine
1480 1931 1578 1976 ullis
1599 1946 1710 1994 prae-
1754 1939 1755 1942 ’

331 2003 586 2052 cedentibus
602 2001 763 2046 meritis
776 2002 957 2060 gratiam
973 2001 1111 2064 ipsam
1136 2003 1372 2047 humanam
1388 2019 1473 2048 esse
1489 2012 1708 2054 naturam,
1753 2015 1758 2050 ε

335 2078 379 2122 in
404 2092 491 2139 qua
522 2071 690 2119 conditi
712 2088 873 2118 sumus.
912 2072 1060 2135 ‘Neque
1085 2077 1198 2118 enim
1241 2083 1471 2135 antequam
1493 2088 1676 2118 essemus
1695 2108 1708 2128 ,
1752 2074 1757 2106 ἕ

334 2144 489 2192 mereri
503 2142 669 2206 aliquid
689 2152 937 2205 poteramus
957 2153 1004 2187 ut
1023 2159 1218 2189 essemus.
1250 2143 1495 2202 Abjieiatur
1511 2160 1533 2187 a
1556 2142 1713 2187 Chris-

335 2213 551 2264 tianorum
580 2213 787 2259 cordibus
808 2214 887 2258 ista
914 2213 1084 2259 fallacia
1110 2232 1120 2258 ι
1148 2230 1247 2259 nam
1273 2213 1450 2259 omnino
1475 2230 1563 2259 non
1587 2212 1711 2257 istam
1751 2242 1756 2255 t

337 2287 518 2349 gratiam
536 2283 814 2329 commendat
835 2283 1069 2346 Apostolus
1086 2322 1095 2339 ,
1119 2302 1205 2347 qua
1233 2284 1364 2329 creati
1385 2301 1531 2329 sumus
1554 2294 1601 2329 ut
1625 2283 1713 2328 lio-
1751 2329 1755 2344 .÷

339 2359 472 2404 mines
509 2371 720 2410 essemus,
764 2353 838 2399 scd
877 2372 962 2417 qua
992 2356 1221 2414 justificati
1254 2372 1355 2400 cum
1383 2355 1484 2400 mali
1515 2354 1713 2399 homines

338 2444 536 2490 essemus.
569 2427 652 2471 Ista
673 2435 736 2470 est
755 2425 868 2471 enim
893 2427 1025 2485 gratia
1046 2445 1125 2490 per
1143 2428 1288 2472 Jesum
1311 2426 1535 2472 Christum
1558 2425 1713 2471 Domi-

338 2517 443 2546 num
466 2508 675 2544 nostrum.
701 2497 871 2542 Etenim
893 2497 1094 2544 Christus
1120 2515 1207 2543 non
1228 2515 1309 2561 pro
1334 2497 1466 2543 nullis
1493 2507 1540 2543 ut
1562 2495 1714 2542 homi-
1749 2490 1753 2565 J

336 2588 409 2617 nes
433 2567 741 2623 conderentur,
772 2566 842 2613 sed
872 2585 952 2631 pro
974 2569 1120 2634 impiis
1135 2580 1332 2616 mortuus
1350 2578 1413 2614 est
1436 2567 1713 2628 utJustifica-
1751 2570 1754 2584 ¹

383 2657 392 2678 Ι
411 2657 504 2686 Rom.
523 2662 579 2694 ιιι,
598 2657 651 2687 24.
672 2668 717 2673 -
731 2649 746 2672 ‘²
766 2651 1004 2694 Diospolitano.
