1769 3235
519 305 734 338 EPISTOLA
768 308 914 338 CXCIX.
1339 304 1418 336 121

55 393 76 417 ι»
94 371 197 437 quia
219 371 309 418 dies
335 371 512 418 ultionis
551 373 599 418 hi
639 382 756 425 sunt,
792 383 839 418 ut
877 372 1141 436 impleantur
1164 370 1306 418 omnia
1329 387 1430 435 quae

54 465 75 485 »
97 444 258 506 scripta
285 454 399 490 sunt.
425 465 444 484 ›>
469 442 637 488 Deinde
661 442 856 489 similiter
875 443 1004 488 etiam
1042 444 1118 487 iste
1139 443 1349 506 sequitur,
1381 452 1430 487 ut

51 531 229 578 prorsus
253 514 526 560 manifestum
554 514 608 559 sit
625 514 677 559 de
694 513 779 559 hac
796 531 840 559 re
866 514 959 577 ipsa
977 514 1173 559 omnium
1191 515 1323 558 trium
1345 529 1430 558 esse

53 584 174 630 hunc
215 584 438 644 Evangelii
475 584 620 630 locum
647 602 657 629 z
700 605 720 626 «
745 584 821 629 Vae
845 595 987 629 autem
1014 584 1347 647 praegnantibus
1386 593 1428 628 et

52 675 73 697 ³>
89 655 382 701 nutrientibus
402 655 446 700 in
473 655 555 700 illis
573 655 744 711 diebus,
761 676 780 696 >³
800 665 840 701 et
854 665 1011 701 caetera
1031 654 1084 700 ad
1106 655 1193 700 hoc
1207 655 1425 718 pertinen-

51 736 126 781 tla,
148 742 248 788 quae
269 729 361 785 jam
386 725 723 772 commemoravi
748 725 959 789 superius.

114 795 276 843 XXIX.
323 797 465 842 Lucas
504 814 603 856 ergo
642 796 847 859 patefecit
868 795 984 859 quod
1018 812 1104 841 esse
1128 805 1268 858 posset
1288 795 1429 839 incer-

49 877 160 923 tum,
188 884 275 912 non
301 866 356 912 ad
382 866 531 912 saeculi
562 868 714 923 finem,
743 867 815 912 sed
835 866 889 912 ad
912 865 1275 929 expugnationem
1300 868 1430 909 Jeru-

50 937 178 984 salem
214 937 432 1000 pertinere
459 937 505 983 id
551 936 670 1002 quod
709 937 874 983 dictum
918 948 980 983 est
1016 936 1068 981 de
1104 934 1436 980 abominatione

49 1007 350 1064 desolationis,
375 1019 416 1054 et
449 1008 569 1072 quod
605 1008 772 1055 dictum
797 1019 858 1053 est
892 1008 945 1053 de
969 1007 1137 1053 dierum
1164 1004 1433 1051 breviatione

49 1089 234 1142 propter
252 1078 409 1124 electos
428 1099 438 1132 ;
457 1079 557 1142 quia
572 1089 614 1124 et
631 1079 665 1124 si
690 1097 736 1125 ea
761 1079 852 1142 ipse
870 1095 957 1123 non
976 1078 1100 1132 dixit,
1146 1077 1253 1122 dixit
1289 1086 1431 1120 tamen

52 1149 240 1212 apertius
257 1159 413 1194 caetera
432 1149 486 1195 de
506 1149 594 1194 hoc
623 1150 735 1212 ipso,
764 1167 852 1213 quo
879 1160 921 1194 et
941 1150 1019 1195 ista
1048 1150 1264 1212 pertinere
1284 1162 1434 1191 mons-

52 1219 196 1266 travit.
231 1220 328 1264 Non
367 1221 481 1265 enim
508 1220 716 1265 debemus
750 1220 986 1280 ambigere,
1008 1219 1186 1282 quando
1209 1235 1352 1264 eversa
1375 1226 1438 1261 est

52 1289 304 1346 Jerusalem,
333 1289 463 1336 fuisse
486 1291 531 1335 in
569 1290 644 1336 illo
674 1290 844 1354 populo
867 1290 1026 1336 electos
1050 1290 1152 1343 Dei,
1176 1289 1251 1351 qui
1274 1304 1321 1333 ex
1347 1287 1438 1332 cir-

53 1360 318 1406 cumcisione
341 1360 635 1417 crediderant,
658 1363 743 1407 sive
757 1361 929 1406 fuerant
948 1359 1175 1409 credituri,
1194 1357 1319 1404 electi
1338 1366 1436 1402 ante

54 1431 411 1477 constitutionem
446 1431 618 1487 mundi,
664 1442 847 1495 propter
870 1448 978 1495 quos
1006 1430 1310 1476 breviarentur
1346 1427 1436 1473 dies

54 1499 134 1556 illi,
163 1511 212 1546 ut
238 1501 480 1547 tolerabilia
511 1501 622 1546 mala
640 1503 805 1546 fierent.
839 1501 948 1546 Nam
975 1500 1155 1564 quidam
1178 1497 1439 1544 convenien-

55 1572 139 1617 tius
165 1572 420 1619 intellexisse
439 1573 549 1618 mihi
575 1573 797 1628 videntur,
818 1573 931 1618 mala
956 1573 1049 1635 ipsa
1073 1571 1314 1631 significata
1353 1585 1439 1614 no-

0 1698 1 1710 *
55 1643 170 1688 mine
189 1643 376 1699 dierum,
406 1645 518 1690 sicut
558 1644 664 1690 dicti
692 1655 793 1690 sunt
828 1644 916 1690 dies
943 1643 1046 1689 mali
1076 1643 1121 1688 in
1160 1641 1250 1686 aliis
1281 1640 1445 1686 divinae

0 1715 1 1743 ³
55 1713 286 1776 scripturae
311 1715 430 1761 loeis.
463 1716 616 1779 Neque
640 1716 754 1761 enirn
780 1715 870 1761 dies
894 1715 979 1778 ipsi
1009 1713 1113 1759 mali
1149 1722 1266 1768 sunt,
1298 1710 1371 1756 sed
1392 1727 1442 1756 ea

56 1800 155 1844 quae
180 1785 292 1830 fiunt
313 1786 359 1830 in
379 1786 436 1831 eis
453 1785 486 1833 1.
527 1787 626 1850 Ipsa
656 1804 755 1847 ergo
775 1786 892 1832 dicta
917 1796 1018 1831 sunt
1040 1783 1245 1838 breviari,
1276 1792 1324 1827 ut
1349 1782 1440 1826 Deo

58 1853 247 1900 donante
266 1855 541 1902 tolerantiam
563 1857 707 1902 minus
722 1857 1000 1911 sentirentur,
1027 1872 1074 1900 ac
1091 1854 1151 1900 sic
1170 1869 1270 1916 quae
1288 1868 1444 1911 magna

57 1936 194 1971 essent
206 1925 356 1972 brevia
378 1928 544 1974 fierent.

123 1998 264 2044 XXX.
295 1998 376 2044 Sed
415 1999 501 2044 sive
534 1999 617 2045 isto
643 1998 775 2043 modo
800 1996 1079 2057 intelligenda
1100 1995 1152 2041 sit
1175 1995 1347 2040 dierum
1369 1993 1444 2039 illa

59 2067 288 2120 breviatio,
303 2069 391 2114 sive
409 2069 528 2132 quod
548 2069 601 2114 ad
622 2070 885 2132 paucitatem
899 2068 1208 2127 redigerentur,
1223 2066 1309 2111 sive
1324 2063 1444 2128 quod

59 2155 187 2184 cursu
213 2139 312 2185 solis
345 2140 549 2186 celeriore
569 2140 899 2192 breviarentur3
935 2156 1021 2184 non
1043 2138 1155 2182 enim
1187 2136 1344 2182 desunt
1366 2135 1444 2198 qui

60 2219 101 2254 et
117 2208 204 2254 boc
227 2210 488 2267 existiment,
523 2211 582 2256 ita
612 2210 776 2257 scilicet
796 2210 937 2255 dictos
958 2208 1177 2253 breviores
1203 2206 1292 2251 dies
1317 2205 1445 2250 futu-

2 2311 3 2347 }
60 2296 147 2331 rOS,
188 2280 403 2327 sicutfuit
425 2282 598 2342 longior
621 2282 710 2327 dies
744 2291 894 2326 orante
934 2280 1036 2324 Jesu
1075 2277 1262 2323 Nave²z
1303 2287 1446 2322 tamen

2 2355 4 2396 ἰ
61 2350 202 2395 Lucas
220 2352 493 2412 Evangelista
518 2363 558 2398 et
578 2353 695 2398 hanc
714 2352 883 2397 dierum
905 2350 1237 2401 breviationem,
1261 2357 1303 2391 et
1331 2347 1444 2391 abo-

63 2421 342 2468 minationem
368 2423 661 2475 desolationis,
701 2441 800 2487 quae
833 2422 920 2468 duo
962 2421 1054 2484 ipse
1080 2436 1164 2464 non
1205 2417 1329 2470 dixit,
1371 2416 1444 2461 sed

3 2517 5 2526 =
65 2491 302 2537 Matthaeus
327 2497 591 2557 Marcusque
613 2494 829 2545 dixerunt,
855 2493 907 2539 ad
926 2491 1187 2537 eversionem
1208 2487 1446 2533 Jerusalem

65 2559 218 2606 docuit
241 2564 472 2626 pertinere,
505 2565 587 2610 alia
614 2582 714 2610 cum
738 2565 798 2611 eis
822 2564 969 2610 dicens
995 2559 1187 2626 apertius
1210 2558 1263 2604 de
1281 2558 1365 2603 hac
1379 2574 1448 2602 ea-

114 2644 124 2666 ¹
147 2645 262 2689 Ephes.
277 2659 310 2690 v,
334 2649 384 2680 16.
400 2666 443 2671 —
458 2647 473 2670 ²
489 2649 600 2682 Josu'e.
618 2659 650 2688 x,
674 2651 728 2683 13,
