1769 3235
0 0 18 123 ²1

13 125 16 159 ι

13 161 16 217 ἔ

11 264 14 327 ξ
530 277 741 310 Erls'roLA
777 279 903 311 ccxx,
1320 267 1405 323 241

9 329 14 404 J
44 339 127 389 Cui
146 343 325 407 quidem
344 344 552 408 Epistolae
574 355 720 390 nostra
742 345 870 390 etiam
890 362 1024 392 manu
1043 347 1411 395 subscribendum

10 410 12 427 ¹
39 414 294 477 putavimus
312 452 323 470 ‚
344 415 480 478 ipsius
496 432 583 461 esse
605 426 820 462 testantes.
845 416 972 462 Hanc
988 420 1078 476 ers
1099 420 1411 465 correctionem

39 482 315 531 dilectionem
337 496 522 532 vestram
552 486 729 532 minime
751 485 1006 532 dubitamus
1028 498 1070 532 et
1093 500 1311 548 gratanter
1331 507 1409 536 ac-

8 554 202 618 cipere,
236 567 278 601 et
302 556 359 602 eis
376 568 523 603 notam
543 556 711 611 facere,
731 557 893 621 quibus
913 560 1003 616 ejus
1021 575 1139 604 error
1155 560 1410 606 scandalum

0 638 11 694 [ᾗ
36 624 131 672 fuit,
161 626 275 682 Quia
293 639 335 672 et
362 628 425 674 illi
443 629 558 692 ‚qui
581 645 680 674 cum
705 644 754 674 eo
776 639 987 674 venerunt
1009 628 1064 674 ad
1087 647 1190 686 nos,
1213 647 1314 676 cum
1336 630 1411 676 illo

0 697 222 756 correcti
242 708 370 762 atque
387 700 522 745 sanati
539 711 657 757 sunt,
681 700 792 746 sicut
817 716 966 745 eorum
988 700 1407 764 subscriptionibus,

35 783 134 830 quae
158 784 305 814 coram
345 770 472 816 nobis
502 769 630 817 factae
661 781 792 824 sunt,
824 781 995 817 tenetur
1026 788 1288 834 expressum.
1323 772 1412 818 Su·-

33 848 175 901 perest
192 849 241 884 ut
266 839 319 885 de
338 839 527 888 fraterna
549 842 684 888 salute
703 841 839 888 laetati
855 842 1107 905 ‚rescriptis
1125 842 1411 888 beatitudinis

0 848 8 950 i
32 918 184 955 vestrae
204 927 283 956 nos
299 911 486 958 vicissim
504 912 727 960 laetificare
747 913 998 974 dignemini
1011 914 1228 977 Optamus
1245 929 1320 960 vos
1338 912 1411 958 di—

1 973 7 1044 ff
30 977 250 1026 lectissimi
269 997 311 1027 et
327 982 605 1030 honorabiles
623 983 805 1042 fratres,
837 985 885 1030 in
910 984 1099 1031 Domino
1122 984 1234 1032 bene
1258 983 1404 1032 valere

1 1045 8 1147 Ι
31 1065 239 1097 memores
261 1054 412 1101 nostri.

0 1278 5 1310 t

0 1313 4 1366 ἔ
460 1325 730 1369 EP1SToLA
766 1325 924 1369 CCXX
942 1325 973 1367 ².

28 1455 198 1498 Domino
218 1458 299 1499 filio
329 1461 369 1498 in
393 1470 627 1512 praesentem
653 1471 691 1500 et
719 1462 761 1499 in
782 1470 973 1500 aeternam
998 1460 1168 1500 salutem
1196 1459 1267 1499 Dei
1286 1459 1408 1499 mise-

120 1521 290 1561 ricordia
305 1522 551 1576 protegendo
572 1534 610 1562 et
629 1524 803 1577 regendo
824 1523 1041 1562 Romi-uero
1058 1524 1315 1562 Aucusmus.

0 1551 2 1590 >

0 1645 2 1695 Ῑ
30 1666 306 1723 Augustinus
333 1665 566 1722 Bonifacio
600 1665 791 1717 Comici,
824 1665 901 1720 qai
933 1674 1134 1721 concepto
1160 1663 1286 1719 prius
1307 1673 1406 1705 volo

0 1698 2 1760 i
85 1733 397 1783 monachismi,
427 1743 524 1790 post
546 1748 600 1775 eae
622 1733 760 1787 ipsius
792 1731 974 1773 consilio
1004 1732 1191 1787 suscepit
1221 1730 1409 1772 Comitis

81 1811 334 1856 potestatem
351 1819 366 1850 ,·
396 1812 439 1842 αι
464 1811 624 1858 praeter
650 1802 788 1857 ipsius
811 1800 1047 1842 consilium
1072 1801 1203 1841 duxit
1226 1814 1412 1841 umorem

83 1879 122 1910 ει
144 1870 193 1909 in
217 1871 372 1911 multis
392 1872 594 1927 graviter
616 1869 815 1924 deliquit.
839 1868 974 1910 Hunc
991 1867 1196 1911 hortatur
1212 1868 1271 1909 ad
1288 1877 1410 1910 vetus

78 1938 374 1992 propositum,
405 1938 443 1978 .ςί
465 1953 547 1994 per
569 1951 752 1979 uxorem
777 1937 932 1986 licem,-
963 1936 1001 1978 si
1027 1950 1117 1977 ‘non
1146 1935 1272 1976 liceat
1293 1967 1303 1983 ‚
1328 1949 1407 1990 po-

85 2014 231 2046 testate
253 2005 490 2047 mundana
510 2015 663 2047 ulatur
688 2006 735 2045 ἰη
761 2004 944 2053 bonum,
972 2019 1064 2046 non
1086 2004 1136 2043 in
1156 2003 1342 2044 malum.

87 2150 122 2195 I.
163 2151 197 2194 F
203 2164 449 2195 1DEL10REM
473 2147 719 2203 hominem,
745 2157 786 2192 et
805 2146 881 2210 qui
902 2146 1118 2192 faciliores
1132 2144 1406 2190 haberetac—

23 2235 161 2265 cessus
182 2219 235 2265 ad
263 2236 384 2265 aures
413 2228 507 2264 tuas
532 2218 670 2264 ferens
694 2216 856 2263 litteras
883 2234 995 2262 meas
1026 2232 1251 2280 nunquam
1275 2216 1404 2278 potui

22 2290 208 2354 reperire
226 2327 237 2348 ‚
255 2307 388 2354 quam
420 2306 538 2335 nunc
567 2287 731 2334 obtulit
756 2288 970 2334 Dominus
994 2304 1166 2333 servum
1189 2297 1230 2331 et
1254 2285 1402 2331 minis-

22 2370 137 2408 trum
162 2361 346 2416 Christi,
363 2361 599 2407 diaconum
614 2359 1051 2415 Paulum,ambobus
1075 2356 1202 2404 nobis
1223 2356 1397 2402 charis-

20 2430 174 2479 simum
191 2470 202 2490 ,
232 2443 280 2478 ut
305 2431 470 2497 aliquid
492 2431 576 2477 tibi
598 2430 799 2495 loquerer
814 2468 824 2484 ‚
849 2447 939 2475 non
960 2446 1042 2493 pro
1065 2427 1262 2493 potentia
1285 2437 1360 2473 tua
1379 2465 1390 2485 ‚

44 2581 48 2583 -
68 2533 80 2555 ¹
99 2533 186 2566 Alias
206 2545 284 2566 Lxx.
305 2544 375 2576 quae
393 2538 499 2566 autem
518 2543 584 2564 220
604 2536 686 2572 erat,
704 2541 790 2564 nunc
813 2542 892 2570 171.
907 2547 951 2555 -
977 2529 1102 2574 Scripta
1121 2528 1246 2562 videtur
1263 2533 1403 2561 exeunte

20 2597 71 2623 an.
85 2594 164 2631 427.

146 2667 330 2701 chvni.
1217 2647 1271 2695 16
