1769 3235
11 261 14 299 3
540 251 753 284 musroLA
787 250 906 285 cmx.
1335 239 1422 304 173

10 355 13 377 ,
109 319 167 368 II
197 319 369 367 Fussala
384 319 485 383 (13)
503 318 704 364 dicentur
721 319 997 396 Hipponensi
1013 320 1229 367 territorio
1249 322 1420 367 confine

43 391 301 439 castellum·
325 400 448 436 antea
471 389 535 435 ibi
558 406 784 468 nunquam
807 390 1039 453 episcopus
1064 390 1169 447 fuit,
1197 391 1269 437 sed
1292 391 1420 437 simul

8 485 11 506 ι
43 478 142 507 cum
163 461 367 520 contigua
384 459 468 506 sibi
488 460 660 519 regione
678 459 732 505 ad
750 459 993 522 paroeciam
1018 461 1316 523 Hipponensis
1334 463 1417 507 Ec-

8 543 10 581 ξ
42 531 182 577 clesiae
196 530 455 594 pertinebat.
483 531 655 575 Paucos
678 530 962 575 habebatilla
992 541 1105 576 terra
1132 531 1415 588 Catholicos,

7 644 9 651 ,
41 612 218 647 caeteras
241 601 390 664 plebes
412 600 502 645 illie
521 600 567 645 in
587 617 744 660 magna
763 600 1044 646 multitudine
1058 601 1286 647 hominum
1315 619 1420 647 con-

41 671 212 717 stitutas
236 669 561 716 Donatistarum
588 687 707 715 error
732 670 1034 716 miserabiliter
1062 672 1315 728 obtinebat,
1355 673 1415 717 ita

6 736 9 793 Ξ
42 741 153 786 utin
177 740 328 786 eodem
353 740 530 786 castello
550 740 697 786 nullus
715 751 820 786 esset
843 741 1019 786 omnino
1039 740 1308 788 CatholicuS.
1337 743 1423 787 Ac-

4 862 6 874 ,
42 821 135 857 tum
159 822 222 857 est
246 811 291 857 in
317 812 397 856 Dei
427 810 751 868 misericordia,
782 822 831 857 ut
854 811 999 857 omnia
1029 811 1124 874 ipsa
1145 811 1241 857 loca
1262 812 1421 856 unitati

4 876 6 886 ¹
42 880 247 928 Ecclesiae
285 881 582 935 coliaererent3
621 899 700 944 per
732 893 917 945 quantos
953 881 1125 927 labores
1150 892 1192 927 et
1224 881 1420 945 pericula

3 953 5 1017 j
41 960 186 996 nostra
204 988 215 1007 ,
247 951 425 1011 longum
451 962 512 996 est
544 951 759 1015 explicare
775 989 785 1008 ,
811 952 871 997 ita
895 962 944 997 ut
967 952 1030 997 ibi
1049 951 1317 1015 presbyteri,
1345 951 1420 1013 qui

2 1023 5 1071 ζ
40 1021 99 1067 eis
128 1021 441 1082 congregandis
464 1039 485 1067 a
506 1023 633 1068 nobis
659 1023 862 1085 primitus
886 1024 1111 1069 constituti
1131 1034 1258 1078 sunt,
1285 1038 1419 1085 expo-

1 1074 5 1160 ξ
39 1091 268 1148 liarentur,
299 1092 588 1149 caederentur,
618 1092 968 1151 debilitarentur,
990 1105 1323 1151 excaecarentur,
1350 1110 1422 1139 oc-

1 1163 4 1210 l
41 1162 290 1209 ciderentur
314 1181 324 1208 :
353 1180 543 1227 quorum
565 1175 710 1209 tamen
734 1164 953 1226 passiones
976 1164 1149 1210 inutiles
1181 1181 1228 1210 ac
1256 1164 1419 1209 steriles

0 1228 3 1283 i
41 1249 129 1278 non
156 1233 334 1279 fuerunt
351 1270 362 1289 ,
385 1233 563 1279 unitatis
586 1233 676 1279 illic
697 1234 926 1279 securitate
946 1233 1153 1296 perfecta.
1189 1233 1272 1279 Sed
1300 1232 1419 1296 quod

0 1291 3 1314 ¹
42 1305 97 1350 ab
118 1305 324 1368 Hippone
342 1315 631 1350 memoratum
654 1304 878 1351 castellum
904 1304 1100 1350 millibus
1125 1304 1418 1368 quadraginta

0 1369 3 1454 l
41 1376 295 1435 sejungitur,
323 1392 425 1421 cum
448 1376 493 1421 in
520 1375 578 1421 eis
606 1375 804 1435 regendis
821 1413 831 1431 ‚
853 1386 895 1422 et
925 1392 1075 1421 eorum
1097 1375 1290 1438 reliquiis
1319 1374 1420 1420 licet

0 1459 2 1512 j
41 1446 199 1506 exiguis
224 1446 476 1506 colligendis
491 1483 502 1503 ‚
531 1463 632 1510 quae
655 1447 697 1492 in
721 1458 907 1511 utroque
927 1464 1025 1492 sexu
1047 1446 1310 1491 aberrabant
1333 1463 1421 1491 non

0 1542 1 1545 =
41 1517 229 1562 minaces
252 1516 457 1570 ulterius,
485 1517 559 1562 sed
591 1516 789 1577 fugaces,
818 1535 887 1563 me
917 1516 1108 1563 viderem
1135 1516 1264 1562 latius
1288 1532 1421 1579 quam

42 1585 273 1646 oportebat
295 1586 488 1642 extendi,
517 1604 596 1632 nec
632 1586 898 1632 adhibendae
922 1586 1115 1632 sufficere
1152 1586 1388 1646 diligentiae
1405 1624 1416 1643 ‚

41 1671 174 1718 quam
191 1657 428 1703 certissima
451 1658 617 1703 ratione
636 1658 837 1703 adhiberi
856 1657 1014 1704 debere
1032 1658 1261 1704 cernebam
1277 1695 1287 1714 ,
1311 1658 1422 1720 epis-

42 1741 203 1789 copum
222 1727 286 1772 ibi
308 1727 602 1774 ordinandum
617 1765 628 1785 ‚
656 1728 1098 1791 constituendumque
1121 1728 1284 1774 curavi.

107 1798 189 1844 ΙΙΙ.
223 1798 356 1854 Quod
376 1809 425 1844 ut
449 1799 569 1844 fieret
585 1836 596 1855 ,
625 1810 778 1863 aptum
798 1799 895 1845 loco
914 1799 977 1844 illi
997 1815 1332 1861 congruumque
1352 1815 1423 1844 re-

42 1867 268 1931 quirebam
286 1907 297 1923 ,
333 1869 412 1932 qui
445 1880 487 1914 et
524 1870 692 1915 Punica
732 1869 882 1929 lingua
931 1880 1036 1915 esset
1074 1870 1337 1925 instructus,
1382 1880 1424 1914 et

42 1936 263 1984 habebam
312 1939 365 1984 de
407 1956 494 2002 quo
538 1939 787 2000 cogitabam
833 1949 1035 2002 paratum
1074 1939 1379 2002 presbyterum
1407 1975 1418 1994 ‚

43 2019 222 2072 propter
257 2026 387 2072 quem
425 2009 745 2065 ordinandum,
787 2020 986 2055 sanctum
1025 2009 1177 2054 Senem
1210 2008 1313 2070 (14)
1347 2008 1424 2070 qui

44 2091 148 2127 tunc
171 2081 409 2145 primatum
438 2081 661 2127 Numidiae
692 2082 869 2141 gerebat
885 2118 896 2137 ,
921 2080 975 2126 de
998 2081 1237 2144 longinquo
1272 2090 1320 2125 ut
1344 2096 1423 2125 ve·-

43 2151 154 2197 niret
182 2169 336 2212 rogans
363 2151 516 2197 litteris
542 2151 789 2214 impetravi.
825 2151 926 2207 Quo
943 2154 1035 2210 jam
1059 2160 1271 2213 praesente
1290 2187 1300 2205 ‚
1329 2166 1424 2194 om-

43 2222 251 2286 niumque
274 2223 318 2268 in
339 2240 384 2268 re
404 2232 523 2267 tanta
548 2222 765 2284 suspensis
785 2221 940 2267 animis
958 2258 968 2277 ,
992 2221 1047 2266 ad
1066 2222 1219 2266 horam
1235 2236 1313 2265 nos
1328 2218 1420 2275 ille,

45 2292 119 2355 qui
138 2293 248 2338 mihi
265 2304 442 2356 paratus
464 2291 711 2342 videbatur,
737 2292 1003 2336 omnimodo
1029 2289 1263 2335 resistendo
1285 2289 1423 2334 desti-

45 2361 143 2409 tuit.
171 2364 263 2423 Ego
283 2373 424 2409 autem
443 2362 519 2425 qui
543 2363 716 2425 utique,
745 2362 858 2407 sicut
880 2362 1016 2407 exitus
1041 2361 1218 2417 docuit,
1253 2359 1425 2405 differre

46 2433 191 2496 potius
211 2433 370 2489 debui,
393 2450 526 2496 quam
551 2432 847 2495 periculosum
875 2432 1155 2495 praecipitare
1172 2430 1394 2490 negotium
1411 2466 1422 2486 ‚

47 2504 152 2550 dum
187 2504 290 2550 nolo
323 2504 625 2565 gravissimum
653 2514 695 2549 et
726 2503 1046 2549 sanctissimum
1079 2502 1232 2547 Senem
1265 2499 1319 2546 ad
1349 2516 1428 2544 nos

53 2589 188 2639 usque
205 2575 432 2637 fatigatum
459 2575 548 2620 sine
574 2575 729 2622 effectu
746 2612 757 2632 ‚
781 2584 964 2638 propter
986 2590 1116 2637 quem
1145 2581 1319 2619 venerat
1342 2581 1432 2616 tam
