1769 3235
518 311 729 343 Emsrom
766 310 881 341 coxi.
1307 292 1393 362 189

19 377 136 446 quod
159 377 324 442 ponitis
349 395 358 422 :
380 377 438 423 ita
464 395 563 422 sane
581 388 629 422 ut
649 376 768 422 nulla
793 375 873 420 sibi
894 374 1057 437 aliquid
1073 388 1291 440 operetur,
1311 379 1398 425 sive

21 450 133 497 unde
155 449 382 505 induatur,
419 449 506 493 sive
545 448 622 493 ubi
641 451 802 507 jaceat,
831 446 917 490 sive
943 446 1058 492 unde
1091 449 1306 508 cingatur,
1329 450 1396 496 vel

21 522 259 586 operiatur,
289 519 354 565 vel
377 530 510 582 caput
531 530 731 578 contegat
750 538 760 571 ;
782 516 854 562 sed
881 517 1025 563 omnia
1050 535 1179 581 opera
1197 532 1335 566 vestra
1350 523 1396 567 in

23 608 252 639 commune
282 591 389 635 fiant
415 594 574 667 majore
604 588 748 634 studio
778 598 819 632 et
841 586 1123 649 frequentiori
1155 590 1391 648 alacritate,

21 679 150 727 quam
168 662 202 707 si
225 661 347 707 vobis
367 660 547 723 proptia
584 659 793 705 faceretis.
818 660 850 701 (Σ
861 658 885 702 li
894 658 1020 702 {uitas
1044 660 1177 715 enim,
1225 661 1278 707 de
1313 680 1399 726 qua

23 733 230 795 scriptum
251 741 351 775 est·
342 766 352 774 .
380 752 400 772 α
423 730 554 787 Ouod
585 747 671 775 non
709 728 866 792 quaeiit
890 745 989 791 quae
1019 746 1094 774 sua
1121 742 1220 776 sunt
1240 732 1277 788 1,
1301 756 1320 774 »
1339 736 1399 780 sic

22 802 293 862 intelligitur,
330 802 432 864 quia
460 802 708 847 communia
733 800 942 863 propriis,
969 817 1056 845 non
1082 803 1261 864 propria
1283 822 1400 849 com-

23 873 227 919 munibus
242 872 480 935 anteponit
514 873 569 917 Et
588 871 685 916 ideo
706 881 869 934 quanto
891 871 1077 934 amplius
1094 889 1185 917 rem
1206 891 1402 921 commu-

25 960 120 990 nem
142 959 271 1006 quam
288 943 512 1006 propriam
540 942 810 997 curaveritis,
838 953 958 987 tanto
981 942 1167 1005 amplius
1194 961 1269 991 vos
1294 965 1404 1010 pro-

24 1013 168 1060 fecisse
190 1014 426 1066 noveritis;
451 1024 500 1058 ut
540 1013 586 1058 in
604 1013 807 1058 omnibus
832 1013 993 1075 quibus
1012 1014 1151 1059 utitur
1171 1018 1403 1064 transitura

24 1083 264 1138 necessitas,
292 1083 609 1145 superemineat
629 1100 731 1146 quae
750 1093 975 1146 permanet
998 1083 1203 1132 charitas,
1236 1088 1405 1134 Conse—

25 1170 158 1219 quens
185 1171 284 1213 ergo
324 1164 404 1205 est,
442 1164 490 1198 ut
514 1154 642 1198 etiam
670 1153 780 1198 illud
802 1153 922 1216 quod.
947 1154 1033 1199 suis
1052 1155 1118 1200 vel
1144 1157 1318 1203 filiabus
1339 1160 1405 1205 vel

28 1226 169 1289 aliqua
188 1224 506 1270 necessitudine
549 1224 605 1270 ad
639 1241 681 1269 se
718 1225 1042 1287 pertinentibus
1078 1226 1122 1270 in
1147 1231 1406 1275 monasterio

28 1295 271 1343 constitutis
287 1295 443 1357 aliquis
464 1294 530 1339 vel
561 1295 705 1358 aliqua
731 1294 982 1351 contulerit,
1009 1296 1097 1340 sive
1117 1308 1294 1355 vestem,
1320 1301 1407 1346 sive

28 1367 256 1431 quodlibet
279 1366 396 1412 aliud
423 1367 533 1411 inter
562 1368 799 1412 necessaria
841 1366 1165 1430 deputandum,
1195 1387 1283 1415 non
1329 1389 1409 1417 oc-

29 1439 142 1485 culte
179 1438 446 1501 accipiatur;
487 1437 558 1482 sed
586 1438 639 1482 sit
670 1437 713 1482 in
747 1447 961 1499 potestate
996 1439 1269 1501 Praepositae,
1298 1444 1406 1488 utin

29 1526 257 1556 commune
280 1507 523 1562 redactum,
550 1508 622 1553 cui
651 1508 936 1553 necessarium
956 1506 1104 1563 fuerit,
1133 1511 1401 1571 praebeatur.

32 1579 184 1644 [Quod
204 1579 237 1624 si
263 1579 408 1641 aliqua
431 1594 520 1622 rem
544 1578 627 1623 sibi
654 1577 857 1623 collatam
880 1577 1100 1635 celaverit,
1125 1580 1410 1640 furtijudicio

30 1650 358 1696 condemnetur.
380 1649 393 1712 l

92 1720 216 1766 XIII.
250 1719 511 1765 Indumenta
535 1731 674 1765 vestra
702 1718 942 1764 secundum
970 1720 1201 1766 arbitrium
1223 1723 1411 1787 Praepo-

0 1789 1 1831 ἶ
31 1792 121 1839 sitae
142 1792 358 1847 laventur,
385 1792 471 1838 sive
487 1811 509 1838 a
532 1793 675 1847 vobis,
699 1792 786 1836 sive
803 1809 826 1836 a
841 1790 1100 1847 fullonibus,
1120 1810 1172 1837 ne
1190 1794 1413 1841 interiores

0 1842 3 1939 l
33 1863 186 1909 animae
212 1862 358 1908 sordes
378 1863 613 1908 contrahat
634 1861 810 1907 mundae
830 1861 956 1906 vestis
988 1861 1148 1908 nimius
1182 1867 1413 1928 appetitus.

0 1974 2 1999 Ι
0 1935 275 1980 Lavacrum
310 1934 435 1979 etiam
459 1950 716 1996 corporum,
757 1949 947 1995 ususque
979 1932 1234 1980 balnearum
1256 1954 1342 1982 non
1362 1939 1415 1982 sit

0 2002 4 2082 ἶ
35 2005 269 2055 assiduus
291 2004 363 2049 sed
388 2021 436 2049 eo
456 2021 543 2067 quo
563 2003 668 2049 solet
691 2002 919 2048 intervallo
939 2004 1144 2066 temporis
1171 2006 1409 2060 tlibuatui,

35 2076 120 2122 hoc
143 2087 223 2131 est,
244 2075 371 2121 semel
401 2076 444 2120 in
463 2092 621 2121 mense.
655 2074 794 2134 Cujus
816 2084 958 2118 autem
978 2074 1244 2122 infirmitatis
1264 2095 1414 2124 neces—

36 2147 132 2193 sitas
146 2147 261 2207 cogit
280 2145 513 2192 lavandum
545 2162 723 2207 corpus.
752 2162 839 2190 non
864 2143 1033 2203 longius
1054 2144 1280 2192 differatur
1303 2166 1312 2191 ε
1336 2149 1412 2194 fiat

37 2217 123 2263 sine
151 2216 438 2262 murmurede
455 2215 634 2261 consilio
656 2214 829 2265 medici,
850 2214 906 2258 ita
929 2224 973 2259 ut
994 2214 1172 2261 etiamsi
1196 2217 1320 2273 nolit,
1341 2222 1414 2278 J'u-

3 2289 165 2339 bento
184 2289 421 2352 preposita
450 2288 545 2333 {aci
545 2286 712 2350 ιῑεμιοᾰ
738 2284 985 2331 faciendum
1006 2296 1068 2331 est
1083 2304 1162 2349 pro
1186 2288 1337 2335 salute.
1365 2290 1411 2335 Si

4 2341 9 2448 l
40 2370 178 2406 autem
201 2360 321 2416 velit,
344 2370 384 2405 et
407 2358 516 2403 forte
532 2376 617 2403 non
640 2357 828 2420 expedit,
853 2374 942 2402 suae
960 2357 1195 2419 cupiditati
1212 2377 1297 2404 non
1318 2361 1420 2407 obe-

41 2397 458 2492 diatur:alqi1ando
486 2430 598 2473 enim
625 2427 786 2474 etiamsi
813 2438 983 2477 noceffiit
1003 2428 1203 2489 prodesse
1222 2431 1416 2477 creditur

5 2459 10 2544 l
42 2500 158 2564 quod
178 2500 377 2546 delectat.
404 2500 606 2562 Denique
629 2499 662 2544 si
688 2499 823 2543 latens
847 2509 908 2543 est
940 2497 1099 2542 dolor
1088 2516 1133 2544 ln
1156 2517 1340 2564 corpore
1357 2503 1416 2548 fa-

6 2546 11 2621 l
42 2571 171 2617 mulae
195 2571 292 2627 Dei,
315 2570 475 2616 dicenti
497 2569 603 2634 quid
629 2569 708 2615 sibi
729 2567 891 2617 doleam
921 2568 1011 2613 sine
1031 2569 1308 2617 dubitatione
1329 2590 1418 2618 ere-

8 2623 12 2684 i
92 2654 187 2686 ¹Cor.
206 2666 285 2696 xtir
308 2656 337 2687 5,
