1769 3235
321 252 376 303 ρ’,
748 265 782 292 s.
827 263 1066 292 accit-{Tisi
1110 264 1306 294 ιῑΡΙςιῑονι

320 333 411 376 Deo
430 366 440 385 ‚
467 328 586 392 quod
609 330 665 374 ab
683 330 759 383 eis,
789 343 876 373 non
897 329 982 373 suis
999 329 1176 383 meritis,
1197 345 1297 392 quae
1318 329 1364 373 in
1381 329 1530 375 eadem
1550 346 1689 376 massa

318 399 442 463 paria
461 398 655 452 fuerunt;
681 398 753 443 sed
779 397 894 443 illius
925 398 1198 444 miseratione
1219 398 1393 444 discreti
1416 410 1530 447 sunt.
1557 400 1691 457 Quod
1754 403 1758 441 ἰ

318 470 506 515 maxime
525 479 707 533 apparet
728 468 772 513 in
796 467 1007 530 parvulis,
1033 468 1086 514 de
1103 469 1282 532 quibus,
1309 485 1410 514 curn
1431 486 1509 532 per
1526 469 1694 516 Christi

315 540 496 600 gratiam
526 549 826 597 renascuntur,
851 549 893 584 et
909 539 1032 585 istam
1055 541 1187 586 vitam
1208 540 1253 585 in
1286 539 1359 585 illa
1382 550 1527 586 tenera
1558 551 1690 586 aetate
1754 558 1757 589 ς

315 611 568 657 finientesin
585 621 790 656 aeternam
818 620 1042 655 transeunt
1059 620 1101 655 et
1120 611 1312 665 beatam,
1330 609 1420 656 dici
1442 627 1531 656 non
1551 621 1694 673 potest
1753 598 1757 624 ξ

315 680 434 751 (111·οᾶ
466 681 604 726 libero
643 680 951 726 discernuntur
980 680 1159 725 arbitrio
1197 679 1253 724 ab
1280 679 1371 725 aliis
1410 679 1653 727 infantibus
1677 717 1689 737 ‚
1754 733 1756 738 ¹

314 751 392 814 qui
429 750 517 796 sine
556 750 642 796 hac
668 750 802 811 gratia
841 749 884 795 in
920 749 1055 813 ipsius
1093 766 1244 795 massae
1283 749 1560 796 damnatione
1591 767 1693 797 mo-
1753 763 1756 785 ὲ

318 821 506 869 riantur.
1754 871 1756 879 ‚

383 892 463 939 XI.
493 891 539 937 Si
563 901 704 937 autem
734 892 782 937 hi
807 891 885 937 soli
912 902 1162 937 crearentur
1186 909 1233 938 ex
1254 891 1389 938 Adam
1413 929 1424 948 ‚
1459 892 1535 956 qui
1559 903 1698 939 essent

315 979 396 1025 per
418 962 599 1022 gratiam
630 961 872 1016 recreandi,
905 972 946 1007 et
976 973 1135 1025 praetor
1158 961 1256 1008 illos
1273 999 1284 1019 ,
1311 963 1387 1026 qui
1416 963 1462 1008 in
1487 963 1563 1010 Dei
1586 963 1698 1009 filios
1754 959 1755 966 ¹

317 1032 586 1096 adoptantur
604 1070 614 1088 ,
640 1032 744 1078 nulli
769 1032 839 1077 alii
859 1032 1057 1077 homines
1077 1043 1374 1088 nascerentur,
1403 1033 1552 1079 lateret
1569 1033 1696 1078 bene·
1751 1061 1754 1072 ·

319 1103 468 1149 ficium
490 1140 500 1159 ‚
529 1102 648 1166 quod
668 1102 905 1148 donaretur
934 1103 1153 1161 indignis3
1184 1103 1284 1165 quia
1312 1103 1439 1148 nullis
1470 1121 1517 1149 ex
1549 1103 1699 1149 eadem
1752 1162 1754 1165 ι

321 1173 565 1219 damnabili
586 1173 720 1236 stirpe
746 1173 1019 1220 venientibus
1045 1173 1244 1218 debitum
1265 1173 1532 1236 supplicium
1550 1172 1701 1219 redde·
1751 1193 1754 1230 j

319 1254 451 1291 retur.
488 1244 600 1290 Cum
627 1261 728 1290 vero
748 1243 895 1289 attulit
915 1243 958 1288 in
981 1243 1113 1289 multa
1140 1244 1349 1306 patientia
1371 1244 1576 1300 vasairae,
1600 1260 1701 1307 quae
1751 1236 1754 1242 ¹

318 1313 509 1379 perfecta
536 1325 635 1360 sunt
673 1314 716 1360 in
741 1313 1031 1377 perditionem
1059 1352 1067 1369 ,
1106 1330 1193 1358 non
1218 1313 1355 1359 solum
1382 1313 1568 1360 ostendit
1591 1313 1700 1360 iram

321 1396 362 1433 et
382 1385 694 1432 demonstravit
714 1384 954 1448 potentiam
984 1400 1103 1429 suam
1129 1383 1405 1429 redhibendo
1427 1384 1666 1431 vindictam
1685 1421 1696 1440 ,

323 1467 366 1503 et
384 1456 495 1502 bene
517 1455 679 1502 utendo
706 1472 793 1501 non
817 1455 943 1500 bonis
962 1487 973 1509 ,
997 1454 1071 1500 sed
1095 1456 1225 1500 etiam
1255 1465 1378 1500 notas
1405 1453 1507 1500 fecit
1526 1453 1701 1501 divitias
1749 1493 1752 1499 .

323 1527 473 1588 gloriae
490 1544 578 1573 suae
595 1527 640 1573 in
657 1544 757 1573 vasa
778 1525 1100 1572 misericordiae.
1125 1526 1189 1570 lta
1208 1525 1321 1570 enim
1340 1524 1450 1589 quid
1473 1535 1702 1588 praestetur

324 1599 409 1645 sibi
436 1599 565 1646 discit
589 1599 998 1659 gratisjustificatus
1019 1635 1029 1654 ,
1055 1597 1161 1643 dum
1185 1614 1273 1643 non
1295 1613 1375 1642 suo
1409 1597 1564 1643 merito
1583 1634 1593 1653 ‚
1627 1596 1702 1643 sed
1748 1627 1750 1643 ÷

325 1669 463 1730 gloria
497 1669 749 1730 largissimae
785 1669 865 1715 Dei
898 1667 1204 1714 misericordiae
1231 1667 1491 1713 discernitur
1527 1685 1548 1713 a
1572 1667 1702 1713 dam-

324 1750 447 1795 nato,
464 1757 566 1786 cum
587 1757 674 1803 quo
696 1739 846 1785 eadem
863 1739 1031 1798 Justitia
1056 1737 1199 1783 fuerat
1224 1748 1264 1782 et
1288 1737 1380 1800 ipse
1405 1737 1695 1783 damnandus.
1747 1777 1750 1789 ,

392 1811 494 1856 XII.
527 1811 635 1855 Tam
661 1810 825 1855 multos
859 1819 1002 1855 autem
1039 1807 1226 1854 creando
1257 1807 1374 1853 nasci
1399 1807 1566 1864 voluit,
1594 1824 1703 1872 quos
1746 1799 1750 1878 Ξ

330 1879 387 1926 ad
408 1896 528 1925 suam
558 1880 739 1939 gratiam
773 1896 860 1925 non
893 1879 1110 1942 pertinere
1135 1877 1383 1941 praescivit,
1423 1887 1471 1923 ut
1499 1877 1703 1924 multitu-

328 1950 430 1996 dine
462 1949 796 2012 incomparabili
833 1949 979 2012 plures
1014 1948 1099 1993 sint
1126 1947 1236 2003 illis,
1275 1963 1385 2011 quos
1408 1947 1453 1992 in
1482 1947 1549 1993 sui
1582 1948 1703 2008 regni
1746 1947 1750 1974 ³

327 2020 507 2080 gloriam
536 2019 648 2065 filios
671 2017 966 2083 promissionis
982 2018 1293 2081 praedestinare
1313 2017 1514 2077 dignatus
1535 2029 1626 2063 est:
1656 2029 1704 2064 ut
1745 2018 1750 2064 ζ

326 2090 454 2136 etiam
489 2092 581 2153 ipsa
608 2094 869 2149 rejectorum
904 2088 1185 2134 multitudine
1214 2086 1511 2133 ostenderetur
1531 2124 1542 2143 ‚
1569 2105 1703 2152 quam

329 2159 491 2205 nnllius
515 2160 725 2205 momenti
758 2159 812 2204 sit
837 2158 959 2222 apud
985 2159 1124 2204 Deum
1145 2161 1313 2217 Justum
1339 2157 1611 2221 quantalibet
1623 2175 1704 2204 nu-

326 2230 549 2275 merositas
565 2229 800 2288 justissime
823 2229 1146 2275 damnatorum.
1176 2230 1317 2291 Atque
1335 2239 1383 2273 ut
1408 2228 1514 2274 hinc
1529 2244 1704 2292 quoque
1745 2233 1749 2271 ἒ

324 2299 569 2359 intelligant
590 2300 731 2363 quiex
751 2300 843 2362 ipsa
862 2299 1140 2345 damnatione
1158 2298 1450 2354 redimuntur,
1473 2298 1560 2344 hoc
1575 2297 1705 2344 fuisse
1745 2319 1748 2323 >

327 2369 524 2415 debitum
553 2387 702 2415 massae
739 2369 802 2414 illi
841 2370 1051 2415 universae
1073 2406 1083 2425 ,
1113 2368 1232 2432 quod
1270 2379 1358 2414 tam
1395 2385 1565 2428 magnae
1589 2368 1704 2431 parti
1744 2387 1746 2389 ’

326 2444 417 2499 ejus
439 2438 657 2484 redditum
683 2450 934 2495 cernerent,
961 2457 1048 2484 non
1067 2439 1204 2484 solum
1224 2438 1269 2483 in
1291 2437 1349 2483 eis
1371 2474 1382 2493 ‚
1407 2438 1485 2502 qui
1505 2436 1704 2496 originali
1742 2454 1745 2480 1

324 2519 507 2573 peccato
538 2509 674 2555 multa
705 2509 874 2555 addunt
901 2510 1029 2555 malae
1053 2509 1287 2556 voluntatis
1307 2507 1507 2562 arbitrio,
1534 2523 1704 2554 verum-

329 2579 459 2627 etiam
482 2579 527 2626 in
560 2590 646 2626 tam
672 2579 821 2627 multis
841 2579 1061 2644 parvulis,
1098 2579 1176 2643 qui
1204 2577 1508 2627 tantummodo
1530 2576 1704 2627 vinculo
1742 2607 1744 2615 ι
