1769 3235
519 296 732 328 EPISTOLA
767 297 915 328 cxcvt.
1344 281 1405 328 83

37 366 167 414 etiam
189 364 281 428 ipse
303 362 516 409 Dominus
538 361 739 409 Christus
753 361 1008 408 dicittotam
1028 362 1185 421 Legem
1206 362 1410 426 Prophe-

39 447 189 499 tasque
212 432 452 498 pendere1,
477 432 493 495 )
524 432 584 478 sic
602 432 764 496 accipit
785 469 796 489 ,
825 433 884 478 sic
906 431 1183 495 amplectitur
1198 470 1209 489 ‚
1237 434 1297 480 sic
1320 435 1410 481 ob-

40 505 248 555 servanda
276 521 361 551 esse
387 520 475 550 non
499 503 703 559 dubitat,
729 514 777 549 ut
797 502 1016 567 quidquid
1044 502 1087 548 in
1116 503 1175 549 eis
1196 505 1375 566 proficit
1398 542 1410 562 ,

40 593 129 631 non
156 576 242 622 sibi
274 576 471 631 tribuat,
503 573 576 621 sed
604 574 753 635 gratiae
789 575 869 620 Dei
895 590 975 638 per
1008 574 1157 619 Jesum
1184 574 1414 621 Christum

43 646 282 699 Dominum
298 655 512 692 nostrum.

107 716 185 764 lx.
215 715 522 763 Verumtamen
541 731 643 761 cum
663 713 845 778 quisque
868 713 948 759 isto
976 713 1110 760 modo
1138 714 1267 760 fuerit
1292 731 1419 761 verus

44 803 358 850 germanusque
388 785 689 841 Christianus,
718 796 865 833 utrum
891 785 1021 831 etiam
1048 784 1231 830 Judaeus
1250 796 1325 832 aut
1353 786 1421 831 Is-

45 856 198 907 raelita
230 856 443 902 dicendus
466 856 543 913 sit,
581 856 733 902 merito
757 856 984 920 quaeritur.
1026 854 1160 911 Quod
1177 855 1355 918 quidem
1389 856 1424 901 si

44 943 134 979 non
157 942 312 982 carne,
340 925 412 972 secl
450 926 605 989 spiritu
639 926 725 972 hoc
749 943 835 972 esse
862 925 1144 985 intelligitur,
1176 943 1264 971 non
1296 926 1427 972 debet

46 997 189 1062 ipsum
215 1014 374 1043 nomen
405 997 488 1042 sibi
521 998 566 1043 in
600 997 913 1044 consuetudine
940 997 1147 1043 sermonis
1171 997 1395 1061 imponere
1415 1034 1426 1052 ‚

48 1068 122 1120 sed
156 1067 340 1131 spiritali
364 1067 648 1127 intelligentia
677 1069 887 1124 retinere,
925 1085 978 1115 ne
1002 1077 1184 1131 propter
1214 1067 1434 1128 ambigui-

49 1148 182 1185 tatem
204 1137 431 1192 vocabuli,
455 1155 587 1200 quam
615 1156 703 1184 non
731 1138 939 1185 discernit
959 1138 1214 1201 quotidiana
1235 1138 1401 1184 locutio
1419 1176 1430 1196 ,

49 1208 159 1255 illud
179 1208 377 1272 profiteri
396 1207 612 1265 videatur,
630 1209 750 1272 quod
765 1220 826 1254 est
849 1209 1077 1255 inimicum
1097 1209 1264 1254 nomini
1281 1209 1433 1255 Chris-

52 1279 184 1327 tiano.
233 1279 360 1327 Hanc
403 1289 547 1325 autem
590 1280 875 1343 quaestionem
894 1317 905 1336 ,
948 1279 994 1324 id
1030 1289 1093 1324 est
1116 1316 1125 1333 ,
1169 1289 1316 1325 utrum
1355 1280 1432 1344 qui

54 1349 330 1399 Christianus
350 1359 440 1405 est,
462 1349 591 1396 etiam
614 1351 637 1395 J
646 1350 796 1396 udaeus
819 1349 888 1396 vel
914 1349 1113 1394 Israelita
1142 1350 1277 1412 possit
1301 1350 1430 1396 intel-

53 1419 151 1480 ligi,
177 1418 293 1465 idem
316 1419 468 1465 beatus
488 1421 613 1466 nobis
632 1421 771 1484 aperit
794 1431 837 1466 et
863 1419 1063 1466 dissolvit
1083 1419 1331 1483 ApostOIUS‚
1357 1421 1435 1467 ubi

55 1489 161 1536 dicit
175 1526 186 1545 ‚
207 1511 229 1534 s<
245 1489 535 1536 Circumcisio
551 1490 729 1554 quidem
752 1490 952 1569 prodest,
970 1490 1003 1535 si
1022 1491 1178 1568 Legem
1196 1490 1428 1539 custodias,

57 1581 78 1604 2>
101 1560 146 1606 Si
164 1571 305 1607 autem
328 1561 635 1623 praevaricator
657 1564 692 1608 Ι
697 1562 782 1622 egis
802 1562 888 1615 sis,
915 1561 1192 1607 circumcisio
1210 1572 1282 1608 tua
1312 1580 1434 1626 prae-

58 1652 79 1676 ι)
105 1631 277 1696 putium
303 1630 416 1676 facta
439 1641 515 1678 est.
557 1632 602 1677 Si
634 1632 768 1692 igitur
799 1631 1071 1695 praeputium
1097 1632 1284 1691 Justitias
1311 1634 1435 1694 Legis

61 1700 337 1757 »custodiat,
372 1717 516 1747 nonne
553 1702 823 1765 praeputium
856 1706 948 1762 eJ'us
980 1702 1026 1747 in
1057 1701 1434 1750 circumcisionem

62 1793 83 1815 >2
102 1771 403 1835 reputabitur.
429 1771 732 1831 etjUdicabit‚
758 1772 876 1835 quod
896 1790 943 1817 ex
965 1783 1119 1817 natura
1146 1783 1208 1818 est
1222 1791 1435 1838 spraepu-

63 1843 209 1888 »tium
235 1843 390 1902 Legem
417 1843 666 1905 perficiens,
690 1854 730 1888 te
752 1844 829 1907 qui
853 1860 931 1906 per
959 1842 1145 1888 litteram
1179 1855 1220 1889 et
1251 1847 1438 1893 circum·

61 1933 82 1956 ι)
105 1913 310 1959 cisionem
334 1913 647 1975 praevaricator
669 1913 772 1973 legis
795 1916 866 1959 es?
891 1914 988 1958 ‘Non
1013 1914 1125 1958 enim
1160 1916 1235 1978 qui
1265 1916 1310 1962 in
1345 1935 1437 1964 ma-

62 2006 83 2028 »
101 1984 256 2033 nifesto
286 1983 465 2029 Judaeus
489 1995 576 2040 est,
614 2002 753 2048 neque
780 2002 880 2049 quae
904 1985 950 2030 in
974 1985 1198 2031 manifesto
1230 1987 1275 2032 in
1307 2006 1438 2037 carne

64 2078 86 2101 >2
109 2066 169 2104 est
195 2054 470 2101 circumcisio
485 2092 495 2111 ,
517 2055 589 2101 sed
613 2056 688 2119 qui
714 2057 759 2101 in
795 2055 1055 2102 abscondito
1078 2057 1258 2104 Judaeus
1281 2071 1369 2118 est,
1397 2073 1439 2108 et

66 2125 382 2175 »circumcisio
407 2125 550 2172 cordis
566 2164 576 2183 ,
604 2143 705 2190 quae
739 2127 895 2190 spiritu
918 2138 980 2173 est
1012 2145 1098 2173 non
1123 2127 1288 2188 littera,
1316 2136 1441 2192 cnjus

67 2220 89 2245 ι)
109 2197 203 2246 laus
220 2214 310 2242 non
327 2213 376 2242 ex
394 2197 649 2244 hominibus
665 2235 675 2254 ,
697 2198 769 2243 secl
793 2216 839 2243 ex
865 2200 956 2244 Deo
982 2199 1086 2244 est2.
1119 2221 1137 2240 >2
1169 2201 1282 2247 Cum
1309 2202 1443 2263 igitur

8 2303 11 2341 ὲ
70 2268 295 2317 audiamus
359 2267 619 2330 Apostolum
674 2269 840 2314 Christi
895 2269 1273 2317 commendantem
1315 2275 1444 2321 nobis

70 2339 276 2387 Judaeum
304 2338 350 2383 in
379 2338 639 2384 abscondito
659 2376 669 2393 ,
705 2355 794 2384 non
819 2341 962 2385 carnis
983 2340 1315 2390 circumcisione
1334 2380 1344 2399 ‚
1370 2345 1444 2392 sed

10 2409 14 2474 ἦ
71 2410 213 2458 cordis
230 2446 242 2465 ,
278 2420 319 2456 et
355 2409 514 2473 spiritu
542 2426 630 2456 non
664 2408 807 2455 littera
826 2447 838 2466 ,
866 2411 962 2474 quis
986 2421 1027 2456 et
1049 2410 1156 2466 iste3
1182 2413 1265 2460 nisi
1288 2415 1444 2463 Chris-

76 2482 218 2529 tianus
237 2484 257 2528 P

138 2553 196 2602 X.
222 2552 294 2601 Sic
317 2551 463 2615 itaq-ue
489 2568 636 2599 sumus
661 2552 802 2600 Judaei
823 2589 833 2609 ,
868 2568 953 2599 non
980 2552 1210 2600 carnaliter
1236 2554 1309 2601 sed
1327 2557 1453 2622 spiri-

128 2636 139 2660 ¹
157 2635 274 2670 Matth.
290 2646 374 2676 κω,
390 2640 446 2672 40.
462 2653 508 2661 -
521 2634 537 2660 2
553 2639 647 2671 Rom.
661 2647 699 2680 n,
722 2637 778 2669 25.

1282 2697 1324 2741 ὅ.
