1769 3235
286 291 377 356 472
711 310 745 340 s.
789 308 1032 341 mensum
1070 309 1273 342 EPlscoPJ

289 371 405 418 libro
420 373 495 437 qui
518 373 774 421 inscribitur
794 376 854 420 de
875 377 1050 438 sz'rltu
1071 388 1114 421 et
1130 379 1300 423 Ls'ttera
1320 395 1330 422 :
1356 378 1554 442 quamvis
1574 395 1658 425 non

288 443 343 489 sit
363 455 404 490 et
422 445 500 492 iste
522 463 666 492 sensus
684 445 963 510 respuendus.

354 517 412 565 ΙΙ.
446 519 553 563 Item
575 517 679 574 dixi,
712 524 830 564 Duce
845 530 955 564 sant
970 524 1095 565 enim
1122 537 1336 582 personae
1367 525 1415 566 in
1443 521 1664 584 religione

285 588 565 636 laudabiles.
616 594 720 636 Una
757 609 913 636 eorum
949 597 1032 655 qni
1059 595 1171 653 jam
1209 594 1497 648 invenerunt,
1544 609 1664 656 quos

289 666 435 707 eliam
460 661 752 709 beatissimos
765 662 983 726 judicari
1011 680 1198 708 necesse
1238 674 1331 708 est:
1375 664 1473 709 alia
1507 681 1662 709 eorum

285 736 370 794 qni
385 733 728 778 sticclzbszls.9z‘tne
749 744 796 778 et
819 734 1068 778 rectissime
1089 737 1309 796 inquiram
1318 745 1346 778 t.
1378 736 1534 779 Primi
1554 751 1661 797 ergo

280 813 391 847 sunt
410 802 520 864 jam
547 808 594 848 z'tz
619 808 721 866 ipsa
739 805 1068 866 possessz'olze;
1093 804 1230 849 alteri
1263 808 1310 848 ιἸι
1337 806 1410 849 via
1426 842 1437 860 ,
1469 822 1564 867 qua
1591 815 1667 849 ta·

287 890 397 918 men
433 879 685 919 certissime
713 879 998 936 pervenitur.
1024 875 1075 920 In
1102 874 1170 919 his
1195 874 1336 920 verbis
1380 874 1513 930 meis,
1540 874 1572 920 si
1606 873 1669 920 illi

290 943 366 1006 qui
396 947 487 1002 jam
519 944 796 998 invenerunt,
835 960 943 1007 quos
968 944 1012 989 in
1049 944 1141 1007 ipsa
1171 945 1435 1006 possessione
1470 961 1556 990 esse
1576 948 1666 1004 jam

292 1012 494 1069 diximus,
516 1014 575 1058 sic
589 1014 862 1077 accipiantur
876 1014 1130 1071 beatissimi,
1149 1024 1196 1059 ut
1212 1031 1299 1060 non
1314 1014 1357 1060 in
1373 1015 1458 1061 hac
1473 1014 1576 1069 vita,
1594 1013 1667 1060 sed

288 1082 334 1128 in
357 1100 406 1128 ea
429 1100 559 1146 quam
579 1101 803 1146 speramus
828 1095 870 1129 et
894 1084 948 1130 ad
976 1102 1108 1148 quam
1138 1102 1217 1148 per
1240 1085 1340 1131 fidei
1365 1085 1478 1132 viam
1524 1084 1670 1130 tendi-

292 1171 388 1199 mus
412 1155 519 1211 sint,
547 1173 634 1201 non
671 1156 805 1202 habet
834 1157 911 1203 iste
946 1174 1091 1203 sensus
1113 1173 1300 1202 errorem
1326 1157 1435 1221 :ipsi
1460 1157 1573 1202 enim
1593 1160 1671 1216 ju-

291 1223 470 1271 dicandi
508 1237 608 1272 sunt
631 1226 751 1290 quod
786 1227 1072 1291 quaerendum
1115 1238 1178 1273 est
1217 1227 1446 1283 invenisse,
1474 1227 1549 1290 qui
1579 1231 1671 1287 jam

290 1295 354 1340 ibi
380 1307 480 1342 sunt
507 1313 595 1358 quo
617 1314 693 1343 nos
721 1298 959 1361 quaerendo
985 1309 1026 1343 et
1051 1297 1287 1353 credendo,
1305 1297 1349 1343 id
1370 1309 1450 1354 est,
1478 1298 1593 1343 viam
1618 1298 1674 1342 fi-

296 1365 365 1411 dei
384 1367 571 1413 tenendo
593 1368 797 1432 cupimus
821 1368 1059 1432 pervenire.
1083 1368 1128 1413 Si
1154 1379 1296 1414 autem
1311 1368 1357 1413 in
1378 1368 1463 1413 hac
1483 1368 1568 1413 vita
1587 1384 1674 1431 pu-

296 1447 446 1482 tantur
463 1438 532 1483 isti
558 1455 645 1484 esse
661 1439 726 1484 vel
740 1439 884 1495 fuisse,
904 1439 948 1485 id
967 1456 1116 1485 verum
1137 1456 1222 1484 esse
1239 1456 1326 1484 non
1344 1438 1453 1484 mihi
1475 1438 1671 1484 videtur:

295 1525 384 1553 non
419 1509 521 1571 quia
544 1509 587 1554 in
614 1509 699 1555 hac
737 1510 824 1555 vita
852 1510 964 1555 nihil
987 1510 1076 1555 veri
1102 1510 1281 1555 omnino
1308 1509 1492 1554 inveniri
1536 1519 1676 1572 potest

295 1578 413 1641 quod
440 1590 581 1625 mente
597 1592 816 1635 cernatur,
845 1598 932 1626 non
965 1580 1050 1626 fide
1091 1580 1297 1626 credatur
1320 1598 1331 1625 ε
1360 1579 1432 1625 sed
1456 1580 1557 1644 quia
1579 1591 1677 1625 tan-

299 1659 393 1694 tum
431 1660 493 1695 est
521 1650 742 1714 quidquid
763 1662 841 1706 est,
871 1662 918 1697 ut
951 1669 1039 1697 non
1066 1652 1196 1697 faciat
1214 1651 1495 1699 beatissimos.
1529 1652 1678 1714 Neque

298 1719 412 1764 enim
438 1720 557 1784 quod
580 1721 638 1766 ait
659 1722 892 1786 Apostolus
919 1741 929 1768 ι
953 1722 1196 1768 «Videmus
1224 1738 1342 1767 nunc
1359 1739 1436 1785 per
1450 1721 1677 1785 speculum

300 1811 320 1830 ›>
340 1790 385 1834 in
408 1791 635 1850 aenigmate
654 1812 665 1845 3
689 1814 709 1833 ›>
730 1804 789 1844 et,
817 1815 836 1834 «
859 1794 987 1839 Nunc
1008 1793 1097 1838 scio
1113 1810 1160 1838 ex
1181 1803 1322 1856 parte,
1342 1814 1361 1834 »
1381 1793 1469 1838 nOn
1486 1792 1680 1837 cernitur

298 1871 473 1906 mente:
515 1863 709 1909 cernitur
741 1864 890 1927 plane,
919 1864 992 1910 sed
1015 1864 1285 1910 beatissimos
1314 1863 1509 1909 nondum
1558 1862 1677 1909 facit.

298 1930 416 1976 lllud
437 1933 552 1977 enim
574 1933 842 1981 beatissimos
866 1935 968 1981 facit
991 1934 1112 1999 quod
1143 1936 1202 1981 ait
1224 1953 1234 1980 ε
1266 1957 1286 1976 κ
1308 1936 1435 1980 Tunc
1457 1945 1595 1980 autem
1616 1933 1680 1979 fa-

303 2022 325 2044 »
349 2002 413 2047 cie
435 2001 488 2047 ad
505 2002 680 2060 faciem,
703 2027 723 2047 ))
744 2017 785 2050 et
805 2044 814 2061 ‚
839 2028 857 2046 «
882 2006 1008 2051 Tunc
1029 2022 1306 2066 cognoscam,
1338 2006 1450 2051 sicut
1466 2016 1507 2050 et
1527 2005 1679 2065 cogni-

305 2093 326 2114 »
350 2083 419 2118 tus
438 2073 577 2119 sumst.
603 2096 624 2116 »
641 2076 761 2132 Quid
782 2076 867 2122 hoc
891 2077 1168 2132 invenerunt,
1190 2077 1267 2140 qui
1287 2076 1370 2140 ipsi
1391 2075 1566 2121 dicendi
1581 2085 1679 2121 sunt

302 2142 348 2188 in
370 2143 652 2191 beatitudinis
675 2148 940 2209 possessione
962 2146 1194 2192 consistere
1211 2184 1221 2201 ,
1250 2146 1304 2192 ad
1325 2163 1457 2210 quam
1476 2145 1600 2191 ducit
1614 2146 1681 2192 via

301 2213 402 2259 fidei
420 2232 553 2278 quam
572 2226 782 2269 tenemus,
800 2229 841 2263 et
862 2235 950 2281 quo
971 2217 1189 2264 credendo
1211 2218 1416 2281 cupimus
1435 2217 1674 2280 pervenire.

302 2283 387 2329 Sed
412 2285 591 2347 quinam
618 2287 704 2332 sint
732 2287 797 2333 illi
818 2288 1068 2344 beatissimi,
1093 2289 1167 2351 qui
1189 2292 1280 2348 jam
1306 2299 1407 2334 sunt
1435 2288 1481 2333 in
1501 2305 1550 2333 ea
1572 2305 1680 2351 pos-

303 2354 485 2400 sessione
505 2373 593 2419 quo
612 2357 848 2404 ducithaec
868 2359 952 2414 via,
977 2376 1131 2419 magna
1149 2359 1333 2422 quaestio
1353 2370 1428 2405 est.
1452 2359 1506 2403 Et
1531 2359 1681 2418 Angeli

304 2423 481 2487 quidem
511 2427 648 2473 sancti
675 2428 792 2491 quod
828 2429 892 2475 ibi
930 2429 1033 2485 sint,
1065 2429 1186 2475 nulla
1219 2429 1402 2493 quaestio
1420 2439 1513 2474 est:
1542 2429 1613 2475 sed
1629 2429 1683 2475 de

305 2495 465 2541 sanctis
486 2495 742 2545 hominibus
769 2502 862 2559 jam
894 2499 1112 2546 defunctis
1128 2538 1139 2557 ,
1168 2511 1313 2546 utrum
1337 2500 1422 2563 ipsi
1444 2499 1591 2545 saltem
1611 2499 1683 2545 di-

302 2565 429 2612 cendi
448 2567 532 2613 sint
558 2572 648 2627 jam
671 2570 715 2616 in
746 2571 818 2617 illa
846 2571 1108 2635 possessione
1131 2571 1361 2619 consistere
1384 2571 1535 2619 merito
1555 2587 1682 2634 quae-

352 2651 359 2670 ¹
387 2650 591 2689 1Cor.x11.,
609 2663 642 2685 2.

1729 170 1733 214 ἴ

1730 220 1733 234 i

1732 253 1736 311 ἰ

1733 323 1739 359 ι

1734 367 1740 448 ³:

1737 459 1741 476 Ι

1737 489 1742 534 ἶ
