1769 3235
531 313 743 346 EPlSTOLA
779 317 921 348 ccmx.
1332 301 1418 366 391

45 402 66 424 ›>
91 382 287 428 membra
304 379 604 427 meretricis1?
625 403 644 422 ›>
664 381 710 426 Si
733 382 1064 446 qualiscumque
1079 381 1274 447 episcopi
1301 381 1430 428 amici

46 452 110 497 tui
127 453 258 498 verba
284 453 448 515 spernis
471 450 513 496 in
540 450 670 496 corde
696 461 796 506 tuo,
820 469 980 515 corpus
997 453 1175 498 Domini
1202 453 1264 497 tui
1284 451 1429 512 cogita

46 523 92 568 in
112 540 296 588 corpore
322 534 410 569 tuo.
440 522 664 567 Postremo
685 522 908 585 quomodo
930 522 983 567 de
1004 522 1073 568 die
1096 522 1142 570 in
1168 522 1281 567 diem
1303 521 1431 568 diffe-

46 593 182 638 rendo
205 610 360 656 peccas
378 631 388 649 ,
409 609 510 638 cum
535 602 770 637 extremum
795 591 909 637 diem
932 603 1056 638 tuum
1077 592 1266 643 nescias?

114 663 188 710 IV.
225 663 354 709 Nunc
385 662 588 726 probabo
608 679 714 726 quas
746 673 792 707 tu
818 663 871 707 ab
897 679 970 708 ore
994 673 1140 708 nostro
1160 662 1309 708 laudes
1338 661 1432 726 Cy-

48 733 216 797 prianae
256 733 485 780 desideres.
531 734 657 779 Certe
693 733 726 784 si
759 732 906 779 adhuc
944 733 988 778 in
1023 733 1172 778 schola
1205 733 1430 778 rhetorum

51 804 185 850 verba
206 803 433 866 discipulis
452 803 679 848 venderem
700 841 710 859 ‚
734 803 856 866 prius
874 803 928 848 ab
949 803 1006 849 eis
1027 802 1270 848 mercedem
1286 819 1436 852 sume-

50 890 158 919 rem.
181 873 377 918 Vendere
394 873 473 918 tibi
493 873 591 918 volo
611 873 781 919 laudem
799 873 1096 937 pudicissimae
1116 872 1311 932 conjugis
1331 882 1432 927 tuae,

51 943 173 1007 prius
187 942 298 988 mihi
314 943 555 989 mercedem
579 944 634 989 da
653 981 662 999 ‚
683 943 942 1007 pudicitiam
958 954 1091 990 tuam.
1116 945 1204 999 Da,
1224 943 1402 1005 inquam
1421 978 1432 998 ‚

53 1024 95 1059 et
123 1013 290 1076 accipe.
330 1014 586 1059 Humanum
623 1014 722 1059 dico
748 1024 930 1077 propter
957 1014 1257 1059 infirmitatem
1282 1024 1432 1066 tuam3

53 1094 163 1148 puto
187 1083 306 1146 quod
331 1101 418 1129 uon
439 1084 493 1129 sit
518 1084 636 1147 apud
658 1095 697 1130 te
718 1085 850 1145 digna
874 1085 1095 1148 Cypriani]
1115 1122 1124 1140 ‚
1147 1087 1271 1144 cujus
1292 1081 1436 1128 laudi-

56 1156 138 1200 bus
157 1154 384 1217 anteponis
400 1172 590 1199 amorem
612 1155 962 1200 concubinarum
983 1165 1156 1201 tuarum
1182 1172 1192 1199 ε
1220 1151 1339 1217 quod
1357 1151 1442 1198 uti-

55 1241 140 1288 que
163 1223 315 1280 facies,
358 1225 391 1269 si
427 1242 681 1287 permanere
711 1225 755 1270 in
787 1225 862 1270 illo
886 1242 1052 1281 amore,
1081 1241 1213 1288 quam
1250 1222 1304 1269 ad
1339 1223 1440 1269 istas

55 1293 204 1340 laudes
222 1295 451 1357 pervenire
471 1295 689 1341 malueris.
718 1295 838 1352 Quid
864 1295 976 1340 mihi
991 1295 1054 1340 vis
1075 1305 1326 1358 extorquere
1345 1310 1445 1356 pos-

58 1365 196 1411 cendo
213 1403 223 1417 ,
248 1382 348 1410 cum
380 1383 464 1429 pro
486 1377 527 1411 te
546 1366 692 1411 videas
715 1383 800 1412 esse
820 1366 939 1428 quod
959 1369 1120 1429 posco‘.3
1145 1364 1265 1421 Quid
1286 1381 1444 1427 preca-

58 1436 116 1481 ris
150 1436 400 1495 subjectus,
438 1437 555 1499 quod
594 1447 716 1499 potes
739 1437 895 1496 jubere
932 1438 1182 1482 correctus?
1218 1436 1446 1480 Mittamus

62 1524 241 1552 munera
266 1508 476 1570 spiritalia
502 1508 678 1568 conjugi
703 1519 813 1563 tuae,
837 1519 885 1554 tu
907 1508 1192 1553 imitationem
1212 1544 1222 1562 ‚
1246 1523 1323 1566 ego
1344 1505 1445 1550 lau-

0 1612 1 1650 ¹
62 1578 176 1623 dem.
205 1578 472 1641 Quanquam
489 1616 499 1633 ‚
522 1579 633 1623 sicut
648 1595 778 1641 supra
793 1579 880 1624 dixi
895 1617 905 1635 ,
928 1578 1099 1624 laudem
1117 1578 1171 1623 ab
1189 1576 1447 1622 hominibus

0 1655 1 1683 l
57 1652 149 1708 jam
186 1647 259 1693 illa
296 1665 384 1693 non
421 1659 620 1711 quaerat3
663 1649 951 1700 imitationem
981 1665 1084 1699 vero
1124 1658 1244 1693 tuam
1274 1657 1447 1692 tantum

61 1719 222 1782 quaerit
245 1719 372 1764 etiam
408 1719 616 1766 defuncta
634 1757 643 1775 ‚
675 1732 892 1783 quantum
921 1731 961 1766 te
986 1720 1133 1766 dilexit
1163 1719 1291 1764 etiam
1316 1717 1448 1763 dissi-

65 1789 208 1834 milem
230 1789 343 1839 viva.
376 1791 547 1836 Faciam
562 1789 616 1835 de
632 1790 705 1836 illa
723 1791 843 1854 quod
862 1792 925 1837 vis
939 1828 950 1848 ,
978 1808 1079 1837 cum
1097 1800 1143 1836 tu
1161 1789 1312 1835 feceris
1328 1786 1450 1852 quod

65 1870 107 1905 et
125 1876 202 1918 ego
228 1860 327 1905 volo
352 1870 394 1905 et
419 1859 508 1907 illa.

132 1930 184 1976 V.
217 1930 262 1975 Si
285 1931 399 1975 enim
423 1931 541 1976 dives
562 1932 634 1977 ille
659 1932 874 1995 superbus
899 1942 1029 1994 atque
1055 1930 1243 1994 impius,
1271 1928 1384 1974 sicut
1405 1927 1452 1973 in

68 2001 303 2061 Evangelio
326 2001 539 2047 Dominus
563 2002 782 2066 loquitur‚
804 2003 882 2066 qui
899 2002 1168 2048 induebatur
1189 2015 1390 2064 purpura
1411 2009 1453 2044 et

68 2073 215 2136 bysso,
243 2083 285 2117 ot
302 2072 566 2135 epulabatur
593 2073 792 2136 quotidie
816 2071 1083 2137 splendide1‚
1108 2089 1210 2118 cum
1233 2070 1453 2116 malorum

70 2144 323 2189 meritorum
349 2159 503 2206 poenas
535 2145 655 2208 apud
685 2143 844 2191 inferos
870 2145 1035 2200 lueret,
1072 2159 1212 2206 neque
1237 2141 1291 2188 de
1316 2141 1453 2200 digito

71 2214 313 2277 contempti
328 2224 425 2259 ante
439 2217 616 2273 januam
638 2233 757 2261 suam
778 2216 984 2279 pauperis
1002 2231 1125 2277 aquae
1142 2213 1300 2259 stillam
1319 2211 1458 2274 impe-

73 2295 187 2335 trare
215 2283 445 2340 valuisset,
484 2285 735 2332 recordatus
768 2297 830 2332 est
859 2286 1055 2349 quinque-
1080 2284 1232 2335 fratres
1262 2299 1385 2337 sumi,
1417 2292 1459 2327 et

73 2356 242 2416 rogavit
266 2355 319 2401 ad
343 2372 413 2402 eos
436 2356 637 2403 eumdem
661 2374 902 2421 pauperem
928 2357 1041 2403 mitti
1061 2393 1071 2412 ‚
1105 2360 1231 2416 cujus
1262 2353 1457 2417 requiem

75 2429 121 2478 in
144 2428 242 2473 sinu
276 2427 467 2474 Abrahae
490 2428 617 2489 longe
651 2430 981 2493 prospiciebat,
1010 2446 1063 2474 ne
1094 2439 1137 2474 et
1158 2427 1243 2492 ipsi
1264 2426 1462 2472 venirent

76 2499 121 2544 in
143 2498 267 2544 illum
292 2497 439 2543 locum
460 2509 777 2550 tormentorum
799 2517 810 2545 ε
836 2510 1001 2563 quanto
1032 2498 1167 2559 magis
1200 2509 1274 2549 tua
1301 2499 1459 2555 conjux

78 2581 117 2616 te
135 2569 421 2615 recordatur?
448 2580 613 2632 quanto
635 2572 772 2631 magis
797 2581 837 2617 te
862 2581 979 2617 casta
1001 2587 1091 2616 non
1114 2568 1211 2615 vult
1230 2567 1283 2615 ad
1303 2582 1460 2631 poenas

79 2655 102 2698 ξ
128 2655 138 2676 ¹
163 2664 176 2684 1
195 2655 270 2687 Cor.
288 2664 337 2696 vr,
354 2653 408 2687 15.
428 2669 474 2675 —
491 2650 594 2688 2Luc.
614 2664 680 2695 ΧΠ,
702 2665 754 2696 19.
907 2651 912 2655 '
