1769 3235
467 291 681 322 namon
717 292 894 324 cchttt.
1297 281 1389 329 355

84 364 165 414 ΙΙΙ.
200 363 351 425 ltaque
389 371 430 405 et
458 369 658 422 sumptus
698 359 751 411 ad
792 371 952 407 turrem
989 362 1323 420 aedificandam,
1350 375 1392 410 et

18 432 276 482 bellantium
295 429 481 480 valentia
504 428 652 474 decem
684 429 868 480 millium
892 432 1094 478 adversus
1115 451 1255 494 regem
1276 472 1286 490 ‚
1316 435 1393 498 qui

18 504 167 564 viginti
200 504 362 555 habet,
401 500 515 546 nihil
543 511 605 545 est
630 500 750 546 aliud
779 518 912 563 quam
941 514 987 548 ut
1017 505 1234 551 renuntiet
1256 522 1394 551 unus-

19 573 203 637 quisque
219 572 444 626 omnibus,
478 587 579 633 quae
611 580 712 616 sunt
734 574 838 631 ejus.
869 572 1135 620 Praelooutio
1156 585 1298 621 autem
1319 593 1397 621 su-

19 644 166 707 perior
194 661 295 690 cum
320 652 505 689 extrema
533 640 812 686 conclusione
845 643 1098 694 concordat.
1136 646 1188 690 In
1216 662 1266 691 eo
1284 646 1398 691 enim

22 713 140 778 quod
177 713 471 776 unusquisque
502 711 722 757 renuntiat
757 712 960 761 omnibus
979 749 989 768 ‚
1027 730 1128 776 quae
1152 726 1254 765 sunt
1276 721 1368 775 eJ'us
1386 753 1396 771 ‚

23 785 151 835 etiam
166 783 274 831 illud
290 784 553 838 continetur,
570 781 770 830 utoderit
789 793 957 845 patrem
976 800 1120 840 suum,
1142 795 1184 830 et
1197 797 1401 842 matrem,

25 866 68 906 et
88 872 278 911 uxorem,
292 864 333 900 et
353 854 481 910 filios,
497 865 538 899 et
552 852 720 909 fratreS,
740 864 780 898 et
799 870 980 910 sororae,
997 854 1145 900 adhue
1154 865 1196 900 et
1209 856 1399 901 animam

27 942 160 975 suam.
194 925 354 972 Omnia
375 924 490 970 enim
514 923 613 969 haec
637 923 818 986 propria
837 927 927 982 ejus
945 935 1068 980 eunt,
1088 941 1187 988 quae
1209 925 1404 988 plerum-

21 1013 105 1060 quo
128 995 357 1058 implicant
377 1006 418 1041 et
436 994 684 1057 impediunt
707 994 761 1039 ad
782 994 1019 1044 obtinenda
1039 1033 1049 1051 ‚
1078 1012 1168 1041 non
1186 996 1267 1042 ista
1294 1013 1406 1060 pro-

21 1067 116 1130 pria
141 1066 436 1129 temporaliter
463 1065 725 1117 transitura,
762 1064 836 1111 sed
870 1065 914 1110 in
957 1077 1168 1113 aeternum
1204 1084 1409 1114 mansura

22 1138 284 1187 communia.
331 1138 430 1193 Quo
464 1136 578 1182 enim
619 1136 701 1181 tibi
727 1152 846 1182 nunc
866 1137 1071 1198 quaedam
1091 1137 1246 1184 mulier
1269 1149 1408 1185 mater

22 1222 110 1263 est,
149 1207 236 1252 hoc
265 1206 360 1270 ipso
389 1207 540 1269 utique
564 1222 653 1252 non
676 1217 737 1251 est
776 1216 817 1250 et
855 1205 979 1252 mihi.
1007 1208 1289 1272 Quapropter
1314 1210 1401 1256 hoc

22 1277 261 1340 temporale
295 1293 344 1322 ac
373 1276 671 1327 transitorium
691 1287 753 1322 est
777 1294 787 1321 ι
811 1276 924 1328 sicut
947 1278 1146 1323 transisse
1165 1280 1257 1340 jam
1289 1280 1411 1326 vides

22 1347 142 1411 quod
173 1358 214 1395 te
252 1347 484 1410 concepit,
516 1346 636 1409 quod
667 1347 847 1406 gestavit
871 1357 993 1392 utero
1011 1384 1020 1395 .
1057 1348 1176 1410 quod
1202 1350 1403 1414 peperit,

24 1418 141 1482 quod
163 1417 276 1467 lacte
295 1418 492 1466 nutrivit.
520 1416 652 1473 Quod
678 1428 822 1463 autem
852 1434 972 1462 soror
991 1417 1036 1462 in
1058 1415 1236 1464 Christo
1254 1431 1316 1465 est
1335 1458 1344 1476 ‚
1369 1432 1412 1466 et

26 1490 109 1541 tibi
126 1500 188 1537 est
211 1499 254 1537 et
275 1488 386 1537 mihi
406 1523 417 1545 ⁷
438 1499 479 1534 et
499 1487 704 1539 omnibus
729 1487 892 1550 quibus
915 1504 1000 1533 una
1022 1488 1208 1536 coelestis
1225 1489 1414 1541 haeredi<

24 1571 111 1615 tas,
140 1570 182 1605 et
198 1569 323 1622 pater
352 1560 492 1614 Deus,
519 1568 561 1605 et
593 1557 726 1604 frater
752 1558 980 1614 Christus,
1014 1559 1058 1604 in
1085 1559 1235 1605 eadem
1255 1561 1408 1607 chari—

21 1631 122 1683 tatis
147 1631 350 1678 societate
375 1629 662 1693 promittitur.
695 1629 803 1674 Haec
827 1639 990 1676 aeterna
1013 1641 1145 1683 sunt3
1171 1631 1269 1677 haee
1287 1633 1407 1684 nulla

22 1701 230 1763 temporis
270 1700 371 1751 labe
408 1699 695 1752 deteruntur3
726 1700 822 1745 haec-
857 1710 979 1745 tanto
1015 1702 1068 1747 {11
1073 1717 1184 1746 intus
1221 1703 1407 1748 tenendi

22 1781 269 1834 sperantur,
300 1781 465 1834 quanto
500 1770 643 1820 minus
672 1770 868 1832 privato,
904 1769 977 1815 sed
1005 1771 1229 1821 communi
1259 1774 1405 1835 potius

15 1846 114 1902 jure
138 1841 377 1892 obtinenda
401 1840 718 1904 praedieantur.

86 1913 161 1959 lv.
193 1914 322 1964 Potes
350 1912 436 1961 hoc
465 1910 672 1956 facillime
691 1911 736 1958 in
754 1910 848 1973 ipsa
873 1921 946 1956 tua
973 1922 1109 1964 matre
1126 1929 1396 1973 cognoscere.

21 1984 132 2035 Nam
161 1982 276 2029 unde
301 1994 341 2027 te
373 1999 493 2032 nunc
528 1982 744 2029 irretitum
785 1981 996 2036 involvit,
1038 1993 1080 2028 et
1118 1983 1172 2029 ab
1200 1984 1400 2031 instituto

21 2070 149 2105 cursu
176 2052 443 2103 retardatum
468 2051 650 2101 reflectit
671 2062 712 2097 et
731 2061 909 2106 curvat,
931 2052 1011 2097 nisi
1032 2069 1083 2097 ex
1100 2070 1186 2114 quo
1208 2064 1280 2099 tua
1298 2073 1398 2117 pro-

19 2125 116 2187 pria
142 2134 277 2175 mater
300 2126 391 2171 est?
427 2124 537 2168 Nam
561 2139 606 2167 ex
643 2139 731 2184 quo
756 2139 876 2168 soror
899 2133 958 2168 est
985 2124 1207 2171 omnium
1237 2126 1399 2187 quihus

21 2205 81 2246 est
114 2205 236 2257 pater
270 2195 385 2243 Deus
407 2204 449 2238 et
474 2203 613 2242 mater
635 2192 854 2242 Ecclesia
884 2203 968 2238 tam
1002 2204 1042 2238 te
1070 2211 1156 2244 non
1180 2194 1395 2257 impedit,

21 2280 151 2326 quam
182 2279 322 2339 neque
346 2280 443 2318 me,
471 2278 611 2324 neque
637 2278 784 2311 omnes
810 2261 963 2311 fratres
989 2273 1185 2318 nostr05‚
1205 2265 1284 2326 qui
1305 2282 1397 2312 eam

21 2350 106 2378 non
143 2333 346 2396 privata,
378 2300 490 2383 sic’ut
526 2343 574 2382 tu
608 2332 653 2382 in
688 2332 821 2382 domo
857 2343 1020 2384 vestra.
1051 2332 1123 2379 sed
1151 2333 1400 2395 publicam

21 2403 151 2458 domo
180 2404 256 2455 Dei
290 2403 507 2454 charitate
532 2402 768 2462 diligimus.
807 2402 936 2458 Quod
974 2419 1074 2461 ergo
1111 2414 1155 2450 tu
1177 2403 1241 2449 illi
1269 2406 1398 2452 etiam

21 2473 182 2529 carnali
211 2474 526 2526 necessitudine
547 2476 786 2525 annecteris
802 2510 812 2528 ,
837 2474 890 2519 ad
922 2483 1079 2520 sortem
1106 2473 1246 2521 valere
1270 2476 1400 2524 debet

22 2544 276 2597 familiarius
301 2543 582 2607 colloquendi
608 2581 618 2600 ‚
657 2555 699 2590 et
722 2543 936 2607 apertiore
954 2545 1091 2602 janua
1117 2545 1400 2605 consulendi,

24 2626 72 2660 ut
92 2615 180 2661 hoc
204 2615 347 2678 ipsum
373 2653 383 2672 ‚
421 2632 509 2679 quo
536 2626 574 2665 te
599 2616 805 2678 privatim
830 2613 974 2673 diligit
995 2651 1005 2667 ‚
1042 2614 1329 2663 interficiatur
1359 2622 1403 2667 in

1197 2690 1271 2737 «23.
