1769 3235
341 268 400 313 66
764 292 768 294 -
845 284 938 307 iem
993 283 1074 309 iix·
1117 281 1311 308 misenam

345 348 427 392 bus
453 357 631 407 proptu·
658 363 821 389 nanum·
848 345 1022 406 ‹luuh-113
1063 346 1170 388 hona
1198 368 1205 384 ι
1229 346 1349 387 wall>
1374 380 1382 388 .
1427 344 1496 388 sod
1533 354 1708 404 propter
1757 361 1769 397 32

343 416 447 462 vitia
466 415 684 478 supplicio
705 415 927 459 destinatis
947 451 957 468 ,
986 416 1253 478 iniquitatem
1276 450 1285 470 ,
1314 430 1443 475 quain
1479 426 1709 458 rectissime

343 485 498 530 veritas
515 485 739 548 improbat
758 521 767 539 ,
797 484 1001 530 damnare
1021 484 1143 529 novit
1162 484 1252 547 ipse
1268 520 1278 538 ,
1300 500 1386 528 non
1405 483 1555 529 facere.
1588 483 1711 528 Sicut

341 555 454 601 enim
483 554 698 600 voluntati
720 557 810 614 ejus
826 554 1038 600 tribuitur
1057 554 1248 600 humana
1267 564 1422 598 natura
1445 589 1455 609 ,
1480 552 1600 598 nullo
1622 552 1711 599 du-

341 625 508 671 bitante
531 624 752 670 laudanda
777 645 788 679 ;
815 625 876 670 sic
900 624 1089 672 hominis
1102 624 1316 671 voluntati
1332 623 1461 686 culpa
1480 623 1707 680 tribuitur,

340 696 463 742 nullo
483 706 704 741 recusante
727 695 991 743 damnanda.
1039 696 1152 751 Quae
1191 695 1392 741 voluntas
1417 694 1606 740 hominis
1639 704 1712 739 aut

338 765 668 812 haereditarium
695 765 851 813 vitium
887 766 1124 812 transmisit
1152 765 1197 811 in
1217 776 1411 829 posteros
1434 801 1444 821 ‚
1471 764 1645 828 quosin
1669 780 1712 810 se

337 836 499 883 habuit
515 853 614 882 cum
635 847 838 899 peccaret
859 855 870 894 3
892 847 966 883 aut
985 836 1213 900 acquisivit
1233 837 1360 881 etiam
1394 845 1550 881 caetera
1579 833 1708 886 vitia.

338 924 438 954 cum
464 908 509 953 in
530 923 571 952 se
590 907 685 970 ipso
716 908 1016 971 unusquisque
1048 907 1217 970 perdite
1251 909 1427 952 viveret.
1460 905 1542 951 Sed
1573 920 1712 968 neque
1755 906 1757 910 ’

339 978 396 1024 ab
415 978 490 1024 illo
511 977 629 1040 quod
647 978 911 1038 originaliter
930 978 1136 1030 trahitur,
1154 993 1292 1040 neque
1310 977 1365 1022 ab
1380 976 1447 1022 his
1460 993 1562 1040 quae
1582 992 1712 1022 unus·
1754 994 1756 1009 =

339 1048 523 1111 quisque
546 1047 591 1092 in
617 1047 705 1094 vita
729 1048 909 1110 propria
930 1047 998 1094 vel
1027 1064 1114 1093 non
1134 1046 1415 1106 intelligendo
1436 1046 1502 1092 vel
1523 1044 1711 1091 nolendo
1754 1063 1756 1106 ξ

335 1117 574 1177 intelligere
593 1153 604 1172 ‚
647 1119 762 1164 mala
803 1128 1036 1178 congregat
1061 1154 1071 1174 ‚
1115 1117 1183 1163 vel
1219 1117 1347 1163 etiam
1390 1116 1626 1162 instructus
1664 1132 1712 1160 ex
1754 1133 1755 1137 ¹

336 1186 466 1247 Lege,
491 1185 791 1233 additamento
818 1187 1192 1250 praevaricationis
1211 1196 1457 1246 exaggerat,
1481 1186 1711 1249 quisquam
1752 1197 1760 1231 ’,ι

333 1255 547 1302 liberatur
565 1257 906 1315 etjustificatur‚
933 1257 1012 1303 nisi
1040 1258 1177 1317 gratia
1199 1257 1280 1303 Dei
1300 1273 1377 1319 per
1391 1259 1535 1301 Jesum
1558 1255 1710 1301 Chris-
1751 1259 1754 1297 ἶ

340 1336 430 1372 tum
459 1326 693 1372 Dominum
720 1338 913 1374 nostrum
941 1365 951 1383 ‚
989 1345 1077 1373 non
1111 1327 1251 1373 solum
1279 1326 1527 1372 remissione
1551 1342 1714 1389 pecca-
1750 1350 1754 1381 ,1

334 1407 478 1443 torum
500 1434 510 1453 ,
538 1396 609 1443 sed
631 1398 752 1461 prius
779 1399 912 1462 ipsius
934 1399 1219 1461 inspiratione
1243 1398 1343 1444 fidei
1368 1407 1409 1442 et
1427 1397 1593 1442 timoris
1608 1395 1708 1451 Dei,
1750 1419 1752 1462 s

333 1470 560 1534 impartito
583 1471 815 1517 salubriter
832 1472 1037 1518 orationis
1061 1472 1216 1517 affeetu
1233 1482 1275 1517 et
1295 1472 1466 1527 effectu,
1492 1470 1631 1517 donec
1650 1488 1713 1516 sa·
1750 1467 1752 1482 ²

333 1552 406 1587 net
425 1558 572 1588 omnes
596 1541 823 1602 languores
851 1553 1018 1588 nostros
1037 1579 1047 1599 ‚
1076 1552 1117 1588 et
1137 1542 1322 1588 redimat
1344 1541 1397 1587 de
1423 1542 1706 1605 corruptione
1748 1603 1751 1613 Ι

333 1621 468 1658 vitam
493 1623 683 1659 nostram
704 1649 714 1669 ,
738 1623 779 1658 et
803 1623 983 1659 coronet
1005 1630 1082 1659 nos
1102 1630 1145 1658 m
1165 1623 1436 1659 miseratione
1471 1623 1513 1658 et
1546 1629 1710 1658 miseri·
1748 1629 1750 1644 ¹

337 1681 487 1727 cordia
502 1680 535 1729 1.

399 1751 566 1799 XXXI.
605 1752 762 1798 Verum
781 1753 848 1800 isti
868 1791 878 1809 ,
899 1754 975 1818 qui
1007 1770 1294 1818 personarum
1320 1763 1591 1816 acceptorem
1619 1753 1710 1799 fieri

337 1821 584 1868 existimant
609 1824 747 1869 Deum
774 1862 785 1880 ,
807 1825 841 1870 si
876 1825 921 1870 in
946 1841 1031 1870 una
1054 1824 1292 1888 eademque
1318 1841 1446 1869 causa
1467 1839 1595 1886 super
1608 1822 1712 1870 alios
1746 1839 1750 1876 ῑ

332 1892 478 1939 veniat
502 1893 794 1940 misericordia
813 1899 921 1955 ejus,
947 1912 1077 1959 super
1096 1895 1198 1940 alios
1216 1912 1317 1941 vero
1337 1905 1507 1940 maneat
1523 1894 1587 1939 ira
1600 1897 1708 1954 ejus,
1746 1896 1748 1953 ξ

334 1979 492 2026 nempe
520 1974 630 2009 totas
659 1965 768 2010 vires
803 1966 1189 2026 argumentationis
1213 1966 1421 2013 humanae
1448 1966 1492 2011 in
1517 1965 1712 2029 parvulis
1746 1962 1748 1976 '

334 2033 540 2096 perdunt.
574 2035 682 2079 Nam
717 2046 764 2080 ut
803 2036 973 2081 interim
996 2047 1160 2081 taceam
1183 2036 1300 2099 quod
1332 2053 1420 2081 non
1456 2047 1518 2081 est
1552 2046 1713 2099 praeter
1744 2032 1749 2084 ἕ

336 2103 566 2165 parvulos,
610 2104 852 2167 quamlibet
889 2117 1083 2151 materno
1128 2117 1249 2152 utero
1286 2106 1599 2152 recentissimos
1621 2142 1632 2162 ‚
1663 2123 1710 2152 ea
1744 2101 1747 2157 i

335 2189 470 2236 poena
495 2211 506 2229 ‚
536 2174 589 2220 de
613 2192 698 2238 qua
716 2175 898 2239 loquens
924 2177 1158 2240 Apostolus
1184 2178 1266 2234 ait,
1295 2178 1413 2222 «Per
1434 2176 1561 2222 unius
1579 2175 1712 2223 delic·

337 2255 467 2289 »tum
491 2245 536 2290 in
574 2262 721 2291 omnes
744 2246 942 2292 homines
968 2247 1021 2293 ad
1050 2247 1490 2293 condemnationem2
1510 2266 1522 2300 ς
1543 2268 1564 2288 »
1596 2246 1712 2293 unde
1744 2271 1746 2289 ι

337 2331 426 2359 non
450 2314 607 2360 liberat
627 2317 707 2361 nisi
732 2334 844 2362 unus
867 2316 963 2363 ille,
1001 2317 1054 2362 de
1075 2334 1162 2380 quo
1183 2317 1296 2363 idem
1321 2318 1380 2363 ait
1399 2354 1410 2373 ,
1440 2338 1460 2358 ε(
1478 2320 1560 2362 Per
1581 2318 1709 2364 unius

336 2386 721 2445 »justificationem
763 2387 808 2432 in
842 2404 988 2433 omnes
1037 2387 1236 2433 homines
1273 2387 1327 2433 ad
1352 2387 1710 2447 justificationem
1740 2400 1745 2449 1

337 2478 357 2499 ι)
375 2456 509 2503 vitae³
537 2475 548 2502 :
576 2480 596 2499 »
626 2469 674 2504 ut
697 2475 798 2518 ergo
823 2458 910 2504 hoc
936 2459 1109 2504 interim
1127 2459 1325 2505 omittam
1349 2495 1358 2515 ‚
1385 2469 1427 2504 et
1457 2458 1544 2504 hoc
1569 2459 1710 2506 solum
1740 2453 1744 2502 ἱ

335 2527 389 2574 de
409 2528 603 2591 parvulis
626 2529 769 2577 dicam
788 2565 798 2586 ‚
819 2532 938 2593 quod
963 2529 1045 2594 ipsi
1065 2547 1238 2594 quoque
1253 2530 1512 2577 auctoritate
1532 2546 1711 2591 evange·
1739 2554 1743 2595 {³

385 2609 394 2631 ¹
415 2611 497 2644 Psal.
511 2622 568 2654 cn,
588 2614 619 2646 3.
636 2629 679 2635 --
695 2611 708 2633 ²
725 2615 823 2645 Rom.
840 2623 869 2652 v,
890 2614 943 2645 ιδ.
959 2630 1005 2638 -
1021 2609 1034 2636 3
1052 2611 1136 2645 ibid.
