1769 3235
307 279 401 342 374
717 294 749 323 s.
795 274 1039 322 Auciusrinl
1073 292 1277 322 Er1scoP1

307 378 408 407 men
429 359 749 406 considerantes
768 359 876 423 quid
900 359 998 406 mali
1018 358 1222 412 fecerint,
1244 376 1333 405 non
1357 359 1458 406 inde
1476 360 1686 408 violenter

311 430 526 476 abductos
542 467 552 486 ‚
588 430 661 476 sed
683 441 835 493 sponte
854 430 963 476 dicit
990 447 1193 491 egressos,
1224 441 1350 494 atque
1372 431 1479 477 hinc
1505 449 1685 478 venera-

312 501 472 546 tionem
508 511 629 546 tuam
660 501 721 546 ita
758 501 840 546 sibi
871 501 1190 556 succensuisse,
1228 511 1273 546 ut
1298 501 1687 548 ecclesiasticorum
1730 526 1734 546 ι,

310 569 576 618 confessione
607 573 840 617 Gestorum
870 589 972 617 cum
1002 572 1123 617 omni
1144 571 1276 617 domo
1298 589 1372 617 sua
1401 572 1689 618 anathematis
1750 575 1752 612 ἶ

313 643 520 689 sententia
543 642 758 690 feliretur.
787 643 960 699 Quibus
980 643 1132 688 litteris
1150 645 1240 702 ejus
1265 642 1405 698 lectis,
1422 660 1510 689 non
1527 643 1690 689 medio-

313 714 441 760 cliter
474 725 695 771 aestuans,
730 713 1067 774 cogitationibus
1097 730 1251 773 magna
1272 713 1416 760 cordis
1439 723 1692 778 tempestate
1735 772 1736 777 1

315 785 664 841 fluctuantibus,
694 785 813 848 apud
838 785 1097 830 charitatem
1122 794 1241 830 tuam
1265 794 1408 830 tacere
1428 801 1516 831 non
1536 785 1688 848 potui;
1735 784 1755 829 la:

314 866 365 902 ut
391 856 426 902 si
460 856 598 902 habes
617 855 776 901 dehac
810 873 855 900 re
890 856 1167 911 sententiam,
1203 855 1329 901 certis
1353 855 1596 902 rationibus
1626 854 1742 903 vel

313 926 644 989 Scripturarum
680 925 936 970 testimoniis
971 924 1263 988 exploiatam,
1300 942 1377 971 nos
1399 942 1575 990 quoque
1607 924 1692 971 do-
1741 984 1746 991 ἢ

315 1012 410 1041 cere
446 995 664 1055 ὀίοῐιθιίε,
701 995 924 1058 quomodo
956 1005 1069 1041 reete
1113 995 1415 1041 anathemetur
1454 1013 1535 1058 pro
1559 995 1695 1059 patris
1740 993 1745 1017 '⁶

317 1076 499 1129 peccato
520 1066 653 1120 filius,
679 1076 753 1111 aut
771 1083 852 1144 pro
878 1083 932 1110 m·
925 1066 1021 1111 niti
1049 1083 1180 1122 uxor,
1209 1076 1282 1111 aut
1309 1083 1387 1129 pro
1412 1066 1588 1112 Domini
1611 1083 1695 1112 sel-

313 1153 422 1192 vus,
449 1136 749 1199 utquisquam
776 1137 820 1181 in
847 1135 979 1182 domo
1003 1136 1132 1182 etiam
1158 1101 1354 1181 iiondum
1380 1146 1538 1192 natus,
1563 1136 1598 1181 si
1620 1152 1697 1181 eo-
1742 1126 1748 1140 i

319 1173 422 1252 deni
447 1217 670 1269 tempore,
691 1223 778 1270 quo
802 1207 1000 1252 universa
1021 1206 1179 1251 domus
1205 1216 1265 1251 est
1284 1207 1560 1252 anathemate
1579 1206 1698 1252 obli-
1744 1216 1746 1223 ⁸

320 1288 435 1338 gata,
461 1288 689 1334 nascatur,
717 1295 797 1323 nec
817 1279 853 1323 ei
870 1278 1004 1341 possit
1026 1295 1106 1341 per
1123 1277 1347 1323 lavacrum
1368 1276 1699 1338 regenerationis
1747 1296 1769 1331 ,Δ

320 1349 366 1393 in
391 1348 542 1393 mortis
563 1347 757 1411 periculo
775 1348 1013 1394 subveniri.
1042 1348 1192 1410 Neque
1209 1349 1323 1393 enim
1343 1348 1441 1394 haec
1464 1347 1701 1412 corporalis

322 1430 383 1464 cst
407 1435 541 1481 poena
561 1456 570 1474 ,
596 1435 683 1481 qua
706 1418 888 1478 legimus
914 1418 1127 1482 quosdam
1149 1430 1469 1482 contemptores
1493 1419 1573 1465 Dei
1598 1435 1701 1464 cum

323 1490 407 1535 suis
433 1489 637 1535 omnibus
656 1526 666 1545 ,
690 1490 766 1552 qui
784 1489 975 1550 ejusdem
1000 1489 1235 1552 impietatis
1253 1491 1490 1553 participes
1504 1507 1592 1535 non
1605 1489 1696 1535 fue-

320 1571 424 1605 runt
442 1597 452 1616 ,
491 1560 656 1623 pariter
678 1561 939 1607 interfectos.
966 1562 1093 1606 Tunc
1114 1559 1291 1624 quidem
1320 1560 1373 1606 ad
1404 1571 1609 1607 terrorem
1634 1559 1703 1606 vi-

319 1633 514 1677 ventium
539 1632 737 1677 mortalia
756 1649 942 1695 corpora
962 1632 1311 1696 perimebantur,
1327 1632 1591 1696 quandoque
1616 1632 1703 1678 uti-

322 1721 406 1768 que
455 1704 678 1750 moritura.
737 1704 953 1767 Spiritalis
986 1714 1129 1750 autem
1175 1720 1308 1767 poena
1324 1742 1334 1762 ,
1383 1722 1470 1768 qua
1507 1705 1558 1751 fit
1585 1703 1705 1769 quod

321 1774 534 1838 scripturn
560 1785 651 1830 est,
689 1795 705 1814 τ(
724 1774 834 1830 Quae
860 1774 1058 1835 ligaveris
1091 1774 1135 1820 in
1165 1784 1274 1820 terra
1294 1812 1304 1832 ,
1348 1786 1475 1822 erunt
1502 1775 1633 1836 ligata
1665 1785 1707 1821 et

324 1868 343 1886 n
362 1846 407 1891 in
442 1845 612 1900 coelo&
635 1866 654 1887 >2
694 1845 858 1891 animas
894 1846 1094 1907 obligat,
1134 1844 1188 1891 de
1212 1845 1373 1910 quibus
1409 1846 1577 1894 dictum
1612 1857 1702 1903 est,

324 1937 344 1957 α
365 1917 520 1962 Anima
536 1917 673 1979 patris
696 1934 787 1961 mea
802 1927 881 1971 est,
905 1928 947 1963 et
966 1918 1107 1963 aniina
1127 1915 1206 1962 filii
1225 1933 1318 1963 mea
1337 1928 1415 1966 est.
1434 1918 1590 1965 Anima
1607 1934 1707 1981 quae

330 2010 349 2029 ))
372 1988 616 2050 peccaverit
636 2025 647 2044 ,
674 1988 768 2050 ipsa
795 1989 1045 2036 n1orietur2.
1068 2011 1087 2031 »

395 2060 452 2105 ll.
489 2058 660 2104 Audisti
685 2057 865 2104 fortasse
890 2059 1056 2123 aliquos
1087 2062 1234 2122 magni
1258 2059 1446 2106 nominis
1468 2059 1710 2107 sacerdotes

325 2146 427 2175 cum
451 2129 583 2175 domo
607 2146 682 2174 sua
706 2129 961 2192 quempiam
981 2131 1276 2177 anathemasse
1291 2130 1605 2194 peccantium?
1625 2129 1709 2176 Sed

325 2200 436 2246 forte
466 2201 500 2246 si
539 2211 676 2246 essent
701 2200 981 2260 interrogati,
1018 2203 1314 2266 reperirentur
1350 2201 1498 2248 idonei
1532 2200 1711 2247 reddere

330 2271 434 2318 inde
456 2271 686 2319 rationem.
719 2273 809 2331 ligo
831 2283 975 2318 autem
1001 2311 1010 2327 ‚
1034 2274 1241 2337 quoniam
1271 2274 1304 2320 si
1321 2273 1418 2337 quis
1442 2290 1490 2320 ex
1513 2290 1579 2320 me
1592 2289 1711 2337 quae-
1765 2261 1769 2318 l

330 2353 399 2389 rat
418 2380 428 2399 ‚
457 2353 605 2388 utrum
629 2353 743 2388 recte
765 2344 840 2388 fiat
862 2380 873 2400 ‚
895 2342 1004 2407 quid
1026 2345 1062 2390 ei
1088 2344 1370 2408 respondeam
1396 2361 1482 2390 non
1503 2343 1677 2391 invenio
1696 2364 1708 2398 ;
1766 2337 1769 2374 ·⁵

330 2431 556 2477 nunquam
593 2412 680 2459 hoc
716 2413 858 2459 facere
890 2432 1017 2461 ausus
1046 2432 1170 2464 sum.
1211 2432 1310 2464 cum
1335 2415 1389 2461 de
1416 2415 1711 2480 quorumdam

327 2484 599 2531 facinoribus
624 2483 871 2530 immaniter
902 2484 1106 2533 adversus
1143 2486 1380 2534 Ecclesiam
1419 2486 1709 2550 perpetratis,
1768 2491 1769 2500 ³

331 2554 582 2616 gravissime
618 2571 905 2617 permoverer.
945 2555 1029 2602 Sed
1061 2555 1094 2602 si
1132 2557 1214 2603 tibi
1239 2557 1351 2603 forte
1371 2556 1577 2621 quoniam
1597 2559 1713 2618 J‘uste

381 2639 390 2659 ¹
411 2635 531 2669 Matth.
554 2647 617 2674 xvi,
642 2647 669 2669 x.
687 2654 731 2659 —
745 2634 760 2658 2
777 2637 891 2670 Ezech.
909 2649 1001 2680 xvm,
1020 2646 1050 2677 4.
