1769 3235
325 272 415 317 362
727 285 761 314 s,
806 285 1051 316 Avensa-mi
1088 286 1290 317 ffl‘iscom

323 366 444 395 mens
467 348 600 394 nimia
626 348 797 393 tristitia
817 385 828 406 ‚
864 349 986 412 quasi
1011 349 1155 396 lumen
1191 356 1283 410 ejus
1302 388 1312 406 ‚
1342 369 1429 398 non
1453 353 1568 398 Deus
1586 388 1597 407 ,
1627 353 1700 400 sed

326 431 439 465 terra
460 418 550 464 sit?
576 417 738 464 Audivi
757 419 869 464 enim
886 453 897 475 ,
917 423 1008 479 jam
1028 420 1140 476 dixi,
1170 422 1310 484 (Deus
1327 422 1458 468 faciat
1478 433 1526 468 ut
1549 422 1701 469 falsum
1744 414 1748 464 ἶ

327 490 538 536 audierim
560 490 605 550 ‚)
630 489 750 552 quod
776 490 857 535 tibi
885 503 1036 535 manus
1066 492 1191 537 etiam
1221 492 1347 538 velles
1371 493 1527 539 inferre
1546 530 1556 548 ‚
1583 493 1702 557 quod

321 561 474 607 melius
498 577 585 605 non
610 560 740 605 credo
768 571 843 606 aut
864 561 1102 606 ascendisse
1128 562 1173 607 in
1192 579 1268 607 cor
1297 574 1420 608 tuum
1443 596 1454 616 ,
1476 573 1549 609 aut
1572 564 1704 609 exisse

327 633 380 678 de
403 648 475 677 ore
501 641 589 677 tuo.
627 629 712 676 Sed
745 641 890 676 tamen·
912 631 1014 693 quia
1048 632 1105 676 ita
1130 634 1414 694 perturbatus
1441 651 1484 679 es
1502 671 1511 689 ,
1547 645 1595 679 ut
1618 634 1704 679 hoc
1747 647 1750 697 ᾖ

327 703 381 749 de
405 713 445 748 te
471 702 559 748 dici
578 701 792 764 potuerit,
818 702 1004 760 graviter
1025 701 1077 746 de
1098 713 1136 747 te
1154 703 1432 749 contristatus
1449 741 1459 759 ‚
1482 704 1570 750 hoc
1585 704 1704 750 litte·
1747 710 1760 768 3

326 790 476 820 rarum
508 772 699 835 alloquio
731 772 883 835 putavi
921 771 1230 818 consolandam
1257 773 1512 819 charitatem
1549 785 1701 829 tuam3

329 860 580 909 quanquam
621 859 709 888 non
746 842 944 888 dubitem
984 842 1219 888 Dominum
1264 844 1403 890 Deum
1440 856 1638 891 nostrum
1660 846 1705 891 in
1748 888 1763 908 ,-

328 915 460 962 corde
498 924 573 958 tuo
609 912 732 975 loqui
765 911 957 959 meliora.
996 913 1107 958 Novi
1144 913 1258 958 enim
1294 931 1425 977 quam
1453 915 1528 978 pio
1562 912 1707 961 studio
1749 919 1752 959 Ξ

330 1001 498 1048 semper
526 982 711 1028 audieris
736 982 921 1028 verbum
948 985 1052 1042 ejus.

397 1057 457 1101 ΙΙ.
485 1053 611 1112 Erige
632 1053 777 1116 itaque
797 1053 990 1098 animum
1016 1052 1146 1099 frater
1166 1054 1208 1099 in
1232 1055 1410 1101 Christo
1431 1055 1706 1110 el1arissime;

330 1127 446 1171 Deus
470 1134 613 1170 noster
636 1138 716 1169 nec
738 1124 851 1186 perit
872 1142 894 1168 a
918 1124 1032 1180 suis,
1058 1142 1135 1170 nec
1159 1125 1309 1188 perdet
1335 1143 1434 1172 suos
1464 1144 1475 1171 ε
1505 1126 1600 1174 vult
1629 1144 1708 1173 au—
1750 1150 1753 1185 3

332 1207 416 1242 tem
442 1212 616 1241 monere
637 1212 714 1239 nos
738 1210 869 1258 quam
894 1195 982 1252 sint·
1005 1195 1103 1241 haec
1126 1195 1294 1255 fragilia
1318 1207 1359 1242 et
1382 1198 1570 1253 incerta,
1611 1214 1710 1261 quae
1751 1213 1753 1216 ·

337 1267 464 1313 nimis
505 1266 694 1325 diligunt
728 1266 956 1321 homines,
996 1277 1042 1311 ut
1066 1266 1280 1312 solvamus
1319 1269 1373 1313 ab
1403 1269 1461 1313 eis
1485 1268 1711 1314 vinculum

334 1337 613 1401 cupiditatiS,
645 1354 724 1400 per
749 1336 868 1400 quod
898 1336 1145 1399 implicatos
1178 1355 1257 1382 nos
1280 1339 1486 1394 trahunt,
1513 1350 1554 1384 et
1572 1349 1712 1385 totum

334 1426 525 1454 amorem
545 1418 741 1453 nostrum
764 1407 1138 1453 consuefaciamus
1156 1408 1199 1453 in
1219 1424 1315 1453 eum
1335 1425 1508 1454 currere
1522 1446 1533 1465 ‚
1560 1409 1605 1454 in
1623 1426 1712 1472 quo
1750 1407 1762 1435 '³'

334 1479 454 1524 nulla
468 1478 626 1524 damna
648 1478 889 1524 timeamus.
922 1478 1020 1541 Ipse
1043 1489 1080 1523 te
1099 1478 1303 1523 hortatur
1326 1496 1403 1542 per
1428 1479 1713 1524 ministerium
1751 1496 1755 1512 ¹

333 1560 528 1595 nostrum
547 1586 556 1603 ‚
579 1548 758 1594 viriliter
775 1547 935 1608 cogites
959 1557 999 1593 te
1034 1546 1202 1594 fidelem
1223 1565 1310 1594 esse
1332 1549 1650 1605 Christianum,
1670 1560 1713 1595 et
1752 1583 1755 1592 3

333 1624 424 1680 ejus
460 1619 731 1682 redemptum
778 1636 863 1664 esse
902 1620 1108 1679 sanguine
1130 1657 1140 1674 ,
1172 1621 1246 1683 qui
1270 1637 1356 1665 non
1381 1621 1519 1666 solum
1552 1631 1714 1667 aeterna
1752 1616 1763 1670 f

334 1689 574 1755 sapientia,
597 1690 669 1736 sed
700 1689 830 1735 etiam
856 1691 1047 1736 humana
1074 1693 1304 1754 praesentia
1325 1692 1476 1738 docuit
1498 1706 1573 1738 uos
1599 1702 1714 1738 tem-
1751 1689 1760 1759 3*

334 1773 539 1826 peranter
563 1778 770 1824 prospera
806 1761 955 1807 saeculi
988 1762 1121 1821 hujus
1156 1774 1430 1809 contemnere
1449 1802 1459 1820 ,
1487 1775 1528 1809 et
1548 1763 1716 1810 fortiter

338 1833 515 1878 adversa
554 1832 734 1878 tolerare
763 1869 773 1887 ‚
815 1835 907 1891 ejus
943 1832 1160 1879 felicitatis
1200 1834 1439 1880 mercedem
1476 1834 1712 1899 pollicens,
1754 1834 1762 1864 Ὓ

336 1920 468 1967 quarn
491 1920 615 1948 nemo
641 1903 776 1966 possit
798 1921 820 1948 a
844 1903 971 1949 nobis
992 1904 1173 1952 auferre.
1199 1905 1364 1969 Scripsi
1386 1924 1485 1951 sane
1506 1906 1635 1951 etiam
1662 1899 1718 1951 ad
1753 1932 1769 1951 ·,

336 1974 479 2019 virum
500 1973 763 2018 laudabilem
787 1973 1003 2019 Comitem
1025 2012 1034 2029 ‚
1057 1992 1186 2039 quam
1212 1977 1440 2039 epistolam
1467 1976 1512 2022 in
1538 1987 1615 2022 tuo
1637 1976 1718 2022 erit
1754 1995 1757 2003 ’

339 2039 547 2099 arbitrio,
590 2054 734 2089 utrum
770 2038 863 2090 dari
901 2040 1017 2091 velis.
1063 2043 1171 2091 Nam
1204 2064 1431 2112 perquem
1456 2047 1599 2104 detur,
1629 2064 1718 2093 non
1754 2041 1757 2084 ἶ

338 2110 496 2160 dubito
521 2108 663 2159 deesse
687 2131 774 2160 non
796 2132 919 2178 posse
936 2153 946 2169 ,
973 2116 1205 2176 adjuvante
1227 2115 1415 2164 Domino
1431 2155 1443 2175 ,
1463 2117 1531 2165 'vel
1554 2114 1719 2184 episco-

335 2201 444 2247 pum
462 2183 529 2231 vel
547 2185 853 2248 presbyterum
879 2183 945 2232 vel
974 2187 1231 2250 quemlibet.

1746 554 1769 641 ζῆ
