1769 3235
518 327 731 358 ammom
768 326 913 357 cxciv.
1335 309 1396 371 69

25 398 244 455 majorem.
284 394 335 439 ln
367 409 500 457 quam
534 392 788 438 sententiam
822 392 975 437 beatus
1008 391 1243 454 Apostolus
1264 390 1397 437 etiam

25 463 316 513 testimonium
338 463 574 527 Prophetae
595 463 722 524 longe
743 462 991 527 posterioris
1012 462 1269 525 assumpsit,
1291 482 1311 503 α
1327 461 1353 506 J
1358 478 1400 507 a·

26 556 48 579 ι)
69 535 154 581 cob
181 534 335 590 dilexi,
362 535 474 580 Esau
492 544 634 580 autem
662 533 763 579 odio
782 531 951 578 habui1
975 549 986 577 ε
1014 553 1034 573 »
1069 542 1118 577 ut
1139 531 1402 591 intelligere-

26 616 98 652 tur
110 605 196 651 hoc
207 615 405 668 apertum
420 616 563 668 postea
578 621 651 668 per
664 603 950 667 Prophetam‚
965 602 1080 666 quod
1097 613 1327 665 antequam
1342 601 1404 648 illi

26 687 333 732 nascerentur,
372 686 462 720 erat
499 675 544 720 in
573 675 648 720 Dei
684 673 1067 738 praedestinatione
1097 690 1175 736 per
1201 673 1398 732 gratiam.

28 745 147 802 Quid
184 744 299 790 enim
330 744 539 804 diligebat
572 745 616 790 in
641 745 781 790 Jacob
812 760 1045 806 antequam
1082 753 1210 788 natus
1239 741 1408 788 fecisset

27 814 194 878 aliquid
218 814 324 861 boni
344 851 355 871 ‚
384 815 464 861 nisi
485 815 720 875 gratuitum
745 813 1055 860 misericordiae
1085 829 1174 858 suae
1202 812 1404 858 donum?

28 887 85 933 Et
106 885 215 949 quid
246 885 395 931 oderat
428 886 473 931 in
508 887 623 932 Esau
646 897 877 950 antequam
903 895 1032 930 natus
1053 883 1219 929 fecisset
1240 880 1409 944 aliquid

27 955 156 1012 mali,
187 955 268 1001 nisi
290 955 500 1016 originale
524 959 790 1020 peccatum?
820 957 930 1001 Nam
957 971 1098 1018 neque
1120 954 1165 1000 in
1189 952 1263 999 illo
1301 950 1407 998 dili-

28 1035 143 1086 geret
164 1025 379 1086 justitiam
399 1063 410 1082 ,
432 1043 564 1090 quam
590 1026 756 1072 nullam
781 1026 853 1072 ille
876 1026 1066 1079 fecerat3
1092 1041 1232 1089 neque
1255 1024 1300 1070 in
1326 1023 1410 1069 isto

29 1095 188 1142 odisset
205 1107 405 1142 naturam
423 1133 434 1147 ,
458 1114 592 1160 quam
614 1098 778 1142 bonam
796 1098 888 1161 ipse
903 1096 1077 1143 fecerat.

94 1166 275 1214 XXXV.
302 1167 465 1212 Mirum
486 1178 548 1213 est
574 1179 717 1214 autem
737 1185 837 1214 cum
859 1168 929 1213 his
947 1176 1226 1213 coarctantur
1249 1181 1411 1226 angus-

31 1236 100 1284 tiis
122 1272 135 1293 ,
172 1237 219 1282 in
250 1248 415 1301 quanta
439 1255 481 1283 se
513 1238 701 1302 abrupta
723 1239 1007 1302 praecipitent
1038 1248 1275 1283 metuentes
1307 1235 1415 1282 retia

30 1306 236 1354 veritatis,
260 1327 281 1348 «
303 1306 431 1363 Ideo,
462 1309 694 1372 inquiunt,
719 1308 915 1354 nondum
937 1319 1139 1354 natorum
1157 1307 1288 1352 alium
1305 1305 1414 1351 ode-

31 1387 115 1432 rat,
134 1376 265 1423 alium
275 1376 499 1438 dlligebat,
514 1379 616 1442 quia
626 1379 930 1425 eorumfutura
942 1397 1071 1442 opera
1090 1376 1414 1442 praevidebat.»

34 1447 142 1504 Quis
164 1448 293 1493 istum
309 1449 605 1494 acutissimum
627 1466 794 1495 sensum
811 1448 995 1495 defuisse
1008 1447 1311 1513 Apostolonon
1324 1446 1413 1492 mi·-

33 1519 287 1565 returPHoc
299 1519 466 1583 quippe
480 1520 552 1566 ille
570 1538 657 1566 non
678 1520 807 1568 vidit.
832 1520 1008 1584 quando
1030 1520 1235 1566 sibivelut
1254 1517 1415 1564 adver-

32 1589 163 1636 santis
188 1589 362 1649 objecta
386 1592 626 1654 quaestione
643 1629 654 1649 ,
681 1609 769 1638 non
792 1592 836 1638 id
858 1592 1006 1656 potius
1030 1602 1118 1637 tam
1138 1591 1270 1636 breve
1285 1627 1295 1645 ‚
1322 1600 1411 1635 tam

35 1670 252 1724 apertum,
274 1671 362 1706 tam
379 1662 511 1724 (sicut
525 1662 595 1709 isti
612 1663 791 1726 putant)
807 1680 954 1709 verum
974 1662 1313 1725 absolutumque
1325 1677 1416 1706 res-

34 1730 207 1794 pondit.
227 1731 340 1776 Cum
352 1732 465 1777 enim
478 1750 565 1778 rem
576 1733 835 1797 stupendam
849 1733 1162 1797 proposuisset,
1191 1731 1416 1796 quomodo

0 1836 2 1860 a
37 1800 90 1848 de
115 1801 312 1847 nondum
338 1803 450 1848 natis
472 1821 551 1850 nec
590 1804 758 1867 aliquid
793 1805 1023 1864 agentibus
1056 1804 1161 1849 boni
1204 1813 1279 1849 aut
1314 1801 1419 1848 mali

0 1881 3 1926 ξ
38 1883 153 1918 recte
175 1872 264 1919 dici
285 1874 494 1937 potuerit,
516 1875 636 1938 quod
653 1893 789 1921 unum
811 1878 925 1922 Deus
938 1875 1151 1931 dilexerit,
1169 1874 1300 1920 alium
1315 1872 1418 1918 odio

1 1933 4 2008 ᾗ
40 1942 265 1999 habuerit,
289 1944 385 2008 ipsa
409 1945 493 1991 sibi
518 1947 690 2005 objecta
718 1946 960 2009 quaestione
986 1956 1154 1991 motum
1174 1945 1418 2008 exprimens

2 2012 5 2048 ἓ
39 2012 248 2059 auditoris
267 2050 278 2070 ‚
315 2034 336 2055 (ι
355 2014 475 2071 Quid
509 2033 609 2076 ergo
643 2016 862 2071 dicemus,
891 2017 1065 2081 inquit?
1089 2014 1318 2080 Numquid
1336 2015 1419 2062 ini-

4 2081 8 2138 }
39 2103 61 2126 »
79 2083 221 2147 quitas
243 2083 362 2147 apud
390 2087 528 2131 Deum
551 2089 568 2132 Ξ)
594 2086 705 2132 absit
726 2087 758 2134 2.
785 2109 806 2129 »
831 2087 916 2133 Hic
939 2104 1039 2148 ergo
1070 2103 1162 2132 erat
1188 2086 1311 2132 locus
1331 2123 1341 2142 ,
1371 2096 1421 2132 ut

5 2141 8 2206 l
41 2153 201 2200 diceret
233 2155 349 2218 quod
391 2156 458 2202 isti
492 2157 717 2215 sentiunt3
746 2160 953 2204 «Futura
991 2158 1105 2204 enim
1140 2160 1256 2204 Deus
1284 2174 1420 2221 opera

6 2227 10 2289 Ῑ
41 2224 346 2289 praevidebat,
384 2227 562 2290 quando
594 2229 753 2274 minori
792 2233 999 2290 majorem
1037 2230 1299 2276 serviturum
1335 2244 1425 2274 esse

8 2311 11 2338 ;
43 2295 269 2343 dicebat.»
293 2314 380 2342 non
405 2308 549 2343 autem
568 2299 655 2344 hoc
675 2300 910 2363 Apostolus
930 2300 1066 2355 dicit,
1092 2299 1165 2345 sed
1192 2300 1338 2363 potius
1368 2315 1422 2344 ne

9 2382 13 2433 1:
43 2366 272 2431 quisquam
297 2367 350 2413 de
374 2385 555 2415 suorum
585 2387 768 2434 operum
790 2371 949 2417 audeat
972 2371 1134 2417 meritis
1153 2370 1345 2431 gloriari,
1370 2368 1422 2415 ad

12 2464 14 2506 3
47 2438 128 2483 Dei
158 2438 340 2498 gratiam
375 2449 417 2484 et
451 2439 632 2500 gloriam
675 2442 1069 2488 commendandam
1108 2441 1249 2488 voluit
1283 2440 1426 2487 valere

12 2513 15 2553 ἰ
47 2506 164 2571 quod
201 2508 322 2556 dixit.
356 2511 468 2555 Cum
503 2510 619 2556 enim
643 2511 838 2569 dixisset,
875 2513 1042 2560 «Absit
1069 2523 1117 2558 ut
1142 2512 1196 2558 sit
1218 2511 1426 2575 iniquitas

14 2610 16 2615 -
47 2577 203 2642 »apud
231 2579 371 2626 Deum
393 2600 404 2634 3
427 2601 447 2623 ³>
473 2592 682 2646 tanquam
712 2585 750 2629 ei
782 2583 1047 2642 diceremus,
1081 2582 1207 2630 Unde
1231 2582 1318 2629 hoc
1351 2599 1424 2629 os-

98 2660 110 2684 ¹
125 2661 266 2700 Malach.
289 2674 320 2710 1,
338 2674 370 2711 ²2
390 2665 420 2700 3.
439 2681 485 2691 --
501 2663 688 2708 2R0m.1x‚
714 2673 766 2705 14.
