1769 3235
311 239 369 293 42
741 254 774 282 S.
820 252 1059 284 AUGUSTINI
1096 253 1301 285 EPISCOPI

312 317 483 362 etiamsi
510 333 596 362 non
625 316 787 362 fuerint
810 317 1018 380 baptizati
1037 341 1046 374 3
1074 319 1128 365 de
1149 336 1235 383 qua
1258 319 1373 366 enim
1408 321 1488 367 alia
1507 321 1595 367 vita
1614 319 1684 367 di-

318 388 431 432 citur
449 423 459 442 ‚
498 408 517 427 α
538 387 627 443 Qui
655 387 902 433 incredulus
925 399 986 434 est
1009 390 1118 435 Filio
1135 427 1146 446 ‚
1176 406 1265 435 non
1287 390 1454 437 videbit
1480 390 1645 437 vitam?
1664 412 1685 432 >³

317 458 406 503 Nec
434 473 502 502 eos
520 474 542 502 a
566 474 695 517 regno
718 457 929 504 coelorum
951 460 1009 505 sic
1027 460 1244 506 fateantur
1261 459 1420 505 alienos
1439 497 1449 513 ‚
1477 472 1525 506 ut
1542 471 1687 506 tamen

318 545 341 572 a
367 526 644 572 damnatione
670 526 920 575 defendant.
951 529 1059 575 Nam
1081 530 1188 593 quid
1210 530 1290 575 nisi
1313 529 1535 595 damnatio
1551 529 1689 589 signi-'

318 597 473 642 ficatur
496 614 575 660 per
608 598 715 650 iram
739 634 749 653 ,
782 615 913 660 quam
941 600 1154 646 Dominus
1177 616 1309 662 super
1330 616 1415 644 non
1442 599 1690 660 credentem

317 684 488 731 manere
519 671 725 720 testatur?
755 668 941 734 Multum
966 687 1142 733 prorsus
1175 687 1393 716 accessum
1418 680 1501 726 est,
1532 666 1575 716 et
1602 663 1692 721 sine

317 738 574 800 scrupulosa
591 740 913 786 conflictatione
936 757 1064 786 causa
1086 741 1206 786 fmita
1225 751 1302 787 est.
1335 740 1380 786 Si
1402 740 1516 802 enim
1537 756 1692 794 conce-

317 807 430 853 dunt
449 807 656 871 parvulos
681 810 852 855 credere
869 846 879 864 ‚
907 811 1064 873 procul
1089 810 1228 858 dubio
1255 811 1366 857 sicut
1389 828 1460 857 eos
1481 821 1596 859 tenet
1619 810 1693 879 inq

318 879 526 924 sententia
548 917 558 932 ‚
585 901 603 922 «
626 880 714 936 Qui
737 898 823 925 non
846 893 1018 927 renatus
1040 882 1171 927 fuerit
1198 899 1247 927 ex
1279 899 1389 946 aqua
1421 892 1462 928 et
1486 882 1653 945 Spiritu
1678 918 1689 936 ‚

320 969 340 990 »
363 967 449 995 non
470 951 652 996 intrabit
670 952 713 996 in
736 968 913 1011 reguum
936 952 1237 997 coelorun11:›>
1261 952 1332 998 Sic
1351 953 1480 998 etiam
1499 953 1577 998 ista
1595 968 1695 1017 quae

320 1019 511 1079 ejusdem
536 1021 711 1068 Domini
736 1032 796 1066 est
811 1058 820 1075 ‚
847 1022 968 1078 «Qui
990 1022 1223 1068 crediderit
1240 1032 1282 1079 et
1302 1023 1550 1085 baptizatus
1567 1021 1697 1068 fuerit

326 1111 346 1131 »
367 1082 511 1135 salvus
552 1091 662 1136 erit:
701 1091 776 1154 qui
809 1101 951 1137 autem
995 1110 1082 1138 non
1114 1093 1348 1139 crediderit
1380 1092 1697 1139 condemnabi-

326 1182 345 1202 ›>
370 1164 468 1206 tur2
491 1179 501 1206 ε
531 1182 550 1202 >>
577 1162 691 1218 Quia
718 1179 817 1222 ergo
845 1180 944 1209 cum
970 1163 1143 1227 parvuli
1170 1164 1453 1226 baptizantur
1473 1201 1484 1220 ‚
1507 1163 1699 1227 fatentur

325 1231 394 1277 isti
417 1248 486 1277 eos
504 1232 743 1287 credentes,
771 1233 969 1279 damnari
998 1252 1086 1280 non
1108 1234 1310 1281 dubitent
1334 1251 1420 1280 non
1443 1233 1664 1280 credentes
1684 1251 1696 1278 ε

325 1313 367 1346 et
392 1302 682 1361 audeantjam
705 1303 865 1359 dicere,
889 1305 922 1349 si
951 1314 1131 1367 possunt
1157 1341 1166 1359 ‚
1197 1323 1218 1349 a
1236 1308 1356 1364 justo
1386 1305 1476 1351 Deo
1501 1302 1699 1350 damnari
1766 1359 1769 1371 ‚.

327 1371 438 1424 nihil
458 1371 559 1418 mali
579 1390 623 1418 ex
648 1374 811 1433 origine
829 1374 1065 1431 trahentes,
1093 1385 1134 1420 et
1152 1374 1322 1437 peccati
1343 1374 1595 1434 contagium
1613 1389 1701 1419 non
1764 1387 1767 1423 i

327 1442 556 1492 habentes.
1492 1448 1495 1449 ⁷

395 1513 445 1560 V.
481 1514 595 1561 lllud
620 1531 719 1560 vero
743 1515 861 1578 quod
886 1515 928 1561 in
954 1515 1108 1561 litteris
1134 1516 1217 1561 tuis
1248 1515 1596 1561 commemorasti
1613 1514 1700 1560 ob·

324 1585 458 1645 jicere
489 1586 613 1632 nobis
650 1587 802 1635 Enoch
826 1597 866 1632 et
901 1586 1039 1633 Elium
1063 1586 1183 1650 quod
1214 1586 1375 1632 mortui
1396 1603 1482 1632 non
1505 1585 1666 1632 fuerint
1688 1621 1702 1643 ,
1758 1619 1761 1651 ,³

331 1657 407 1702 sed
426 1673 527 1702 cum
553 1657 637 1702 suis
669 1658 929 1720 corporibus
952 1675 998 1702 ex
1023 1658 1100 1702 ista
1126 1657 1356 1702 hominum
1382 1656 1706 1718 conversatione

335 1726 555 1782 translati,
575 1726 680 1789 quid
706 1744 775 1772 eos
795 1727 846 1772 ad
867 1727 953 1773 hoc
972 1727 1086 1773 unde
1103 1729 1242 1786 agitur
1262 1727 1455 1787 adjuvet,
1480 1744 1567 1772 non
1585 1723 1708 1774 intel·
1755 1739 1759 1775 ξ

332 1795 433 1856 ligo.
460 1796 518 1840 Ut
536 1797 648 1842 enim
674 1797 870 1843 omittam
892 1797 1008 1860 quod
1030 1798 1110 1860 ipsi
1134 1814 1309 1861 quoque
1331 1797 1535 1843 morituri
1558 1806 1708 1859 postea

336 1866 639 1929 perhibentur,
654 1869 765 1912 sicut
781 1867 976 1931 plerique
998 1878 1219 1931 exponunt
1242 1866 1552 1931 Apocalypsin]
1575 1869 1708 1923 Joan-
1751 1866 1761 1933 j*

335 1936 400 1981 nis
417 1936 470 1984 de
489 1936 663 1982 duobus
685 1937 766 1982 illis
792 1938 1048 2001 Prophetis,
1075 1938 1128 1983 de
1158 1938 1320 2001 quibus
1340 1974 1350 1987 ,
1386 1937 1529 1983 tacitis
1559 1953 1707 1986 eorum
1751 1965 1753 1988 ;

337 2007 588 2053 nominibus
605 2044 614 2061 ‚
640 2007 851 2071 loquitur,
879 2009 1000 2071 quod
1027 2009 1095 2054 isti
1115 2009 1202 2054 duo
1222 2008 1357 2054 sancti
1379 2025 1480 2054 cum
1500 2006 1585 2054 suis
1603 2018 1710 2053 tunc
1748 2016 1751 2066 j

338 2077 597 2140 corporibus
637 2079 941 2140 apparebunt.
984 2079 1028 2124 in
1066 2080 1229 2142 quibus
1255 2095 1375 2124 nunc
1412 2077 1634 2132 vivunt&
1664 2086 1710 2122 ut
1747 2079 1751 2123 ξ

336 2148 462 2193 etiam
490 2148 572 2210 ipsi
605 2148 976 2210 quemadmodum
1012 2150 1158 2195 caeteri
1194 2151 1402 2212 Martyres
1429 2166 1511 2212 pro
1546 2146 1711 2194 Christi
1744 2149 1760 2194 ι’,

341 2219 517 2264 veritate
547 2218 788 2269 moriantur
810 2237 820 2264 z
849 2230 895 2265 ut
915 2237 1014 2280 ergo
1034 2220 1119 2265 hoc
1139 2220 1356 2273 omittam,
1379 2219 1458 2264 ista
1475 2218 1713 2282 quaestione
1743 2226 1747 2256 ἓ

341 2289 502 2344 dilata,
542 2289 874 2352 quomodolibet
913 2308 999 2335 sese
1043 2290 1229 2345 habeat,
1266 2290 1374 2352 quid
1400 2289 1502 2334 istos
1535 2287 1714 2348 adJuvat
1741 2299 1759 2333 1,

338 2376 485 2422 quaeso
511 2363 581 2404 te'?
610 2360 757 2422 Neque
773 2360 885 2405 enim
911 2360 1014 2406 hinc
1034 2360 1268 2406 ostendunt
1294 2377 1379 2405 nou
1400 2370 1582 2422 propter
1607 2373 1714 2422 pec·
1739 2378 1757 2395 ι’

344 2439 488 2474 catum
525 2429 723 2474 hominos
753 2430 988 2475 secundum
1020 2447 1178 2492 corpus
1208 2431 1333 2476 mori.
1367 2431 1477 2476 Nam
1508 2428 1540 2480 si
1569 2429 1683 2483 Deus
1702 2463 1714 2480 ,

344 2499 419 2562 qui
446 2509 530 2542 tam
560 2498 704 2544 multis
728 2499 930 2562 fidelibus
962 2501 1048 2546 suis
1072 2500 1206 2566 donat
1226 2501 1317 2564 ipsa
1340 2509 1516 2565 peccata
1538 2535 1548 2553 ‚
1578 2493 1739 2555 voluit‘

389 2583 396 2602 ¹
419 2583 512 2613 Joan.
538 2592 585 2618 ιιι,
603 2584 632 2613 5,
652 2600 693 2605 —
713 2581 727 2603 Ἰ
742 2585 841 2614 Marc.
858 2594 921 2616 xvr,
940 2598 983 2605 --
1003 2580 1016 2604 3
1037 2579 1135 2625 Apoc.
1159 2592 1205 2620 ι’,
1228 2595 1258 2618 7.
