1769 3235
337 260 429 308 382
745 273 780 303 s.
821 271 1067 303 Aneusrrm
1101 271 1307 304 EPISCOPI

337 353 436 387 tura
454 337 677 404 praeponit
706 355 717 383 ε
743 336 825 383 nisi
840 336 988 384 eadem
1013 337 1159 401 puella
1180 338 1225 383 iu
1242 355 1289 384 ea
1303 342 1394 398 jam
1412 351 1538 388 aetate
1559 342 1705 402 fuerit,
1735 366 1744 393 ·,-
1767 341 1769 368 ³

339 414 496 471 utjure
517 409 742 455 licentiore
765 407 849 453 sibi
868 408 998 469 eligat
1012 410 1103 472 ipsa
1123 409 1244 472 quod
1259 409 1375 456 velit.
1405 410 1520 458 Illud
1534 430 1710 478 quoque
1737 394 1745 463 μἶ
1768 425 1769 431 ’

341 480 500 541 cogitet
518 479 740 526 sinceritas
759 489 850 533 tua,
875 480 977 542 quia
993 479 1025 524 si
1042 479 1151 524 mihi
1167 479 1219 524 de
1238 479 1404 542 nuptiis
1421 485 1511 542 ejus
1522 494 1712 546 potestas
1742 478 1747 517 s

345 622 510 667 nubere
530 621 696 677 volens,
721 620 794 666 cui
823 619 999 666 voluero
1011 637 1052 665 se
1075 620 1328 665 tradendam
1351 623 1432 668 sub
1454 625 1542 670 Deo
1562 626 1713 685 judice
1742 667 1748 676 .,

344 691 454 738 mihi
495 691 765 745 committat3
792 691 852 736 sic
874 690 992 746 dico,
1020 701 1061 735 et
1090 707 1239 736 verum
1263 690 1380 749 dico,
1417 693 1716 758 mihiplacere
1742 706 1753 758 ].

342 764 467 810 istam
483 763 795 818 conditionem,
819 773 868 808 ut
884 772 1066 826 propter
1086 761 1431 821 Deumjudicem
1452 782 1540 811 non
1553 767 1715 829 possim

343 852 544 898 respuere
558 834 776 880 meliorem
802 849 929 896 :quae
946 843 1094 878 utrum
1115 832 1353 880 adventura
1376 835 1448 892 sit,
1479 837 1628 901 utique
1652 839 1719 884 in·
1747 837 1751 840 ’

348 916 516 952 certum
537 915 612 951 est.
644 904 928 966 Quapropter
945 902 1063 949 videt
1104 902 1295 949 charitas
1325 916 1489 968 quanta
1518 908 1718 954 conside-
1749 944 1753 959 ,

347 975 484 1022 randa
499 983 783 1030 concurrant,
809 984 859 1020 ut
887 989 1007 1019 nunc
1026 991 1050 1020 a
1074 990 1143 1019 me
1167 974 1373 1038 cuiquam
1401 976 1603 1040 promitti
1623 994 1722 1024 om·-
1750 983 1755 1005 ³

348 1047 452 1092 nino
466 1063 555 1092 non
573 1045 726 1109 possit.
1751 1047 1754 1051 ’

346 1221 631 1233 “osv-summ
638 1220 1727 1236 mmmmmmmmmmmmmmmmmw
1749 1209 1754 1221 ὁ

816 1330 1082 1375 EPISTOLA
1113 1331 1253 1374 CCLV
1264 1330 1294 1374 ¹.

354 1464 525 1504 Domino
547 1461 798 1502 dilectissimo
826 1469 865 1500 et
887 1461 1030 1499 merito
1050 1460 1290 1512 praedicabili
1314 1474 1359 1499 ac
1382 1461 1626 1513 suspiciendo
1649 1461 1732 1502 filio
1755 1503 1761 1516 ,

571 1524 743 1562 Βυετιοο
759 1553 769 1571 ,
791 1525 1031 1562 Aucusrmus
1052 1523 1092 1561 in
1112 1523 1284 1561 Domino
1302 1522 1483 1563 salutem.
1757 1518 1761 1527 ¹

907 1716 1004 1774 filio
1021 1718 1173 1774 petita.

425 1868 633 1924 Quinum
673 1862 755 1908 tibi
786 1872 828 1907 et
871 1862 1082 1908 universae
1124 1861 1275 1908 domui
1317 1873 1400 1909 tuae
1435 1862 1583 1910 omnia
1614 1857 1764 1910 bona

357 1951 524 2004 optem,
548 1953 628 1982 nec
645 1945 816 1980 tantum
834 1933 888 1979 ad
908 1932 1158 1979 felicitatem
1195 1934 1420 1998 praesentis
1442 1934 1591 1980 saeculi
1626 1952 1732 1998 per-
1764 1946 1766 1960 ²

358 2009 558 2063 tinentia,
580 2005 865 2052 verumetiam
892 2004 945 2050 ad
976 2005 1107 2050 vitam
1133 2004 1328 2051 futuram
1347 2017 1477 2069 atque
1502 2005 1732 2070 sempiter-
1765 2040 1767 2044 .

356 2099 476 2136 nam,
504 2095 605 2142 quae
635 2075 716 2122 tibi
750 2074 947 2121 nondum
980 2074 1194 2120 credenda
1225 2092 1427 2139 persuasa
1463 2086 1549 2121 est:
1588 2087 1731 2122 tamen
1766 2073 1768 2126 ἶ

356 2168 456 2216 quae
481 2167 548 2195 me
566 2156 782 2201 moveant,
813 2155 861 2190 ut
879 2145 932 2190 de
959 2145 1121 2208 puella,
1143 2162 1273 2208 quam
1295 2146 1425 2209 petis,
1449 2145 1562 2191 nihil
1581 2145 1731 2194 adhuc
1762 2150 1769 2205 ἰ

359 2221 542 2268 audeam
571 2217 789 2282 polliceri,
816 2227 1031 2279 quantum
1063 2216 1256 2262 sufficere
1291 2218 1432 2262 visum
1471 2227 1550 2272 est,
1579 2228 1730 2264 sancto
1763 2207 1769 2278 l

360 2292 485 2339 fratri
504 2302 546 2337 et
565 2289 834 2352 coepiscopo
859 2305 954 2333 meo
982 2292 1196 2333 Benenato
1225 2288 1449 2352 rescripsi,
1473 2287 1648 2334 domine
1664 2288 1731 2335 di·
1765 2282 1769 2338 ἰ

356 2362 582 2409 lectissime
599 2371 641 2406 et
664 2358 922 2405 venerabilis
946 2358 1022 2405 fili.
1062 2359 1105 2404 Si
1142 2359 1254 2404 enim
1280 2369 1342 2415 tu,
1370 2376 1471 2404 cum
1495 2358 1730 2406 certissime
1765 2347 1769 2422 l

357 2434 544 2488 noveris,
571 2431 701 2478 etiam
719 2430 753 2475 si
770 2440 929 2475 nostrae
948 2429 1163 2475 absoluta:
1187 2429 1240 2475 sit
1274 2429 1517 2493 potestatis,
1539 2430 1731 2493 quamli-
1766 2431 1769 2525 Ι

353 2506 429 2552 bet
444 2501 638 2568 puellam
656 2501 701 2547 in
725 2500 979 2560 conjugium
1019 2499 1206 2553 tradere,
1233 2499 1346 2546 tradi
1365 2518 1389 2546 a
1420 2500 1546 2547 nobis
1573 2500 1730 2547 Chris-
1768 2530 1769 2535 =

400 2609 411 2629 ¹
435 2606 520 2640 Alias
536 2614 681 2636 ccxxxtv.
696 2613 766 2645 quae
784 2607 889 2633 autem
909 2602 976 2633 255
991 2606 1072 2643 erat,
1092 2611 1189 2633 nunc.
1214 2601 1293 2633 108,
