1769 3235
348 239 440 297 480
750 249 784 280 5.
831 248 1076 280 1060511111
1111 249 1314 280 EPISCOPI

349 319 452 375 dixi,
478 317 532 364 de
556 317 716 380 quibus
743 315 938 379 superius
961 315 1079 379 loqui
1103 332 1341 379 coeperam,
1363 314 1525 372 dicens,
1553 321 1721 376 (man-—

348 407 496 454 quam
531 393 672 434 etiam
707 391 749 432 si
793 387 970 432 eisdem
1011 388 1295 432 concedatur
1315 423 1325 439 ,
1367 389 1587 444 inferiore
1622 391 1719 436 (clio

341 477 513 524 genere
539 460 808 504 anl'tmzrmn
829 474 916 501 nos
936 457 1046 501 z'lll'cl
1066 457 1136 501 acl
1156 462 1331 520 turpia,
1359 474 1454 502 non
1476 457 1584 502 inde
1606 477 1718 505 con·

339 534 512 592 ficiam
529 567 540 587 ,
567 540 649 574 cml
679 529 785 573 illas
817 538 986 572 namra
1007 528 1163 572 malas
1187 544 1312 582 esse,
1341 538 1426 572 aut
1453 531 1568 573 istas
1585 547 1718 576 sum-

346 619 476 647 mum
498 602 685 646 boumn.
709 601 771 644 De
786 598 853 643 1115
876 598 987 643 enim
1008 598 1350 659 disputationem
1373 614 1508 661 usque
1524 598 1578 644 ad
1599 600 1720 647 hunc

344 672 489 717 locum
511 670 693 734 perduxi
715 706 724 724 ,
753 669 827 714 ubi
860 668 947 713 dixi
969 685 980 713 ε
1017 672 1180 712 Etiam
1199 669 1571 727 sl'sunfcztzz'mce,
1590 672 1723 733 qnod

347 745 533 787 iuterim
559 743 779 786 incertum
796 750 881 790 eal,
911 738 1141 800 corporeis
1166 738 1345 797 officiis,
1386 755 1483 783 nou«
1499 752 1715 802 peccato,

342 812 428 859 sed
446 823 615 857 nalum
636 809 818 863 dedisse,
843 819 923 853 etc,
953 807 1103 863 Quaeri
1122 823 1222 867 ergo
1241 817 1398 869 potest,
1422 824 1500 853 cur
1518 809 1714 866 dixerim,

341 884 474 947 qaod
497 885 678 928 z'mem'm
697 884 925 923 incertum
952 887 1051 922 est.-
1078 893 1179 922 cum
1206 893 1383 940 prorsus
1409 877 1612 926 dubitare
1631 898 1719 926 non

341 954 593 1007 debuerim,
633 967 721 996 non
753 965 838 994 esse
878 948 984 993 tales
1011 948 1188 995 animaS.
1222 947 1305 993 Sed
1342 948 1428 994 1106
1462 948 1559 995 ideo
1596 951 1715 1008 dixi,

340 1024 442 1087 quia
470 1032 668 1086 expertus
692 1035 786 1065 sum
809 1017 888 1081 qui
911 1016 1104 1063 dicerent
1121 1009 1349 1063 diabolum
1374 1028 1415 1063 et
1434 1019 1606 1078 angelos
1628 1027 1720 1080 ejus

342 1099 482 1144 bonos
498 1094 645 1141 6556111
663 1107 814 1153 genere
834 1106 929 1145 su0,
956 1091 1058 1135 etin
1076 1107 1124 1136 ea
1146 1101 1319 1146 natura,
1340 1090 1385 1135 in
1398 1107 1485 1154 qua
1508 1109 1577 1138 eos
1594 1110 1718 1139 crea-

339 1169 405 1214 vit
419 1171 537 1212 Deus
559 1165 711 1211 ordine
737 1161 917 1226 proprio
943 1160 1045 1206 tales
1069 1159 1216 1224 quales
1237 1171 1336 1206 sunt
1357 1177 1368 1205 ι
1396 1160 1466 1206 56(1
1489 1162 1614 1208 nobis
1630 1180 1718 1210 ma-

339 1239 433 1285 lum
452 1254 540 1283 esse
559 1237 592 1281 si
613 1234 848 1280 illiciamur
873 1241 914 1277 et
936 1231 1197 1277 seducamur
1222 1231 1278 1276 ab
1302 1231 1387 1283 eis;
1423 1231 1457 1277 si
1482 1242 1623 1278 autem
1648 1250 1717 1280 ca-

339 1325 518 1355 veamus
541 1324 611 1352 eos
644 1316 775 1367 atque
796 1303 1024 1348 vincamus
1041 1338 1051 1357 ,
1087 1301 1295 1347 decorum
1315 1312 1444 1364 atque
1461 1302 1709 1362 gloriosum.

342 1382 397 1426 Et
420 1380 507 1425 1106
535 1378 611 1441 qui
642 1377 798 1422 dicunt
819 1411 830 1429 ,
870 1373 1075 1418 videntur
1099 1372 1212 1429 sibi,
1241 1383 1289 1418 ut
1321 1372 1366 1418 id
1401 1373 1620 1435 probent,
1662 1374 1715 1421 de

342 1449 581 1514 Scripturis
618 1446 829 1492 adhibere
864 1443 1020 1488 idonea
1050 1442 1294 1488 testimonia
1315 1480 1326 1498 ,
1367 1442 1433 1487 vel
1461 1442 1572 1489 illud
1594 1444 1714 1508 quod

339 1523 550 1585 scriptum
576 1530 639 1564 est
665 1518 710 1562 in
731 1516 846 1561 libro
870 1515 956 1559 Job
972 1551 982 1569 ,
1015 1531 1115 1559 cum
1137 1512 1340 1558 diabolus
1365 1512 1682 1561 describeretur
1704 1553 1714 1574 ,

337 1594 469 1638 «Hoc
499 1600 559 1636 est
593 1588 765 1634 initium
792 1584 987 1644 figmenti
1016 1583 1193 1629 Domini
1223 1583 1341 1646 quod
1376 1582 1478 1629 fecit
1513 1583 1568 1629 ad
1607 1585 1714 1632 illu—

338 1686 358 1706 »
379 1662 573 1709 dendum
607 1660 662 1704 ab
699 1656 858 1716 angelis
889 1654 974 1699 suis
989 1653 1021 1700 1.
1048 1675 1067 1695 »
1093 1653 1159 1699 vel
1194 1653 1304 1699 illud
1330 1655 1374 1698 in
1409 1653 1582 1700 Psalmo
1608 1672 1706 1702 6111.

338 1757 357 1776 «
385 1735 528 1778 Draco
555 1731 629 1776 1116
666 1743 796 1791 quem
835 1724 994 1770 finxisti
1028 1723 1083 1769 ad
1107 1722 1384 1769 illudendum
1410 1724 1447 1769 ei
1466 1724 1497 1770 ².
1518 1745 1536 1765 »
1569 1726 1714 1783 Quam

334 1805 638 1870 quaestionem,
665 1815 764 1862 quae
784 1813 873 1842 non
901 1794 1104 1840 adversus
1134 1793 1403 1839 Manichaeos
1425 1794 1502 1857 qui
1515 1794 1602 1841 hoc
1622 1812 1710 1842 non

333 1877 550 1930 sentiunt,
567 1871 640 1918 sed
667 1869 870 1915 adversus
895 1865 998 1911 alios
1013 1864 1090 1928 qui
1104 1863 1191 1910 boc
1209 1864 1418 1920 sentiunt,
1436 1865 1713 1929 suscipienda

331 1958 437 1994 esset
461 1956 589 2007 atque
607 1938 828 1994 solvenda,
856 1946 1122 2000 pertractare
1141 1945 1271 1998 atque
1298 1934 1484 1981 enodare
1508 1945 1614 1982 tunc
1631 1954 1713 1983 no·

330 2020 422 2075 lui,
450 2034 502 2062 ne
529 2015 694 2060 librum
719 2009 859 2055 multo
890 2023 1018 2070 quam
1049 2005 1202 2053 vellem
1224 2005 1409 2051 facerem
1432 2005 1670 2067 longiorem
1696 2025 1707 2052 :

330 2108 435 2138 cum
457 2088 646 2135 viderem
679 2084 808 2129 etiam
838 2080 872 2126 si
908 2081 993 2126 hoc
1019 2078 1347 2135 concederetur,
1376 2089 1520 2124 tamen
1544 2079 1705 2126 debere

333 2160 605 2209 Manichaeos
632 2173 680 2202 ac
699 2158 790 2215 jam
815 2167 939 2216 posse
969 2149 1170 2195 convinci
1195 2186 1205 2204 ‚
1246 2149 1569 2196 introducentes
1591 2150 1710 2196 insa—

332 2232 509 2278 nissimo
541 2244 683 2274 errore
699 2263 709 2281 ,
740 2233 941 2269 naturam
967 2219 1070 2265 mali
1095 2230 1257 2265 aeterno
1280 2221 1397 2267 bono
1425 2230 1702 2269 coaeternam.

334 2304 437 2350 ldeo
462 2315 563 2362 ergo
591 2298 702 2354 dixi,
732 2294 864 2360 quod
886 2292 1073 2337 interim
1097 2294 1328 2337 incertum
1358 2303 1448 2344 est,
1478 2308 1566 2337 non
1589 2292 1709 2356 quod

331 2392 410 2435 ego
433 2372 536 2418 inde
553 2369 825 2421 dubitarem,
846 2363 920 2409 sed
943 2360 1064 2425 quod
1089 2361 1201 2406 inter
1225 2379 1291 2408 me
1309 2373 1350 2408 et
1380 2361 1495 2416 illos,
1518 2378 1627 2425 quos
1648 2363 1709 2408 ita

329 2462 478 2510 sapere
500 2444 748 2489 inveneram
764 2474 775 2493 ,
803 2433 999 2481 nondum
1027 2441 1133 2477 esset
1155 2430 1236 2478 ista
1254 2433 1437 2496 quaestio
1467 2431 1674 2479 dissoluta
1691 2469 1703 2489 ,

326 2534 462 2583 quam
494 2525 639 2560 tamen
667 2512 713 2556 in
745 2507 838 2554 aliis
868 2506 993 2564 longe
1031 2502 1347 2567 posterioribus
1369 2503 1492 2551 libris
1519 2503 1622 2550 meis
1649 2503 1708 2551 de

373 2603 384 2627 ¹
406 2601 485 2635 Job.
500 2609 553 2637 xz,
577 2603 628 2635 14.
642 2613 688 2619 -—
700 2593 715 2616 '²
732 2593 814 2627 Psal.
829 2602 904 2633 6111,
931 2599 988 2629 27.
