1769 3235
326 248 412 301 162
735 260 770 290 s,
813 258 1055 304 Auensrmt
1089 259 1293 308 iirlscom

317 331 535 392 justorum
550 341 652 371 cum
667 323 855 388 dixisset,
879 343 900 365 «
921 324 1008 370 lN'os
1029 325 1400 387 commutabimur
1417 344 1427 380 3
1443 345 1463 366 ›>
1485 335 1688 404 tanquam
1745 329 1747 352 ¹

319 401 612 483 Quaereremus
629 394 848 459 quomodo
874 393 992 439 istud
1011 394 1087 439 fiat
1108 432 1118 449 ,
1150 395 1216 440 vel
1235 394 1375 458 qualis
1400 394 1472 454 illa
1497 386 1692 457 commu·

320 471 428 526 tatio
451 468 598 516 futura
627 469 703 525 sit,
743 467 943 533 adjungit
973 477 1015 512 et
1039 466 1172 523 dicit,
1199 488 1217 509 «
1240 467 1427 530 Oportet
1451 466 1565 522 enim
1589 483 1690 530 cor-7
1746 467 1748 520 ζ

323 541 570 657 »ruptibile
600 540 687 585 boc
714 538 892 590 induere
927 538 1266 603 incorruptelam
1292 575 1302 592 ,
1336 549 1378 582 et
1403 536 1582 598 mortale
1604 535 1691 598 boc

321 633 342 654 >›
364 612 409 677 in
446 628 543 657 uere
562 608 931 672 immortalitatem
946 607 979 654 1.
1004 629 1024 649 »
1059 608 1155 653 Nou
1176 645 1186 663 ‚
1210 618 1256 653 ut
1274 609 1453 671 opinor,
1475 606 1691 669 dubitan-
1746 615 1749 651 i

320 681 427 748 dum
450 692 512 727 est
537 679 776 727 secundum
807 679 894 724 hoc
919 679 1114 733 dictum,
1143 682 1292 723 «Caro
1331 691 1372 723 et
1406 677 1577 737 sanguis
1600 693 1691 740 regf
1747 727 1749 733 y

320 773 342 794 ))
362 769 467 816 num
487 751 569 797 Dei
584 767 672 812 non
690 748 993 813 possidebunt,
1014 769 1033 790 »
1053 747 1156 810 quia
1174 765 1260 792 non
1279 748 1341 792 ibi
1360 747 1440 795 erit
1467 745 1691 824 corruptio
1748 747 1749 751 ’

317 834 360 884 et
384 821 625 882 mortalitas
657 819 797 882 carnis
835 829 875 863 et
909 818 1141 878 sanguinis.
1188 817 1439 877 Secundum
1474 817 1554 876 has
1576 815 1690 877 enim

318 893 548 962 qualitates
577 891 664 936 hoc
687 888 785 935 loco
807 905 979 934 carnem
1010 898 1050 932 et
1071 888 1320 947 sanguinem
1345 886 1632 951 nuncupavit.

342 963 501 1025 XVl.
538 960 758 1018 Quocirca
780 996 789 1012 ,
837 969 884 1004 ut
918 957 1086 1020 aliquid
1114 957 1296 1020 exempli
1328 958 1463 1018 gratia
1495 973 1688 1026 ponam,
1748 1010 1750 1015 y

314 1034 435 1116 quod
458 1032 635 1096 interim
671 1030 863 1076 occurrit
888 1065 899 1078 ,
942 1029 1055 1074 sicut
1084 1029 1297 1093 scriptum
1323 1038 1385 1073 est
1406 1048 1419 1088 Ξ
1444 1048 1464 1068 α
1490 1027 1553 1082 Ne
1583 1025 1693 1089 forte
1748 1028 1750 1034 “

315 1125 336 1146 »
356 1103 584 1167 tentaverit
607 1117 683 1148 vos
707 1100 782 1164 qui
810 1109 959 1155 tentat,
983 1109 1025 1144 et
1047 1099 1187 1146 inanis
1211 1099 1265 1144 sit
1283 1098 1411 1160 labor
1429 1108 1574 1159 noster
1589 1097 1607 1125 2
1631 1134 1643 1154 ,
1671 1118 1692 1152 ²?
1748 1099 1750 1105 ’

318 1185 446 1253 atque
479 1174 553 1235 bic
576 1171 834 1231 intelligitur
857 1169 1085 1224 diabolus,
1124 1180 1331 1233 tanquam
1367 1170 1483 1226 Deus
1514 1167 1691 1229 omnino

314 1263 403 1309 non
426 1254 588 1299 tentet,
624 1243 678 1288 de
697 1258 786 1305 quo
811 1241 893 1304 alio
913 1240 1010 1286 loco
1036 1240 1267 1303 Scriptura
1291 1240 1430 1293 dicit,
1453 1240 1587 1306 «Ipse
1611 1253 1692 1296 au·
1749 1294 1751 1299 ,

315 1338 337 1375 ²?
361 1327 446 1374 tem
464 1314 681 1371 neminem
700 1310 883 1371 tentatss,
903 1332 923 1352 »
952 1328 1031 1356 nec
1057 1310 1273 1355 contraria
1298 1320 1358 1354 est
1385 1309 1464 1367 ista
1484 1307 1694 1370 sententia
1749 1331 1751 1333 ·

314 1387 351 1446 ei
375 1403 464 1458 qua
493 1373 657 1442 dicitur
677 1419 687 1439 ‚
713 1403 732 1424 α
756 1383 916 1428 Tentat
946 1398 1022 1426 vos
1047 1381 1259 1430 Dominus
1290 1381 1405 1425 Deus
1443 1378 1613 1439 vester&
1636 1395 1647 1437 ς
1671 1397 1691 1418 ›>

314 1455 387 1520 sed
411 1455 593 1501 solvitur
607 1452 810 1517 quaestio,
839 1467 940 1496 cum
959 1450 1224 1496 vocabulum
1241 1449 1489 1495 tentationis
1507 1448 1695 1511 diversas

309 1525 612 1587 intelligentias
633 1524 810 1576 habeat,
829 1539 878 1567 co
892 1521 1011 1585 quod
1034 1521 1116 1566 alia
1127 1521 1180 1566 sit
1204 1521 1381 1566 tentatio
1402 1518 1692 1585 deceptionis,

315 1597 396 1661 alia
424 1596 605 1657 tentatio
649 1592 922 1658 probationis
947 1609 957 1636 :
986 1591 1228 1637 secundum
1256 1590 1375 1651 illam
1400 1608 1488 1636 non
1527 1588 1692 1651 intelli-

312 1668 429 1728 gitur
442 1667 520 1731 qui
537 1673 696 1719 tentat,
713 1663 794 1709 nisi
808 1661 1027 1716 diabolus,
1051 1661 1292 1707 secundum
1312 1661 1427 1706 hanc
1443 1677 1543 1716 vero
1560 1669 1697 1723 tentat

313 1738 441 1783 Deus.
463 1734 531 1781 Ita
558 1752 659 1781 cum
687 1734 873 1787 dicitur,
899 1735 1011 1778 Caro
1038 1732 1276 1795 possidebit
1301 1748 1480 1793 regnum
1508 1730 1607 1794 Dei,
1629 1740 1688 1792 et,

312 1813 425 1855 Caro
450 1824 539 1852 non
561 1804 808 1869 possidebit
837 1819 1016 1863 regnum
1046 1803 1145 1859 Dei3
1171 1802 1300 1847 etiam
1336 1802 1469 1861 hujus
1504 1800 1692 1862 nominis

312 1878 592 1939 intelligentia
617 1876 903 1930 discernatur,
930 1885 971 1920 et
1000 1873 1118 1920 nulla
1139 1874 1219 1920 erit
1242 1873 1425 1937 quaestio
1447 1890 1457 1917 :
1483 1872 1691 1940 quoniam

313 1967 413 1996 caro
445 1946 686 2004 secundum
723 1944 1011 1991 substantiam
1033 1981 1044 2000 ,
1082 1943 1322 2006 secundum
1355 1960 1487 2006 quam
1509 1941 1691 1997 ¹dictum

313 2031 398 2077 est,
426 2042 446 2062 «
466 2019 653 2083 Spiritus
674 2034 766 2063 ossa
790 2030 831 2061 et
852 2033 1027 2061 carnem
1051 2032 1140 2060 non
1162 2015 1314 2071 habet,
1345 2015 1456 2071 sicut
1480 2030 1547 2058 ine
1566 2011 1692 2070 vide·
1750 2030 1752 2061 ἓ

316 2090 401 2135 »tis
424 2086 635 2144 habere5,
651 2110 668 2129 ›>
693 2085 935 2150 possidebit
960 2102 1139 2145 regnum
1168 2085 1246 2130 Dei
1268 2102 1278 2129 ι
1306 2101 1406 2130 caro
1431 2093 1572 2141 autem
1590 2099 1690 2136 cum
1750 2092 1753 2141 ξ

314 2160 554 2224 secundum
577 2158 903 2221 corruptionem
921 2155 1194 2216 intelligitur,
1219 2172 1307 2200 non
1324 2153 1579 2218 possidebit.
1596 2153 1693 2214 Hoc
1750 2169 1753 2199 ι,

315 2238 429 2285 enim
458 2231 698 2296 expositum
735 2239 796 2274 est
827 2244 927 2274 cum
968 2226 1209 2283 diceretur,
1249 2247 1268 2268 «
1296 2226 1408 2271 Caro
1439 2236 1482 2271 et
1522 2224 1692 2286 sanguis
1750 2216 1753 2273 ξ

317 2330 337 2350 »
357 2321 538 2367 regnum
563 2301 645 2348 Dei
676 2317 765 2345 non
789 2297 1077 2362 possidebunt
1096 2318 1108 2351 ;
1130 2319 1149 2340 »
1188 2297 1233 2343 in
1265 2314 1314 2343 eo
1340 2295 1460 2359 quod
1482 2295 1691 2342 continuo

315 2378 512 2430 additum
540 2383 628 2428 est,
659 2392 679 2412 <‹
703 2372 852 2433 Neque
877 2369 1102 2432 corruptio
1138 2367 1514 2432 incorruptionem
1549 2366 1691 2434 possi-

314 2471 335 2492 »
352 2446 499 2494 debit(3
522 2463 534 2497 ς
562 2443 675 2489 sicut
698 2440 814 2496 satiS‚
837 2449 1051 2503 quantum
1074 2439 1279 2496 arbitror,
1303 2438 1596 2502 disseruimus,

356 2553 369 2574 1
393 2562 404 2581 1
424 2550 507 2582 Cor.
527 2555 581 2582 xv,
609 2544 667 2577 53.
685 2559 726 2564 ——
746 2539 761 2562 2
788 2553 800 2572 1
824 2539 934 2571 Thess.
959 2551 1020 2581 ιη,
1042 2540 1075 2573 5.
1094 2556 1140 2562 —-
1162 2536 1176 2561 ³
1203 2538 1317 2572 Jacob.
1349 2549 1379 2582 1,
1405 2539 1457 2571 13.
1487 2554 1531 2562 -
1556 2533 1572 2558 ⁴
1590 2539 1687 2587 DW‘·
1752 2547 1753 2550 ¹

307 2621 385 2649 11¹1,
401 2609 433 2641 3,
447 2621 492 2630 --
511 2600 525 2626 ⁵
541 2604 617 2634 Luc.
636 2608 724 2638 xxiv,
742 2599 799 2638 39.
814 2613 861 2621 —-
873 2593 888 2618 ⁶
912 2607 925 2627 ι
948 2596 1026 2629 Cor.
1040 2605 1093 2635 κν,
1115 2596 1166 2627 50.

1750 2589 1753 2616 l
