1769 3235
525 303 737 337 mussona
771 303 920 338 cxmx.
1331 306 1346 337 1
1359 291 1420 340 03

2 361 7 432 i
47 389 117 420 eos
137 371 312 419 nolebat
332 371 390 418 de
415 371 740 436 propinquante
763 370 832 416 die
852 371 1085 418 novissimo
1110 371 1224 418 falsis
1250 373 1421 420 auscul-

2 433 6 511 ᾗ
49 452 137 498 tare
168 443 416 489 rumoribus
435 479 446 497 ‚
475 453 524 488 ut
548 452 689 490 tamen
722 441 849 488 vellet
878 458 948 487 cos
975 452 1152 504 paratos
1185 441 1423 490 adventurn

1 514 5 566 i
49 506 225 581 Domini
246 514 311 559 sui
331 513 492 559 lumbis
515 513 745 569 accinctis,
769 523 810 559 et
829 512 1017 559 lucernis
1040 511 1294 560 ardentibus
1311 532 1421 579 ope-

48 582 123 631 riri
144 603 155 630 2
181 586 342 649 quibus
377 584 510 641 dicit,
553 605 574 626 «
595 584 680 630 Vos
711 595 855 630 autem
883 584 1036 631 fratres
1059 600 1147 631 non
1167 587 1264 631 estis
1288 587 1334 632 in
1355 597 1423 632 te-

49 675 70 697 »
89 655 233 701 nebris
254 693 264 712 ,
305 666 354 702 ut
388 673 464 703 vos
498 654 589 701 dies
612 655 684 701 ille
710 665 919 719 tanquam
946 654 1019 701 fur
1055 655 1418 718 comprehendat.

49 746 70 768 »
89 725 250 772 Omnes
268 727 383 773 enim
404 737 452 772 ut
472 743 546 772 vos
572 726 652 772 filii
675 726 785 772 lueis
804 726 901 772 estis
927 736 970 772 et
993 725 1073 772 filii
1105 726 1213 783 diei3
1239 744 1328 772 non
1347 742 1425 773 su-

49 816 70 838 »
88 813 183 844 mus
210 798 349 844 noetis
383 814 523 861 neque
557 797 834 843 tenebrarum
850 795 884 845 1.
920 820 939 842 »³
972 797 1050 843 Ille
1088 807 1234 843 autem
1259 797 1335 861 qui
1364 797 1426 843 sic

48 866 179 924 dicit,
205 889 226 909 «
252 869 420 914 Moram
445 867 549 914 facit
574 869 791 915 Dominus
814 885 934 915 meus
958 868 1135 915 venire2
1160 888 1171 922 ;
1195 890 1214 910 »
1246 878 1293 914 ut
1317 885 1424 931 per-

48 938 183 1002 cutiat
206 955 433 985 conservos
459 956 558 986 suos
576 977 587 997 ‚
615 950 657 985 et
673 939 873 1004 epuletur
895 957 996 986 cum
1020 938 1202 985 ebriosis
1221 976 1232 996 ‚
1252 956 1343 985 non
1364 948 1427 984 est

49 1007 161 1053 filius
179 1008 317 1065 lueis,
348 1009 419 1056 sed
448 1011 727 1057 tenebrarum
752 1029 762 1056 :
787 1022 828 1056 et
853 1010 952 1057 ideo
985 1028 1085 1057 eum
1117 1021 1324 1074 tanquam
1354 1009 1428 1056 sur

48 1077 136 1124 dies
165 1079 236 1125 ille
257 1081 603 1144 comprehendet
626 1100 636 1127 ε
664 1081 785 1145 quod
811 1081 1108 1146 unusquisque
1132 1081 1262 1127 (lebet
1293 1080 1426 1126 etiam

48 1148 100 1195 de
120 1149 189 1196 die
208 1150 341 1212 hujus
362 1152 464 1198 vitae
484 1170 573 1199 suae
597 1154 832 1199 novissimo
855 1153 1103 1201 formidare.
1131 1154 1183 1198 In
1204 1169 1292 1218 quo
1312 1152 1428 1198 enim

0 1265 1 1290 ἶ
47 1237 263 1286 quemque
289 1222 500 1269 invenerit
536 1240 637 1270 suus
671 1224 930 1270 novissimus
962 1224 1052 1269 dies
1074 1261 1084 1279 ‚
1126 1224 1171 1269 in
1203 1223 1291 1269 hoc
1325 1240 1426 1269 eum

0 1296 1 1300 ’
49 1293 390 1356 comprehendet
417 1294 572 1341 mundi
603 1295 860 1342 novissimus
895 1295 1014 1340 dies:
1045 1294 1253 1358 quoniam
1286 1292 1428 1356 qualis

0 1424 1 1427 Ἴ
48 1363 175 1409 indie
191 1364 273 1411 isto
296 1366 480 1430 quisque
505 1367 691 1413 moritur
710 1404 720 1422 ‚
743 1365 841 1412 talis
858 1366 903 1411 in
927 1366 997 1412 die
1016 1364 1398 1425 illojudicabitur.

113 1434 195 1482 111.
235 1435 306 1481 Ad
342 1436 429 1483 hoe
464 1437 652 1500 pertinet
678 1436 800 1501 quod
830 1437 876 1482 in
910 1435 1144 1496 Evangelio
1185 1434 1425 1481 secundum

52 1507 246 1553 Marcum
272 1506 331 1552 ita
357 1507 572 1571 scriptum
597 1519 660 1554 est
676 1546 686 1565 ,
717 1530 737 1550 «
756 1508 941 1569 Vigilate
965 1524 1065 1569 ergo
1084 1544 1095 1564 ‚
1126 1506 1228 1571 quia
1253 1506 1427 1552 nescitis

51 1598 71 1619 ‚2
86 1577 264 1640 quando
289 1578 499 1624 Dominus
516 1578 673 1625 domus
698 1578 838 1625 veniat
860 1616 872 1635 ,
896 1596 989 1624 sero
1009 1616 1020 1635 ,
1049 1596 1105 1624 an
1119 1577 1260 1624 media
1277 1586 1422 1632 nocte,

51 1667 71 1688 ›>
90 1665 142 1693 an
163 1648 264 1708 galli
287 1659 420 1695 cantu
440 1686 451 1705 ‚
477 1667 531 1695 an
558 1644 684 1696 mane
701 1687 711 1706 ‚
739 1667 792 1695 ne
811 1666 913 1695 eum
934 1649 1098 1695 venerit
1123 1659 1300 1711 repente
1319 1685 1329 1703 ‚
1353 1647 1426 1692 in-

50 1719 230 1764 »veniat
265 1737 341 1765 vos
369 1719 646 1767 dormientes,
691 1720 823 1777 Quod
849 1730 992 1766 autem
1019 1719 1144 1765 vobis
1170 1718 1270 1764 dieo
1290 1756 1300 1774 ‚
1331 1735 1428 1763 om-

50 1789 218 1835 »nibus
238 1789 338 1836 dico
363 1828 373 1842 ,
402 1790 632 1852 Vigilate3.
654 1812 672 1833 »
699 1792 874 1848 Quibus
910 1791 1024 1836 enim
1053 1790 1260 1835 omnibus
1287 1788 1425 1845 dicit,

49 1857 129 1904 nisi
153 1858 298 1905 electis
320 1872 361 1906 et
379 1861 549 1907 dilectis
574 1863 660 1907 suis
686 1861 741 1907 ad
771 1878 932 1925 corpus
956 1868 1045 1920 ejus
1069 1859 1392 1923 pertinentibus
1414 1895 1424 1914 ,

48 1932 168 1994 quod
200 1942 262 1977 est
290 1931 516 1978 Ecclesia?
549 1933 648 1978 Non
683 1933 823 1978 solum
858 1949 959 1991 ergo
994 1932 1078 1977 illis
1102 1931 1235 1986 dixit,
1266 1931 1429 1994 quibus

50 2010 156 2048 tunc
178 2003 454 2049 audientibus
477 2004 766 2068 loquebatur3
790 2003 862 2049 sed
881 2004 1009 2049 etiam
1029 2002 1113 2048 illis
1133 2040 1143 2058 ,
1162 2003 1239 2066 qui
1256 2002 1432 2048 fuerunt

49 2083 149 2137 post
171 2073 268 2120 illos
282 2085 379 2120 ante
402 2092 497 2131 1108,
517 2085 559 2120 et
585 2073 640 2120 ad
663 2092 742 2121 nos
763 2075 898 2138 ipsos,
921 2084 963 2120 et
981 2075 1057 2137 qui
1082 2084 1211 2120 erunt
1230 2083 1331 2136 post
1356 2089 1432 2118 nos

51 2159 185 2207 usque
211 2143 266 2190 ad
295 2148 387 2206 ejus
410 2145 693 2192 novissimum
732 2145 984 2193 adventum.
1023 2143 1252 2207 Numquid
1285 2153 1431 2189 autem

53 2230 198 2261 omnes
219 2216 474 2262 inventurus
492 2227 554 2261 est
576 2216 667 2262 dies
688 2216 760 2262 ille
783 2217 829 2262 in
856 2216 941 2262 hac
967 2215 1054 2261 vita
1078 2253 1088 2270 ‚
1125 2225 1200 2259 aut
1226 2214 1433 2277 quisqum

57 2283 252 2332 dicturus
285 2298 371 2343 est,
411 2287 532 2351 quod
559 2286 613 2332 ad
649 2286 879 2332 defunc¹os
904 2286 1033 2331 etiam
1072 2285 1288 2348 pertineat
1312 2282 1434 2347 quod

58 2356 140 2414 ait,
177 2359 432 2418 «Vigilate,
463 2376 516 2404 ne
555 2375 658 2404 eum
693 2369 870 2421 repente
907 2357 1100 2413 venerit,
1134 2356 1329 2402 inveniat
1359 2371 1435 2400 vos

57 2448 78 2470 n
101 2429 394 2476 dormientes?
417 2452 437 2473 >J
465 2431 557 2475 Cur
580 2430 727 2493 itaque
751 2429 957 2475 omnibus
983 2428 1121 2485 dicit,
1141 2427 1264 2492 quod
1292 2426 1345 2472 ad
1365 2442 1435 2471 eos

56 2500 166 2547 solos
204 2502 419 2565 pertineat
451 2501 529 2566 qui
553 2512 660 2546 tunc
685 2511 839 2556 erunt,
875 2500 957 2545 nisi
993 2499 1097 2563 quia
1131 2516 1180 2544 eo
1217 2497 1349 2543 modo
1381 2495 1436 2542 acl

56 2587 201 2619 omnes
239 2573 454 2638 pertinet,
482 2571 709 2638 quomodo
745 2571 869 2618 dixi?
897 2571 1025 2616 Tune
1049 2569 1165 2616 enim
1195 2568 1436 2631 unicuique

104 2655 114 2676 ¹
139 2667 150 2686 1
167 2655 277 2689 Thess.
294 2667 321 2694 v,
338 2663 368 2694 4,
386 2657 420 2689 5.
436 2674 476 2681 -
492 2654 507 2678 ²
523 2655 678 2696 Lue.x11‚
699 2657 753 2693 45.
774 2675 811 2679 -—
834 2652 848 2677 3
866 2654 968 2687 Marc.
985 2664 1058 2692 xm,
1075 2653 1128 2684 35.
