1769 3235
522 259 734 292 EPISTOLA
772 260 938 291 ccxvii.
1329 248 1420 294 223

57 327 214 376 utentis
227 326 364 373 aetatis
377 363 388 382 ‚
411 325 624 372 habentes
641 326 975 371 consentientem
995 326 1207 374 doctrinae
1226 327 1420 384 salutari,

56 399 100 446 in
123 413 209 460 qua
230 395 383 442 nutriti
402 406 525 450 sunt,
556 394 848 449 voluntatem,
880 405 921 440 et
945 396 988 440 in
1013 413 1061 441 ea
1089 399 1282 443 finientes
1298 400 1423 444 istam

55 469 214 518 vitam,
253 466 287 512 si
325 465 450 511 electi
489 477 590 512 sunt
624 466 669 511 in
716 465 894 510 Christo
937 477 1033 510 ante
1074 468 1424 514 constitutionem

55 536 207 584 mundi
228 547 276 582 ut
296 546 432 582 essent
449 536 640 582 sanctiet
659 534 925 580 immaculati
947 536 993 580 in
1016 548 1251 599 conspectu
1273 542 1364 597 ejus
1379 539 1423 584 in

55 607 264 656 charitate
282 645 292 664 ‚
315 606 611 670 praedestinati
629 607 673 652 in
694 606 969 669 adoptionem
989 606 1222 654 filiorum‘l.

117 682 175 726 X.
209 679 317 723 Haec
339 688 478 724 autem
497 687 683 741 potestas
709 677 981 721 tenebrarum
996 714 1007 731 ,
1030 676 1073 722 id
1089 688 1175 734 est,
1193 677 1395 724 diabolus
1409 716 1419 735 ‚

56 750 131 812 qui
155 747 318 794 dicitur
335 749 464 793 etiam
490 748 693 811 princeps
722 748 944 810 potestatis
972 749 1108 803 aeris,
1141 759 1346 810 operatur
1380 749 1425 794 in

54 819 152 866 filiis
169 818 439 873 diffidentiae,
462 819 666 882 princeps
682 818 758 864 iste
773 828 916 863 rector
934 818 1256 873 tenebrarun12,
1279 819 1323 864 id
1343 830 1423 875 est,

54 889 245 952 ipsorum
281 888 535 935 diffidentiae
567 889 758 934 filiorum
778 926 788 942 ,
816 905 962 948 regens
998 905 1067 934 eos
1106 888 1160 933 ad
1193 889 1425 934 arbitrium

53 975 176 1005 suum
193 996 204 1013 ‚
222 959 342 1022 quod
360 977 497 1023 neque
516 960 606 1023 ipse
622 959 757 1005 habet
770 959 956 1005 liberum
973 959 1026 1005 ad
1042 958 1420 1017 benefaciendum,

52 1028 123 1074 sed
147 1029 200 1074 ad
220 1030 449 1075 maximam
476 1029 824 1075 malevolentiam
852 1048 984 1093 poena
1005 1031 1069 1076 sui
1087 1029 1256 1076 sceleris
1274 1030 1423 1076 obdu—

51 1110 231 1160 ratum:
259 1099 375 1144 unde
410 1117 537 1145 nemo
572 1117 688 1145 sanae
722 1101 824 1146 fidei
859 1101 1023 1157 credit,
1062 1110 1136 1146 aut
1167 1100 1303 1156 dicit,
1345 1100 1426 1146 hos

53 1179 268 1233 apostatas
304 1169 494 1230 Angelos
527 1169 581 1215 ad
618 1169 846 1232 pristinam
882 1171 1086 1233 pietatem
1117 1182 1309 1217 correcta
1344 1170 1423 1215 ali-

51 1239 226 1304 quando
248 1239 470 1286 voluntate
493 1240 702 1286 converti.
732 1239 851 1297 Quid
870 1258 970 1300 ergo
990 1252 1198 1304 operatur
1221 1242 1320 1287 haec
1337 1258 1424 1304 po-

52 1319 176 1358 testas
214 1311 260 1356 in
295 1310 394 1356 filiis
431 1309 709 1367 diffidentiae,
744 1310 825 1356 nisi
852 1328 984 1374 opera
1041 1328 1116 1356 sua
1148 1311 1286 1367 mala,
1315 1311 1426 1357 etin

51 1381 203 1444 primis
235 1382 503 1444 maximeque
537 1381 676 1444 ipsam
710 1381 996 1427 diffidentiam
1030 1392 1071 1427 et
1093 1381 1421 1438 infidelitatem,

52 1468 136 1515 qua
159 1463 259 1498 sunt
281 1452 448 1497 inimici
469 1451 592 1502 fidei,
621 1469 698 1515 per
718 1466 848 1515 quam
871 1453 952 1498 scit
970 1469 1040 1498 eos
1057 1469 1180 1516 posse
1198 1453 1422 1509 mundari,

50 1538 171 1585 posse
192 1522 356 1576 sanari,
386 1538 510 1585 posse
532 1523 843 1585 perfectissime
866 1523 1046 1581 liberos,
1065 1523 1185 1586 quod
1208 1524 1269 1569 eis
1291 1524 1425 1569 vehe-

51 1603 215 1638 menter
248 1592 438 1649 invidet‚
474 1593 518 1638 iu
552 1594 791 1639 aeternitate
829 1611 1020 1654 regnare.
1068 1596 1221 1657 ltaque
1259 1595 1427 1658 aliquos

49 1679 196 1708 eorum
212 1699 225 1718 ‚
254 1680 332 1725 per
356 1678 466 1725 quos
490 1662 676 1726 amplius
694 1663 895 1726 decipere
916 1665 1114 1720 affectat,
1141 1664 1238 1709 sinit
1263 1664 1426 1711 habere

50 1733 258 1778 nonnulla
279 1733 400 1779 velut
432 1750 562 1797 opera
600 1734 740 1791 bona,
770 1735 816 1780 in
849 1735 1011 1797 quibus
1053 1735 1309 1790 laudantur,
1348 1750 1426 1798 per

50 1820 241 1866 quasque
261 1814 402 1863 gentes
417 1840 426 1857 ‚
451 1804 760 1867 praecipueque
774 1805 819 1849 in
831 1815 955 1864 gente
976 1805 1175 1850 Romana
1192 1841 1201 1859 ‚
1220 1805 1294 1868 qui
1308 1821 1424 1867 prae-

49 1874 162 1920 clare
186 1873 590 1937 gloriosissimaeque
605 1875 817 1921 vixerunt.
844 1875 928 1920 Sed
947 1877 1153 1938 quoniam
1178 1875 1291 1920 sicut
1308 1892 1429 1921 vera-

49 1944 218 1990 cissima
243 1944 471 2008 Scriptura
491 1944 600 1990 dicit
629 1963 638 1990 :
667 1966 687 1986 «
711 1946 854 1991 Omne
875 1945 994 2008 quod
1021 1963 1111 1991 non
1140 1956 1205 1990 est
1233 1962 1280 1990 ex
1311 1945 1423 2001 side,

50 2035 70 2056 ι)
92 2025 323 2079 peccatum
341 2016 451 2070 est33
473 2037 492 2057 »
516 2026 581 2071 et,
606 2036 625 2056 «
646 2016 748 2061 Sine
778 2016 865 2061 fide
896 2016 1166 2079 impossibile
1186 2026 1247 2060 est
1277 2015 1427 2078 utique

49 2085 218 2149 placere
263 2087 351 2132 Deo
375 2086 412 2142 4,
458 2106 478 2128 n
520 2102 606 2131 nou
646 2086 902 2132 hominibus
928 2104 941 2132 ε
981 2086 1094 2132 nihil
1128 2086 1188 2131 sic
1227 2085 1314 2145 agit
1348 2085 1424 2131 hic

49 2156 279 2219 princeps4
304 2172 438 2219 quam
472 2166 522 2201 ut
549 2172 638 2201 non
664 2155 869 2202 credatur
889 2157 936 2202 in
962 2158 1127 2213 Deum,
1153 2173 1233 2201 nec
1248 2155 1304 2201 ad
1332 2157 1426 2200 Me-

50 2226 286 2283 diatore'm‚
327 2244 350 2273 a
378 2243 467 2292 quo
507 2226 737 2273 solvuntur
769 2232 902 2291 opera
938 2231 1057 2287 erS‚
1097 2225 1313 2272 credendo
1347 2243 1426 2273 ve·-

49 2308 207 2361 matur.

112 2369 190 2433 XI.
224 2368 309 2415 Sed
322 2369 412 2432 ipse
434 2368 648 2415 Mediator
662 2368 794 2414 intrat
813 2368 859 2414 in
880 2366 1060 2414 domum
1078 2366 1202 2413 fortis
1212 2366 1249 2422 5,
1270 2367 1317 2413 id
1336 2378 1425 2426 est,

49 2438 193 2485 inhoc
216 2439 424 2486 saeculum
449 2439 698 2486 mortalium
727 2439 811 2485 sub
834 2446 1048 2502 potestate
1071 2436 1264 2495 diaboli,
1292 2454 1431 2502 quan-

95 2536 107 2560 ¹
124 2538 242 2580 Ephes.
261 2549 290 2577 1,
316 2544 410 2576 250—
431 2536 448 2561 2
467 2537 516 2572 Id.
537 2546 584 2578 ιι,
604 2549 636 2572 2.
657 2554 706 2562 —
725 2535 741 2561 3
761 2540 860 2571 Rom.
880 2547 936 2571 xiv
950 2561 960 2578 ,
979 2538 1038 2571 23.
1058 2554 1103 2563 —
1120 2533 1135 2560 ⁴
1150 2535 1254 2569 Hebr.
1269 2538 1430 2578 1196,—

47 2589 61 2616 ⁵
75 2593 194 2627 Matth.
211 2604 273 2633 xn,
292 2605 347 2635 29.
