1769 3235
572 265 783 296 EPISTOLA
819 267 946 297 ccxx.
1360 251 1452 309 245

78 331 266 394 cupiunt
288 330 541 394 pervenire;
569 348 619 377 ac
648 349 725 394 per
745 332 831 377 1100
851 333 927 395 qui
954 332 1165 380 refrenare
1188 345 1230 381 et
1248 351 1451 398 compes-

80 419 174 447 cere
212 401 401 447 debuisti
430 402 690 465 cupiditates
725 413 844 457 tuas,
881 403 1047 465 explere
1083 406 1246 464 cogeris
1273 406 1447 451 alienas,

83 471 211 528 Quod
240 483 287 517 ut
324 473 422 528 fiat,
459 490 627 518 11006556
653 484 715 518 051
750 473 884 518 multa
903 511 912 528 ,
947 490 1046 535 quae
1076 477 1162 519 Deo
1187 475 1450 538 displicent,

20 543 23 595 ξ
81 542 217 586 fiant:
240 558 317 587 1160
332 543 392 587 510
411 553 552 587 tamen
574 542 800 605 explentur
820 543 924 587 tales
945 544 1221 605 cupiditates.
1257 547 1367 590 ‘Nam
1394 546 1454 590 fa-

18 657 20 673 ,
82 611 206 656 cilius
234 624 480 658 resecantur
502 614 545 658 in
563 614 620 658 eis
637 651 646 669 ‚
667 615 743 676 qui
771 615 906 658 Deum
929 613 1143 673 diligunt,
1160 632 1292 678 quani
1312 618 1357 661 in
1377 616 1453 667 eis,

17 684 19 738 j
83 683 159 745 qui
174 682 387 728 mundum
407 683 613 744 diligunt,
638 684 872 746 aliquando
893 685 1119 730 satiantur.
1141 687 1326 749 Propter
1341 685 1459 749 quod

17 774 19 784 ·
84 752 194 798 dicit
217 754 365 800 divina
397 754 627 817 Scriptura
648 792 658 810 ,
696 777 715 796 α
743 755 884 799 Nolite
911 754 1089 815 diligere
1110 757 1323 801 mundum
1345 793 1356 812 ‚
1380 772 1459 801 nec

14 852 17 884 g
82 834 107 866 ''»
130 843 178 871 ea
207 842 308 888 quae
332 825 377 870 111
396 825 561 870 mundo
588 837 702 872 sunt.
736 826 779 871 Si
802 825 898 888 quis
922 825 1115 871 dilexerit
1131 827 1367 882 mundum,
1389 827 1462 871 di-

15 891 16 894 *
87 917 108 939 »
130 895 258 941 lectio
284 896 419 959 patris
442 913 529 940 non
549 907 610 941 est
632 897 677 941 in
703 914 752 941 eo
779 914 789 942 :
812 897 913 960 quia
936 913 1063 942 omne
1083 896 1203 959 quod
1227 897 1272 942 111
1297 896 1463 942 1111111ἅο

90 987 111 1008 »
137 975 218 1023 est,
240 965 593 1028 concupiscentia
616 966 756 1011 carnis
774 977 857 1023 051,
878 977 919 1011 61
939 967 1294 1029 concupiscentia
1320 967 1467 1013 oculo-

88 1058 109 1080 »
133 1053 231 1082 rum
251 1073 261 1091 ‚
301 1047 343 1081 et
367 1036 550 1082 ambitio
579 1037 748 1093 saeculi,
770 1055 870 1101 quae
888 1055 977 1083 non
1006 1048 1068 1083 est
1092 1056 1114 1083 a
1138 1039 1265 1083 Patre
1283 1075 1294 1094 ,
1327 1038 1399 1084 sed
1421 1056 1468 1083 ex

90 1130 110 1151 ›>
134 1107 301 1153 mundo
327 1117 402 1153 est.
432 1107 485 1152 Et
515 1108 705 1153 mundus
729 1110 882 1154 transit
906 1120 947 1154 et
972 1109 1328 1172 eoncupiscentia
1353 1113 1458 1169 ejus.

89 1199 109 1220 ›>
137 1178 225 1234 Qui
249 1188 391 1223 autem
413 1176 518 1222 facit
542 1178 812 1224 voluntatem
835 1180 940 1234 Dei,
972 1191 1117 1225 manet
1138 1181 1182 1225 in
1215 1191 1428 1226 aeternum
1452 1217 1462 1235 ,

88 1270 108 1290 ›>
131 1248 242 1293 sicut
270 1258 310 1293 et
333 1248 449 1292 Deus
473 1259 617 1292 manet
638 1248 684 1293 in
707 1260 918 1294 aeternum
935 1248 968 1295 1.
1002 1271 1020 1290 ›>
1044 1250 1235 1306 Quando
1258 1266 1357 1310 ergo
1377 1267 1464 1313 po—

89 1319 187 1365 teris
214 1330 276 1365 tot
295 1320 525 1365 hominum
551 1330 817 1365 armatorum
837 1357 847 1376 ‚
870 1337 1058 1383 quorum
1089 1319 1274 1366 fovenda
1300 1331 1465 1366 651011-

87 1389 279 1453 piditas,
324 1393 499 1435 timetur
535 1392 768 1441 atrocitas;
806 1390 984 1453 quando
1006 1428 1016 1447 ,
1056 1391 1236 1455 inquam
1258 1429 1268 1448 ,
1305 1391 1469 1454 poteris

86 1477 235 1506 eorum
276 1461 704 1524 concupiscentiam,
748 1462 824 1525 qui
859 1461 1050 1521 diligunt
1087 1462 1302 1508 mundum
1322 1499 1333 1518 ,
1378 1479 1467 1507 11011

86 1531 187 1578 (1100
212 1532 365 1579 satiare
385 1569 396 1587 ‚
422 1531 542 1595 quod
567 1532 660 1577 fieri
691 1532 813 1578 nullo
838 1532 970 1578 modo
1005 1544 1177 1596 potest,
1217 1533 1289 1579 sed
1322 1533 1467 1596 aliqua

86 1620 133 1649 ex
162 1613 285 1666 parte
306 1619 481 1666 pascere
500 1639 510 1657 ‚
539 1619 592 1648 ne
610 1602 808 1648 universa
831 1601 931 1665 plus
952 1615 1149 1666 pereant,
1172 1604 1252 1649 nisi
1272 1614 1319 1649 tu
1335 1602 1467 1649 facias

85 1690 186 1737 quae
202 1677 322 1719 Deus
341 1673 551 1737 prohibet
565 1709 575 1727 ,
598 1683 639 1717 01
656 1672 918 1718 facientibus
935 1674 1263 1720 comminatur?
1281 1675 1468 1737 Propter

86 1742 206 1806 quod
224 1743 343 1789 vides
369 1753 457 1788 tam
474 1742 613 1788 multa
634 1744 840 1795 contrita,
864 1753 910 1788 ut
926 1747 1019 1803 jam
1039 1743 1122 1789 vile
1147 1743 1331 1807 aliquid,
1350 1743 1469 1807 quod

86 1813 309 1876 rapiatur,
338 1813 407 1859 vix
433 1813 694 1859 inveniatur.

150 1884 250 1930 Vll.
282 1884 403 1941 Quid
435 1894 579 1930 autem
607 1884 752 1930 dicam
781 1884 834 1930 de
854 1884 1092 1931 vastatione
1122 1884 1306 1941 Africae,
1335 1901 1466 1949 quam

84 1953 253 2000 faciunt
275 1954 367 2001 Afri
389 1954 569 2000 barbari
591 1954 810 2000 resistente
832 1955 952 2001 nullo
968 1992 979 2011 ‚
1007 1955 1112 2001 dum
1135 1966 1178 2001 tu
1197 1955 1358 2001 talibus
1383 1955 1467 2000 tuis

84 2025 412 2071 necessitatibus
447 2025 702 2088 occupariS‚
742 2042 822 2070 nec
855 2025 1018 2090 aliquid
1046 2025 1221 2071 ordinas
1247 2025 1364 2071 unde
1387 2026 1466 2071 ista

86 2095 307 2142 calamitas
329 2100 583 2142 avertatur?
609 2096 718 2153 Quis
739 2107 884 2142 autem
910 2097 1125 2154 crederet,
1152 2097 1250 2161 quis
1276 2097 1464 2153 timeret,

85 2167 312 2214 Bonifacio
358 2167 700 2213 domesticorum
740 2178 780 2212 et
825 2167 986 2214 Africae
1031 2168 1201 2215 Comite
1237 2168 1282 2213 in
1323 2167 1469 2214 Africa

86 2240 323 2285 constituto
355 2256 456 2284 cum
494 2249 582 2284 tan]
616 2256 775 2299 magno
810 2239 998 2285 exercitu
1033 2250 1074 2285 et
1115 2249 1328 2303 potestate
1349 2276 1360 2296 ,
1394 2239 1472 2302 qui

88 2310 315 2356 Tribunus
331 2327 431 2356 eum
448 2310 601 2373 paucis
616 2309 838 2356 foederatis
850 2327 998 2356 omnes
1013 2311 1132 2374 ipsas
1151 2321 1294 2371 gentes
1308 2327 1475 2373 expug-

85 2380 232 2427 nando
265 2392 306 2427 et
341 2380 542 2426 terrendo
575 2391 834 2444 pacaverat,
871 2398 990 2427 nunc
1026 2391 1196 2426 tantum
1221 2380 1350 2426 fuisse
1370 2380 1472 2426 bar-

84 2451 216 2498 baros
251 2469 453 2509 ausuros,
493 2463 666 2498 tantum
692 2470 992 2516 progressuros
1008 2490 1019 2510 ,
1051 2463 1168 2498 tanta
1193 2462 1435 2498 vastaturos
1455 2489 1466 2509 ‚

85 2533 205 2569 tanta
229 2534 456 2587 rapturos,
481 2534 603 2570 tanta
630 2523 751 2580 loca,
778 2540 879 2587 quae
904 2522 1032 2587 plena
1054 2521 1232 2587 populis
1262 2521 1463 2580 fuerant,

136 2606 179 2639 ¹1
198 2611 298 2641 Joan.
316 2620 354 2647 11,
377 2610 428 2640 15.
