1769 3235
327 229 422 293 398
735 243 770 275 s,
812 243 1061 275 AUGUSTINI
1095 243 1300 275 EPISCOPI

391 310 450 355 II.
478 308 649 355 Omitto
670 307 784 353 enim
825 308 944 371 quod
970 309 1108 372 ipsam
1137 310 1469 365 continentiam,
1492 310 1569 356 illo
1589 328 1704 358 non·

321 378 428 423 dum
468 378 654 433 volente,
702 394 789 423 non
825 378 1061 424 secundum
1093 397 1237 424 sanam
1271 379 1516 426 doctrinam
1549 391 1587 426 te
1608 399 1705 426 sus-

328 449 488 512 cepisse
523 448 721 508 cognovi.
756 450 904 511 Neque
942 450 1056 494 enim
1091 449 1285 512 corporis
1316 450 1379 495 tui
1406 450 1554 496 debito
1580 451 1705 497 frau-
1751 468 1755 472 ·

328 517 499 563 dandus
518 518 616 573 fuit,
641 518 761 580 prius
780 536 912 582 quam
939 519 993 564 ad
1027 519 1137 565 illud
1167 521 1330 565 bonum
1369 520 1487 582 quod
1529 531 1705 584 superat
1751 538 1757 596 ²:

328 587 588 652 pudicitiam
623 588 894 648 conjugalem
938 600 1023 634 tuae
1059 589 1273 635 voluntati
1306 590 1507 636 voluntas
1531 607 1705 654 quoque

329 661 419 717 ejus
440 658 660 704 accederet
682 676 692 703 ε
715 659 797 704 nisi
817 658 926 704 forte
957 677 1046 704 non
1082 659 1242 718 legeras
1278 676 1355 704 nec
1388 659 1601 715 audieras,
1639 660 1706 706 vel
1754 680 1760 719 g

332 745 421 773 non
436 728 697 784 attenderas,
721 729 979 791 Apostolum
1019 728 1263 774 dicentem:
1299 730 1506 775 «Bonum
1534 741 1596 775 est
1628 731 1718 775 ho-
1755 734 1762 784 ζ

330 819 350 839 »
376 798 481 843 mini
502 798 724 843 mulierem
747 815 834 843 non
858 809 1028 857 tangere
1052 815 1062 842 τ
1097 809 1279 861 propter
1298 799 1606 846 fornicationes
1630 816 1712 845 au-
1756 806 1769 850 ’μ’

330 889 350 909 »
372 878 456 913 tem
477 868 782 932 *unusquisque
817 885 988 913 uxorem
1018 885 1138 913 suam
1166 869 1343 926 habeat,
1377 880 1417 914 et
1437 886 1713 933 unaquaeque

334 958 354 978 »
372 954 498 983 suurn
518 938 658 984 virum
681 938 856 984 habeat.
887 939 1013 983 Uxori
1029 938 1094 985 vir
1109 937 1305 984 debitum
1326 939 1499 996 reddat,
1521 939 1718 985 similiter

330 1028 351 1049 >>
372 1018 514 1052 autem
538 1018 578 1052 et
598 1024 701 1053 uxor
724 1008 830 1053 viro.
861 1008 975 1053 Uxor
998 1025 1087 1053 non
1115 1008 1250 1055 habet
1268 1020 1527 1072 potestatem
1553 1025 1718 1071 corpo-

328 1098 348 1117 »
371 1075 427 1121 ris
449 1076 532 1131 sui,
556 1076 628 1122 sed
648 1078 713 1123 vir
734 1095 743 1122 ε
767 1077 961 1123 similiter
985 1088 1129 1123 autem
1147 1088 1188 1123 et
1208 1078 1273 1124 vir
1290 1096 1377 1125 non
1404 1079 1540 1124 habet
1562 1089 1717 1141 potes-
1761 1104 1765 1118 ‹

328 1169 348 1188 »
373 1157 504 1191 tatem
520 1148 715 1210 corporis
733 1148 816 1203 sui,
840 1148 913 1193 sed
934 1148 1089 1194 mulier
1107 1168 1117 1202 3
1141 1149 1271 1194 nolite
1288 1148 1491 1195 fraudare
1505 1149 1713 1205 invicem,

329 1217 510 1263 »nisiex
529 1234 739 1264 consensu
767 1218 821 1264 ad
847 1229 1036 1283 tempus,
1063 1230 1111 1266 ut
1134 1222 1292 1265 vacetis
1308 1221 1518 1273 orationi;
1552 1231 1594 1265 et
1633 1221 1718 1265 ite-

329 1308 349 1328 »
374 1304 472 1333 rum
493 1287 546 1333 ad
579 1287 772 1352 idipsum
793 1300 942 1345 estote,
969 1307 1022 1335 ne
1059 1307 1134 1337 vos
1174 1301 1310 1336 tentet
1333 1291 1512 1337 Satanas
1536 1300 1719 1353 propter

331 1358 751 1422 »intemperantiam
801 1359 1038 1407 vestram&
1066 1383 1085 1402 ›>
1129 1361 1383 1407 Secundum
1441 1361 1540 1406 haee
1586 1360 1719 1407 verba

331 1427 588 1492 apostolica,
612 1430 776 1475 etiamsi
809 1448 850 1476 se
873 1431 964 1494 ipse
997 1432 1218 1477 continere
1252 1432 1474 1483 voluisset,
1503 1442 1545 1476 et
1570 1442 1617 1477 tu
1636 1447 1719 1476 no-

338 1499 503 1556 luisses,
531 1499 731 1546 debitum
755 1501 836 1546 tibi
864 1501 1042 1547 reddere
1069 1513 1312 1562 cogeretur,
1339 1512 1380 1547 et
1403 1501 1467 1548 illi
1489 1503 1605 1547 Deus
1630 1501 1716 1546 im-

334 1579 510 1633 putaret
534 1570 865 1626 continentiam,
895 1571 926 1616 si
952 1589 1038 1616 non
1061 1589 1165 1626 suae,
1198 1572 1271 1617 sed
1297 1583 1384 1617 tuae
1412 1571 1570 1617 cedens
1587 1571 1717 1616 infir-

337 1638 508 1694 mitati,
549 1656 602 1684 ne
641 1640 684 1684 in
732 1639 933 1686 adulterii
957 1640 1210 1687 damnabile
1250 1641 1464 1701 flagitium
1511 1639 1713 1695 caderes,

336 1708 577 1754 maritalem
603 1709 685 1754 tibi
710 1711 1000 1756 concubitum
1037 1728 1125 1756 non
1150 1722 1348 1772 negaret3
1380 1721 1545 1774 quanto
1583 1709 1718 1769 magis

335 1789 377 1824 te
396 1795 529 1842 quam
551 1780 685 1839 magis
711 1780 953 1840 subjectam
975 1799 1060 1827 esse
1080 1782 1300 1837 decuerat,
1339 1800 1392 1828 ne
1428 1784 1519 1846 ipse
1543 1797 1718 1844 quoque

338 1848 383 1894 in
397 1847 882 1896 adulteriumdiabolica
893 1852 1131 1897 tentatione
1147 1852 1415 1907 traheretur,
1438 1852 1482 1898 in
1494 1849 1717 1897 reddendo

336 1918 470 1978 hujus
486 1918 759 1965 modidebito
780 1921 997 1967 voluntati
1018 1925 1109 1981 ejus
1121 1923 1422 1986 obtemperare
1437 1931 1713 1977 convenerat,

338 2005 436 2034 cum
465 1988 546 2033 tibi
573 1988 852 2036 voluntatem
877 1992 1133 2038 continendi
1164 2003 1408 2057 acceptaret
1447 1993 1587 2048 Deus,
1614 1990 1716 2055 quia

339 2069 529 2123 propter
542 2076 681 2105 eanon
706 2059 865 2108 faceres
884 2079 936 2107 ne
957 2064 1116 2125 periret
1137 2064 1349 2110 maritus?

404 2130 488 2175 111.
518 2130 603 2175 Sed
627 2131 742 2188 hoc,
781 2142 830 2177 ut
864 2133 981 2189 dixi,
1018 2134 1200 2190 omitto,
1230 2135 1438 2197 quoniam
1458 2144 1607 2197 postea
1634 2132 1716 2179 tibi

334 2199 498 2245 nolenti
528 2201 612 2245 sibi
638 2201 691 2246 ad
730 2202 953 2250 reddenda
985 2204 1230 2264 conjugalia
1265 2205 1414 2250 debita
1440 2204 1681 2250 consentire
1700 2240 1711 2259 ,

338 2268 391 2315 ad
429 2268 578 2315 eadem
617 2272 899 2319 continentiae
938 2285 1066 2337 pacta
1101 2275 1192 2338 ipse
1223 2275 1464 2331 consensit,
1500 2285 1541 2320 et
1569 2285 1714 2320 tecum

335 2340 705 2388 continentissime
739 2344 815 2390 diu
849 2345 986 2400 vixit,
1027 2363 1191 2409 suoque
1230 2363 1438 2392 consensu
1475 2363 1498 2391 a
1533 2354 1714 2408 peccato

334 2409 436 2466 illo,
471 2427 558 2474 quo
588 2412 626 2457 ei
663 2412 864 2464 debitum
905 2416 1047 2461 carnis
1079 2416 1292 2476 negabas,
1323 2418 1414 2480 ipse
1443 2427 1480 2462 te
1505 2414 1706 2464 absolvit.

335 2480 437 2526 Non
454 2496 554 2540 ergo
575 2484 669 2541 jam
690 2485 738 2529 in
766 2495 841 2531 tua
864 2502 993 2532 causa
1020 2486 1100 2534 ista
1125 2487 1310 2534 vertitur
1331 2487 1538 2551 quaestio,
1564 2496 1713 2534 utrum

389 2561 401 2586 ¹
420 2573 434 2594 1
451 2563 528 2599 Cor.
544 2574 605 2607 vn,
621 2575 652 2600 1.
