1769 3235
447 241 849 276 RETRAcrArioNuM
883 243 971 276 Lm.
1013 245 1043 275 1.
1341 232 1434 298 447

58 326 106 357 ex
128 308 221 355 aliis
242 324 344 357 vero
369 307 626 355 testimoniis
642 308 840 356 eamdem
860 310 1207 358 convenientiam
1222 313 1435 361 sufficien-

59 392 123 428 ter
144 380 326 427 ostendi.

122 452 204 497 ΙΙΙ.
234 449 442 497 Similiter
462 461 504 496 et
525 450 657 514 paulo
681 462 780 514 post
795 452 1089 498 testimonium
1107 455 1236 517 posui
1249 455 1302 501 de
1319 456 1435 503 libro

59 521 312 585 Sapientiae,
338 519 577 568 secundum
594 520 791 567 codicem
817 533 1031 578 nostrum,
1053 523 1097 568 in
1113 540 1200 588 quo
1224 527 1435 590 scriptum

58 602 148 639 erat
175 609 186 637 :
210 612 231 634 κ
254 591 540 638 Sobrietatem
580 590 696 637 enim
724 590 934 654 sapientia
957 591 1101 650 docet,
1123 604 1165 640 et
1199 597 1432 654 Justitiam,

59 684 80 706 »
98 673 139 709 et
164 664 369 710 virtutem
386 662 420 711 1.
448 685 468 705 n
497 664 552 708 Et
580 660 821 709 secundum
859 663 960 708 haec
998 665 1130 710 verba
1154 665 1336 714 disserui
1368 686 1434 716 res

59 733 238 798 quidem
269 751 408 792 veraS,
436 733 510 781 sed
536 751 585 780 ex
610 733 837 780 occasione
881 733 1179 781 mendositatis
1220 737 1429 788 inventas.

60 804 182 863 Quid
194 805 309 852 enim
326 804 487 861 verius,
514 821 648 869 quam
662 803 783 869 quod
803 804 1014 868 sapientia
1037 804 1191 852 doceat
1213 809 1438 858 veritatem

0 882 3 930 ζ
60 875 468 939 contemplationis,
492 891 626 939 quam
662 874 839 921 nomine
873 875 1118 922 sobrietatis
1153 877 1440 938 significatam

59 946 214 1010 putavi
241 963 252 991 z
277 956 320 992 et
348 945 532 992 actionis
565 945 849 1010 probitatem,
879 963 1011 1010 quam
1047 965 1126 1012 per
1145 947 1234 995 duo
1257 949 1340 997 alia
1364 951 1438 998 in-

59 1015 193 1076 telligi
212 1016 349 1073 volui,
376 1033 456 1080 per
475 1015 689 1076 justitiam
716 1026 844 1080 atque
861 1017 1104 1064 virtutem?
1131 1035 1233 1065 cum
1269 1020 1440 1069 codices

60 1086 251 1147 ejusdem
272 1087 642 1151 interpretationis
671 1086 861 1133 veriores
890 1086 1101 1144 habeant,
1138 1090 1438 1138 sobrietatem

61 1159 187 1202 enim
206 1169 253 1203 et
271 1160 556 1222 sapientiam
569 1158 723 1213 docet,
739 1156 1028 1220 etjzcstitc'am
1045 1169 1089 1204 el
1103 1162 1341 1210 virtatem.
1359 1164 1438 1210 His

61 1228 174 1273 enim
195 1229 448 1274 nominibus
471 1228 654 1274 Latinus
677 1228 890 1291 interpres
914 1240 1104 1292 quatuor
1126 1230 1220 1277 illas
1240 1233 1437 1292 virtutes,

62 1315 161 1362 quae
184 1298 368 1345 maxime
397 1299 442 1345 in
466 1316 539 1344 ore
559 1298 930 1362 philosophorum
950 1316 1036 1345 esse
1061 1301 1270 1359 assolent,
1294 1306 1440 1350 nomi-

61 1369 209 1425 navit,
249 1370 528 1416 sobrietatem
555 1369 780 1433 appellans
808 1371 1138 1433 temperantiam
1160 1410 1170 1428 ,
1195 1375 1442 1436 prudentiae

61 1441 289 1504 imponens
312 1459 468 1487 nomen
499 1440 754 1504 sapientiam
777 1477 789 1496 ,
819 1440 1118 1486 fortitudinem
1145 1460 1245 1489 vero
1269 1445 1442 1493 virtutis

56 1511 278 1557 'vocabulo
301 1512 554 1566 enuntians,
584 1510 717 1556 solam
749 1510 965 1570 justitiam
995 1528 1072 1556 suo
1097 1513 1271 1560 nomine
1300 1515 1436 1562 inter-

63 1593 255 1646 pretatus
284 1592 358 1630 est.
386 1583 474 1628 Has
500 1593 640 1628 autem
666 1592 854 1645 quatuor
881 1582 1061 1628 virtutes
1084 1583 1128 1629 in
1152 1585 1301 1632 eodem
1324 1587 1440 1633 libro

66 1654 299 1717 Sapientiae
319 1653 405 1699 suis
425 1653 677 1699 nominibus
699 1652 935 1716 appellatas
953 1690 963 1707 ‚
986 1653 1098 1699 sicut
1121 1672 1142 1699 a
1169 1656 1334 1703 Graecis
1357 1675 1442 1704 vo-

65 1735 237 1780 cantur,
258 1725 383 1785 longe
403 1736 551 1788 postea
568 1724 803 1787 reperimus
818 1724 863 1769 in
881 1723 1109 1770 codicibus
1129 1726 1307 1775 Graecis.
1334 1730 1439 1775 Item

64 1796 184 1860 quod
232 1796 358 1860 posui
405 1795 458 1841 de
492 1795 605 1840 libro
647 1795 892 1840 Salomonis
924 1812 934 1839 :
976 1816 995 1835 <‹
1029 1795 1206 1842 Vanitas
1242 1800 1440 1846 vanitan-

67 1889 86 1909 »
110 1867 236 1922 tium,
281 1867 389 1912 dicit
421 1865 693 1912 Ecclesiastes
713 1865 748 1921 ²,
775 1888 794 1908 >³
836 1866 881 1911 in
920 1865 1068 1911 multis
1089 1867 1268 1930 quidem
1312 1871 1439 1917 codi-

66 1938 191 1984 cibus
214 1937 315 1998 legi,
344 1936 417 1983 sed
457 1938 543 1983 hoc
565 1938 745 1983 Graecus
769 1954 856 1982 non
884 1937 1022 1982 habet
1044 1956 1055 1982 2
1086 1938 1220 1984 habet
1259 1956 1402 1988 autem
1423 1961 1433 1988 :

68 2030 86 2050 c<
112 2008 289 2054 Vanitas
317 2009 558 2054 vanitatum
587 2026 596 2053 ε
638 2029 656 2048 >)
681 2007 799 2071 quod
824 2017 973 2071 postea
992 2007 1106 2063 vidi3
1136 2019 1176 2053 et
1200 2009 1345 2058 inveni
1372 2030 1442 2059 eos

68 2080 245 2126 Latinos
270 2097 355 2126 csse
373 2080 575 2135 veriores,
599 2079 853 2143 quihabent
875 2084 1156 2135 vam'scztmn,
1183 2098 1271 2127 non
1296 2087 1442 2129 vami-

70 2155 283 2197 tmuium.
312 2155 372 2196 Ex
412 2151 638 2196 occasione
658 2160 802 2196 tamen
836 2151 968 2209 hujus
999 2150 1293 2199 mendositatis
1317 2172 1444 2218 quae—-

69 2238 256 2285 cumque
275 2220 456 2266 disserui
470 2238 570 2267 vera
593 2237 682 2266 esse
702 2219 804 2283 ipsis
827 2221 956 2265 rebus
981 2231 1177 2283 apparet.

136 2292 209 2338 IV.
233 2291 364 2349 Quod
393 2301 536 2337 autem
554 2290 794 2346 dixi‚Eam
823 2294 977 2354 ipsum
996 2308 1134 2354 quem
1173 2308 1448 2355 cognoscere

70 2362 309 2418 volamus,
332 2363 421 2408 lzoc
434 2373 516 2417 est,
541 2365 714 2415 Deam,
727 2365 865 2424 prins
875 2361 1025 2424 plena
1042 2362 1270 2407 charitose
1282 2365 1449 2429 dilega-

71 2450 192 2487 mus,
222 2432 372 2478 melius
398 2432 614 2477 dicoretur
639 2432 803 2476 sincera
823 2448 954 2494 quam
976 2430 1131 2494 plena3
1158 2449 1212 2477 ne
1229 2432 1337 2479 forte
1359 2454 1448 2501 pu-

72 2514 252 2559 taretur,
269 2502 522 2549 charitatem
542 2502 616 2547 Dei
631 2518 719 2547 non
733 2501 926 2548 futuram
941 2518 1028 2548 esse
1044 2501 1455 2570 majoren1‚quando

122 2587 131 2608 ¹
150 2589 224 2630 Sap.
246 2598 316 2625 vnn,
344 2599 373 2626 7.
392 2603 437 2610 -—
454 2584 469 2607 2
490 2585 595 2619 Erote.
622 2596 648 2624 1,
671 2597 702 2616 ⁴2.
