1769 3235
0 0 14 223 l

7 241 11 359 j
494 266 709 298 EPISTOLA
745 262 911 297 CCXVII.
1301 268 1388 302 221

25 334 156 386 fidem
192 351 314 381 suani
349 333 434 397 ipsi
470 332 572 378 fidei
607 332 844 378 contrarias
879 333 1109 380 hominum
1137 336 1397 385 voluntates.

26 407 220 455 Inaniter
251 405 379 450 etiam
416 413 457 449 et
494 403 791 466 perfunctorie
831 404 978 465 potius
1018 421 1150 467 quam
1190 408 1402 456 veraciter

24 493 198 537 magnas
225 492 326 521 cum
347 473 607 520 exultatione
624 474 788 533 agimus
808 474 899 518 Deo
920 475 1075 532 gratias
1092 513 1102 531 ‚
1130 478 1310 540 quando
1332 478 1408 524 ali-

5 549 99 654 qui
116 564 263 593 eorum
287 545 472 591 credunt
491 582 501 600 ‚
527 545 559 590 si
580 545 726 590 hocin
754 546 812 590 015
830 544 923 607 ipse
943 562 1030 589 non
1050 544 1167 593 facit.

5 661 9 690 '
87 618 188 664 Vll.
222 617 323 662 Non
348 615 550 661 fallamus
583 615 809 670 homines,
839 632 940 660 nam
963 618 1106 661 Deum
1131 617 1279 663 fallere
1312 635 1402 664 non

23 689 228 738 valemus.
261 691 439 732 Prorsus
459 704 544 732 11011
570 703 743 731 oramus
780 687 918 731 Deum
936 723 948 742 ,
977 686 1051 731 sed
1076 704 1197 733 orare
1218 705 1296 733 nos
1314 689 1404 734 fin-

25 759 189 821 gimus,
225 757 260 803 si
283 774 362 804 nos
393 757 507 820 ipsos
526 793 537 813 ‚
574 773 662 802 non
689 756 814 802 illum
833 793 844 814 ‚
877 755 1091 803 credimus
1121 757 1261 804 facere
1288 758 1423 821 quod.

4 839 210 877 oramus,
240 829 422 874 Prorsus
446 845 535 873 non
557 828 715 888 gratias
739 829 830 874 Deo
860 827 1024 888 agimus
1042 865 1052 885 ,
1081 828 1154 874 sed
1184 846 1263 874 nos
1286 846 1409 888 agere

3 848 229 961 lfingimus
247 937 259 956 ,
286 901 319 945 51
345 899 460 945 unde
492 899 556 944 illi
580 899 737 959 gratias
759 900 950 959 agimus,
978 900 1122 963 ipsum
1150 899 1290 946 facere
1314 917 1406 946 non

24 982 243 1037 putamus.
284 970 420 1016 Labia
460 970 607 1016 dolosa
640 971 672 1016 si
705 973 751 1016 in
784 970 1016 1016 hominum
1049 970 1406 1034 quibuscumque

25 1042 296 1089 sermonibus
331 1052 459 1098 sunt,
488 1041 637 1087 saltem
661 1042 704 1087 111
740 1041 1013 1087 orationibus
1035 1059 1125 1086 non
1149 1042 1249 1088 sinti
1281 1041 1408 1088 Absit

24 1125 73 1161 ut
91 1112 212 1177 quod
233 1112 374 1158 facere
398 1114 539 1157 Deum
563 1129 765 1170 rogamus
786 1113 936 1158 oribus
956 1123 996 1158 et
1017 1112 1200 1158 vocibus
1216 1112 1372 1157 nostris
1390 1150 1402 1169 ‚

25 1202 124 1232 eum
142 1183 281 1229 facere
296 1200 496 1242 negemus
514 1182 723 1229 cordibus
738 1184 894 1228 nostris
912 1201 922 1228 :
945 1193 986 1228 et
1004 1182 1123 1245 quod
1136 1194 1198 1228 est
1216 1183 1407 1242 gravius,

2 1248 5 1267 ⁹
27 1254 80 1302 ad
104 1253 208 1299 alios
228 1253 356 1299 etiam
377 1252 684 1316 decipieiid05‚
706 1253 794 1299 1100
812 1270 899 1298 11011
916 1263 1134 1298 taceamus
1152 1253 1416 1316 disputatio-

3 1357 5 1371 2
25 1325 154 1371 nibus
177 1324 365 1377 nostris;
392 1334 434 1369 et
453 1323 558 1369 dum
583 1323 784 1370 volumus
815 1323 936 1387 apud
960 1321 1160 1368 homines
1181 1322 1410 1368 defendere

25 1395 213 1443 liberum
256 1394 489 1440 arbitrium
516 1431 527 1450 ‚
570 1394 690 1458 apud
737 1396 877 1441 Deum
922 1393 1157 1458 perdamus
1203 1394 1409 1439 orationis

28 1465 230 1513 auxilium
248 1503 259 1518 ‚
287 1475 328 1510 et
354 1465 593 1524 gratiarum
621 1465 833 1510 actionem
860 1481 949 1510 non
971 1463 1213 1510 habeamus
1231 1481 1378 1510 veram
1398 1500 1409 1522 ‚

27 1536 134 1583 dum
151 1553 296 1581 veram
321 1553 411 1581 11011
435 1534 708 1594 agnoscimus
727 1535 926 1594 gratiam.

91 1607 214 1653 VIII.
251 1606 293 1650 Si
318 1623 415 1652 vere
435 1606 637 1651 volumus
668 1604 897 1651 defendere
919 1605 1109 1651 liberum
1148 1605 1406 1662 arbitrium,

29 1694 116 1724 non
139 1693 444 1741 oppugnemus
469 1675 585 1721 unde
612 1677 660 1721 fit
690 1676 893 1723 liberum.
923 1677 1034 1722 Nam
1070 1676 1147 1739 qui
1180 1687 1410 1739 oppugnat

30 1748 207 1809 gratiam
224 1785 235 1804 ‚
262 1764 349 1810 qua
367 1758 563 1792 nostrum
589 1746 643 1792 ad
662 1746 974 1793 declinandum
995 1765 1018 1793 a
1036 1747 1151 1792 malo
1176 1758 1218 1792 et
1239 1747 1410 1792 facien-

30 1818 136 1865 dum
159 1818 327 1864 bonum
345 1855 354 1875 ,
373 1818 590 1863 liberatur
613 1818 843 1863 arbitrium
863 1855 872 1873 ‚
902 1818 992 1880 ipse
1025 1817 1256 1862 arbitrium
1275 1834 1401 1862 suum

33 1888 180 1934 adhuc
201 1887 298 1934 vult
318 1904 404 1932 esse
427 1888 669 1951 captivum.
695 1887 946 1952 Responde,
969 1887 1166 1943 obsecro,
1189 1887 1413 1950 quomodo

31 1959 138 2005 dicit
163 1957 398 2022 Apostolus
420 1975 430 2002 z
457 1980 477 1999 «
500 1959 675 2004 Gratias
697 1971 866 2018 agentes
894 1959 1014 2004 Patri
1032 1958 1210 2004 idoneos
1229 1957 1409 2003 facienti

32 2050 54 2072 ›>
75 2046 153 2075 nos
172 2029 216 2074 in
241 2039 364 2092 parte
383 2030 508 2074 sortis
533 2029 796 2075 Sanctorum
818 2030 862 2075 in
890 2029 1080 2083 111111111ος
1101 2029 1176 2092 qui
1203 2028 1314 2074 eruit
1335 2046 1413 2074 nos

34 2120 55 2142 >2
77 2100 131 2146 de
153 2110 365 2164 potestate
390 2101 666 2146 tenebrarum
685 2138 695 2155 ,
723 2112 764 2146 et
793 2101 1014 2147 transtulit
1039 2100 1084 2146 in
1108 2116 1289 2159 regnum
1317 2098 1416 2144 Filii

34 2191 56 2213 2>
76 2171 303 2216 charitatis
321 2169 439 2216 suae1
465 2189 475 2215 .’
497 2194 515 2212 »
537 2172 568 2216 51
597 2189 685 2217 11011
713 2172 805 2235 ipse
837 2172 1068 2218 arbitrium
1090 2181 1286 2216 nostrum
1303 2207 1314 2224 ‚
1341 2169 1414 2214 sed

33 2240 176 2303 ipsum
198 2241 426 2286 arbitrium
447 2259 488 2286 50
508 2241 696 2287 liberat?
721 2241 991 2288 Mendaciter
1006 2258 1105 2301 ergo
1127 2241 1293 2300 agimus
1313 2257 1416 2299 gra—

35 2311 114 2357 tias
141 2311 282 2366 Patri‚
319 2322 523 2375 tanquam
550 2313 642 2376 ipse
666 2312 798 2358 faciat
822 2313 942 2376 quod
968 2313 1059 2375 ipse
1093 2328 1182 2357 non
1213 2309 1332 2356 facit.
1361 2310 1417 2355 Et

36 2380 195 2428 erravit
217 2381 295 2445 qui
318 2381 424 2427 dixit
445 2420 457 2439 ‚
481 2382 601 2446 quod
625 2404 644 2425 «
666 2384 764 2446 Ipse
782 2400 859 2429 nos
878 2383 1011 2429 faciat
1027 2382 1205 2428 idoneos
1229 2381 1275 2426 in
1295 2391 1419 2444 parte

37 2472 58 2493 »
84 2452 206 2497 sortis
230 2454 493 2499 sanctorum
517 2454 563 2500 in
583 2453 747 2499 lumine
765 2492 777 2510 ,
797 2455 900 2517 quia
919 2455 1012 2517 ipse
1031 2471 1107 2499 nos
1128 2452 1240 2499 eruit
1259 2451 1313 2497 de
1331 2468 1419 2515 po-

38 2541 60 2564 »
82 2531 231 2568 testate
254 2523 533 2571 tenebrarum
547 2561 559 2582 ,
598 2536 640 2571 et
663 2524 885 2572 transtulit
906 2525 951 2570 in
977 2540 1160 2584 regnum
1183 2521 1282 2569 Filii
1305 2521 1418 2567 cha-

86 2606 98 2629 1
113 2605 234 2640 Coloss.
254 2617 285 2652 1²
305 2618 360 2650 12,
378 2611 430 2642 13.
