1769 3235
35 243 38 302 j
542 268 756 298 EPISTOLA
791 269 947 300 ccxxv.
1347 260 1437 322 269

71 440 251 455 mmm
260 441 1443 458 msssmusmmmmzuummnsmwmswmnwsus

32 358 35 405 ἔ

28 444 33 525 ,l

27 544 30 589 ἔ
464 563 730 607 EPISTOLA
765 565 977 608 ccxxvl
992 566 1021 608 ¹.

23 687 26 729 Ι
61 690 232 729 Domino
252 689 477 728 beatissimo
496 703 540 727 ac
569 698 653 728 toto
671 690 813 728 affeetu
833 690 1093 730 desiderando
1106 722 1115 738 ,
1140 701 1178 731 et
1199 694 1373 733 inultum
1393 695 1433 733 in

21 736 26 800 Ξ
182 748 336 789 Christo
359 751 604 802 suscipiendo
624 752 725 804 patri
744 753 970 791 Auensmo
990 754 1179 793 Halmius
1200 759 1292 805 (23).

217 883 426 926 Hilarius
452 885 702 943 Augustino
717 919 726 934 ,
753 886 804 927 de
825 887 971 928 eodem
993 898 1267 945 argumento.

16 951 20 967 .

13 987 19 1104 'l
120 1022 155 1069 I.
183 1043 203 1064 «
217 1022 264 1068 Si
279 1023 544 1070 cessantibus
558 1024 953 1070 contradicentium
970 1024 1285 1089 quaestionibus
1299 1037 1432 1086 gratae

12 1106 16 1163 ε
55 1103 153 1139 sunt
172 1094 433 1158 plerumque
447 1095 738 1141 studiosorum
764 1095 1083 1158 inquisitiones,
1114 1108 1162 1142 ut
1185 1097 1313 1141 etiam
1340 1096 1431 1151 illa,

11 1166 15 1202 l
54 1179 154 1227 quac
186 1164 349 1228 absque
370 1165 566 1228 periculo
595 1166 931 1225 ignorarentur,
972 1166 1196 1212 ediscant:
1243 1166 1432 1212 arbitror

8 1246 13 1288 Ι
53 1235 282 1294 gratiorem
299 1236 390 1281 fore
405 1236 677 1282 sedulitatem
699 1247 857 1282 nostrae
880 1236 1099 1281 relationis
1117 1253 1218 1300 quae
1241 1237 1346 1282 dum
1361 1241 1432 1295 ju-

0 1289 12 1345 5!
52 1305 170 1352 dicat
191 1307 431 1354 secundum
460 1308 756 1372 quorumdam
776 1308 1097 1371 prosecutiones
1114 1307 1316 1370 quaedam
1350 1307 1431 1353 ad-

3 1336 10 1492 Ι
51 1380 263 1425 versantia
292 1380 480 1437 veritati,
511 1392 708 1426 nontam
737 1380 818 1426 sibi
837 1397 969 1443 quam
991 1380 1074 1425 illis
1100 1381 1176 1443 qui
1195 1380 1430 1425 turbantur

50 1460 92 1496 et
109 1450 304 1508 turbant,
324 1468 401 1514 per
417 1451 646 1505 consilium
668 1450 908 1497 sanctitatis
921 1462 1006 1496 tuae
1025 1450 1429 1514 satagitprox‘ideri‚

1 1494 8 1574 l
56 1522 240 1568 Domine
254 1522 498 1568 beatissime
523 1540 570 1568 ac
588 1533 679 1568 toto
707 1523 861 1568 affectu
885 1521 1167 1567 desiderande
1187 1559 1197 1578 ,
1239 1531 1280 1566 et
1309 1519 1424 1566 mul-

2 1581 5 1595 ’
50 1603 141 1638 tum
163 1593 209 1638 in
241 1593 418 1640 Christo
440 1593 715 1658 suscipiende
742 1604 880 1656 pater.
914 1614 933 1634 »

0 1597 5 1785 Ι
112 1667 170 1711 ΙΙ.
211 1686 231 1706 <c
251 1665 360 1711 Haec
400 1677 501 1711 sunt
526 1665 672 1728 itaque
705 1681 806 1728 quae
842 1663 1057 1720 Massiliae,
1085 1664 1152 1710 vel
1177 1663 1268 1709 aliis
1294 1664 1425 1709 etiam

47 1733 152 1780 locis
171 1735 214 1780 in
236 1735 378 1781 Gallia
405 1736 684 1782 ventilantur.
738 1735 911 1781 Novum
937 1745 978 1780 et
1002 1735 1154 1780 inutile
1183 1753 1268 1781 esse
1307 1752 1427 1798 prae-

48 1804 280 1863 dicationi,
301 1807 423 1870 quod
451 1807 633 1870 quidam
663 1806 903 1852 secundum
927 1807 1202 1870 propositum
1240 1806 1426 1866 eligendi

47 1876 266 1934 dicantur,
298 1889 346 1923 ut
385 1878 431 1923 id
468 1896 546 1924 nec
572 1877 763 1941 arripere
802 1878 974 1924 valeant
1021 1894 1099 1923 nec
1134 1889 1292 1933 tenere,
1343 1878 1425 1923 nisi

46 1949 249 1995 credendi
271 1949 493 1995 voluntate
519 1949 694 1996 donata.
725 1949 907 1995 Excludi
932 1960 1092 2012 putant
1112 1966 1283 1994 omnem
1310 1966 1422 2012 prze-

45 2019 222 2065 dicandi
243 2019 449 2080 vigorem,
471 2019 505 2064 si
523 2019 649 2077 nihil,
675 2019 793 2083 quod
819 2037 896 2082 per
913 2037 1010 2064 eum
1031 2019 1252 2076 excitetur,
1277 2020 1321 2064 in
1343 2019 1423 2064 ho-

45 2090 235 2136 minibus
251 2090 500 2135 remansisse
523 2089 709 2137 dicatur.
745 2090 1035 2135 Consentiunt
1069 2107 1243 2135 omnem
1272 2090 1421 2136 homi-

44 2178 139 2206 nem
162 2161 206 2206 in
231 2161 364 2206 Adam
384 2161 576 2224 periisse,
599 2179 678 2206 nec
698 2160 799 2206 inde
818 2178 1084 2224 quemquam
1104 2161 1420 2224 posseproprio

44 2231 223 2277 arbitrio
247 2232 438 2278 liberari.
482 2232 565 2278 Sed
592 2232 637 2277 id
662 2232 920 2278 conveniens
946 2242 1137 2277 asserunt
1166 2233 1337 2278 veritati
1355 2231 1422 2278 vel

43 2320 285 2363 congruum
303 2304 627 2367 praedicationi,
668 2314 716 2349 ut
737 2321 835 2349 cum
867 2304 1093 2366 prostratis
1114 2313 1154 2347 et
1190 2320 1418 2366 nunquam

43 2374 125 2420 suis
147 2375 312 2420 viribus
337 2375 594 2420 surrecturis
610 2374 893 2419 annuntiatur
910 2373 1160 2418 obtinendae
1179 2373 1327 2419 salutis
1348 2390 1421 2418 oc-

43 2447 155 2493 casio
174 2466 185 2500 ;
207 2464 256 2492 eo
271 2446 423 2492 merito
436 2462 524 2508 quo
539 2445 753 2492 voluerint
770 2455 810 2490 et
830 2444 1112 2500 crediderint,
1131 2461 1152 2489 a
1167 2461 1243 2490 suo
1263 2444 1418 2490 morbo

89 2556 98 2578 ¹
118 2558 165 2587 Ex
186 2567 200 2595 7
219 2558 320 2587 Tomo
340 2555 415 2587 edit.
437 2560 497 2586 vet.
513 2554 640 2597 praefixa
658 2553 712 2586 lib.
728 2553 767 2585 de
780 2552 1058 2586 Praedestiuatioue
1071 2554 1126 2584 SS.
1149 2564 1219 2596 quae
1239 2562 1336 2595 porro
1353 2554 1418 2584 216

43 2619 121 2654 erat,
135 2624 220 2646 nunc
236 2613 315 2647 256.
337 2629 382 2635 —
396 2612 521 2655 Scripta
541 2611 652 2644 eodem
671 2617 829 2654 tempore.
