1769 3235
339 249 399 311 76
760 262 794 289 s.
838 258 1080 290 Aueusrlm
1116 259 1319 290 Emscori

338 326 489 373 laciter
510 326 804 372 exorcizantur
831 335 873 370 et
895 325 1188 381 exsufflantur,
1219 342 1297 388 per
1326 323 1435 387 quid
1458 324 1712 370 dominatur

338 397 419 443 nisi
444 414 522 460 per
541 406 769 460 peccatum
794 394 997 459 princeps
1025 395 1175 458 utique
1190 397 1501 457 peccatorum?
1522 391 1712 440 Proinde

339 467 373 513 si
403 470 494 528 jam
531 468 794 513 erubescunt
827 482 906 511 nec
941 464 1101 511 audent
1129 464 1272 510 dicere
1311 463 1409 510 haec
1439 464 1484 510 in
1519 462 1711 510 Ecclesia
1752 490 1755 493 -

339 538 604 584 mendaciter
626 537 713 597 geri
733 573 743 592 ,
769 536 1000 591 fateantur,
1023 536 1142 599 quod
1164 534 1376 598 perierat,
1398 535 1525 580 etiam
1544 534 1589 578 in
1612 549 1712 596 par·
1753 571 1755 586 ÷

337 607 450 654 vulis
472 609 625 672 quaeri.
647 609 794 670 Neque
811 606 925 652 enim
942 606 1019 652 nisi
1044 616 1228 669 propter
1251 615 1482 667 peccatum
1504 603 1709 667 perierat,
1753 604 1756 609 ’

336 678 456 741 quod
480 678 561 724 nisi
586 695 663 741 per
687 677 867 738 gratiam
894 693 981 722 non
1005 686 1145 738 potest
1164 674 1302 737 quaeri
1319 711 1329 729 ,
1357 691 1445 720 non
1470 683 1613 737 potest
1638 673 1711 719 in-
1753 686 1756 730 -ξ

334 747 485 795 veniri.
516 748 602 794 Sed
631 749 722 793 Deo
748 747 927 807 gratias,
951 745 1071 809 quod
1095 745 1243 790 saltem
1269 761 1370 790 cum
1402 753 1711 803 argumentan-
1754 775 1757 778 ι

335 828 407 865 tur
426 831 575 865 contra
600 818 892 865 remissionem
914 827 1192 880 peccatorum
1211 852 1222 872 ,
1245 832 1298 860 ne
1319 815 1413 861 fieri
1434 813 1638 860 credatur
1665 813 1711 860 in

334 889 528 953 parvulis
543 927 554 947 ,
577 894 667 950 jam
688 900 832 935 tamen
854 887 1053 952 quamvis
1072 904 1151 950 per
1171 885 1303 932 corda
1331 897 1372 932 et
1396 903 1472 931 ora
1494 888 1712 944 majorum
1753 898 1756 902 ’

336 959 509 1006 credere
542 960 750 1024 parvulos
773 959 1052 1005 confitentur.
1082 958 1203 1003 Sicut
1225 974 1324 1016 ergo
1349 956 1532 1002 audiunt
1557 954 1712 1000 Domi·
1753 987 1756 991 -

335 1047 440 1076 num
458 1030 674 1076 dicentem
693 1047 704 1075 ε
725 1050 745 1070 «
764 1028 852 1084 Qui
868 1045 956 1073 non
969 1027 1282 1073 renatusfuerit
1295 1043 1342 1072 ex
1360 1043 1471 1089 aqua
1485 1035 1526 1071 et
1542 1024 1712 1088 Spiritu
1753 1055 1755 1063 ·

337 1121 359 1142 >2
387 1111 559 1155 sancto,
586 1117 674 1145 non
705 1098 903 1145 introibit
930 1098 973 1143 in
1001 1114 1181 1157 regnum
1205 1094 1465 1151 coelorum1‚
1488 1117 1506 1137 »
1530 1104 1712 1158 propter

336 1169 458 1233 quod
479 1186 549 1215 eos
570 1168 859 1233 baptizandos
885 1185 970 1214 esse
997 1166 1269 1220 concedunt3
1297 1167 1357 1211 sic
1382 1164 1562 1211 audiant
1586 1180 1712 1210 eum-

336 1239 435 1286 dem
451 1240 689 1286 Dominum
708 1240 923 1286 dicentem
947 1256 957 1283 :
979 1259 999 1279 «
1018 1237 1106 1294 Qui
1124 1255 1211 1283 non
1231 1235 1489 1289 crediderit,
1506 1234 1710 1281 condem·
1752 1252 1755 1289 ζ

337 1331 358 1351 »
378 1309 585 1355 nabitur2
607 1328 618 1355 :
642 1331 662 1352 >)
680 1310 782 1373 quia
800 1311 911 1354 sicut
929 1325 1000 1353 eos
1017 1308 1180 1353 renasci
1198 1324 1277 1370 per
1294 1306 1578 1352 ministerium
1597 1305 1712 1368 bap-

334 1379 561 1425 tizantium
579 1416 589 1435 ,
610 1379 670 1425 ita
690 1379 818 1425 etiam
850 1378 1023 1424 credere
1052 1394 1130 1441 per
1160 1377 1296 1424 corda
1320 1387 1362 1422 et
1395 1393 1469 1421 ora
1490 1375 1709 1421 confiten-

335 1449 446 1495 tium
470 1451 747 1497 confitentur.
780 1448 982 1496 Audeant
1005 1466 1105 1509 ergo
1138 1448 1281 1494 dicere
1307 1446 1426 1511 quod
1443 1464 1464 1492 a
1482 1450 1600 1506 justo
1620 1447 1711 1491 Deo

327 1519 535 1566 innocens
558 1520 939 1576 condemnabitur,
962 1519 996 1565 si
1028 1519 1150 1565 nullo
1177 1518 1354 1565 vinculo
1377 1516 1550 1581 peccati
1576 1515 1709 1576 origi-

333 1590 440 1636 nalis
469 1591 719 1639 innectitur.

399 1660 579 1708 XLVII.
611 1661 658 1707 Si
679 1677 817 1707 sermo
835 1660 913 1706 iste
931 1660 1122 1725 prolixus
1143 1670 1205 1706 est
1223 1671 1266 1706 et
1288 1674 1491 1706 onerosus
1513 1673 1710 1720 occupa-

337 1730 527 1777 tionibus
547 1732 657 1788 tuis,
684 1731 739 1777 da
763 1732 962 1786 veniam;
989 1732 1092 1795 quia
1115 1742 1165 1777 ut
1186 1732 1284 1778 haec
1304 1730 1358 1776 ad
1387 1741 1425 1775 te
1447 1728 1678 1775 scriberem
1696 1764 1707 1784 ,

334 1810 376 1847 et
391 1813 632 1865 occupatus
655 1802 809 1848 litteris
835 1803 920 1848 tuis
943 1803 1163 1848 indicibus
1182 1820 1280 1863 erga
1297 1818 1374 1847 nos
1397 1797 1711 1845 benevolentiae

337 1882 425 1918 tuae
446 1883 588 1918 tecum
610 1874 689 1919 ista
709 1873 995 1937 colloquerer,
1019 1875 1147 1920 etiam
1163 1891 1240 1934 ego
1258 1873 1346 1918 vim
1369 1871 1452 1917 feci
1472 1873 1712 1916 interrum-

335 1941 490 2006 pendis
515 1945 883 2007 occupationibus
907 1945 1027 1992 meis.
1064 1945 1108 1990 Si
1131 1961 1219 2008 qua
1238 1944 1335 1990 illos
1363 1943 1444 1988 alia
1472 1940 1712 2000 excogitare

334 2011 536 2059 adversus
554 2013 683 2059 fidem
700 2013 962 2061 catholicam
975 2015 1152 2061 scieritis
1168 2052 1178 2070 ,
1200 2025 1541 2078 etquaecumque
1559 2010 1711 2057 adver·
1750 2013 1753 2041 ÷

332 2099 404 2129 sus
421 2100 507 2138 eos,
528 2101 581 2129 ne
599 2084 807 2130 dominici
826 2086 964 2145 gregis
982 2085 1155 2131 infirma
1175 2085 1416 2140 devastent,
1437 2100 1513 2129 vos
1533 2097 1708 2145 quoque
1749 2101 1751 2106 ¹

334 2152 453 2199 fideli
483 2164 525 2199 et
553 2153 683 2216 plane
706 2155 915 2217 pastorali
934 2155 1165 2201 dilectione
1188 2155 1417 2209 disseritis,
1452 2163 1554 2198 nota
1578 2151 1709 2198 facite

332 2222 472 2269 nobis.
502 2223 818 2269 Haereticorum
845 2225 1013 2288 quippe
1037 2224 1338 2289 inquietudine
1354 2262 1364 2279 ,
1386 2234 1434 2270 ut
1456 2222 1708 2286 Scripturas

331 2292 581 2352 vigilantius
596 2305 938 2373 perscrutemur,
962 2295 1099 2351 unde,
1125 2313 1176 2342 ne
1193 2295 1296 2341 ovili
1321 2294 1483 2341 Christi
1503 2303 1705 2350 noceant,

331 2362 389 2408 eis
415 2363 548 2425 possit
572 2365 761 2421 occurri,
790 2376 996 2430 tanquam
1014 2365 1067 2412 de
1086 2383 1236 2412 somno
1256 2366 1440 2426 ignaviae
1465 2374 1623 2410 nostrae
1638 2380 1706 2409 ex-

332 2431 491 2478 citatur
512 2433 762 2481 industria:
789 2437 849 2481 ita
872 2453 950 2499 per
974 2436 1260 2500 multiplicem
1293 2435 1477 2496 gratiam
1500 2433 1703 2480 Salvato-
1749 2449 1751 2454 ’

329 2502 412 2560 ris,
436 2503 566 2549 etiam
589 2505 743 2568 quod
732 2506 990 2552 lnimicusin
1010 2507 1251 2571 perniciem
1270 2506 1564 2562 machinatur,
1594 2505 1710 2552 Deus

378 2585 389 2606 ¹
407 2586 502 2618 Joan.
518 2597 568 2628 ιιι,
589 2588 618 2619 5.
636 2586 706 2614 -2
723 2586 913 2634 Marum-,1
935 2590 985 2622 16.
