1769 3235
318 257 411 312 384
725 266 759 296 s.
803 261 1046 294 Atousrtm
1082 261 1284 292 Eprscopi

321 334 462 398 sapiat
484 350 495 377 ε
518 335 630 377 Cum
647 330 692 376 in
717 329 869 375 itinere
890 327 969 374 Dei
994 326 1186 373 faciliora
1221 336 1262 371 et
1281 324 1501 371 fructuosa
1533 323 1687 383 ignava
1752 341 1769 388 gn

320 404 556 454 formidine
576 402 823 463 fugiuntur,
844 400 889 446 in
908 400 1060 446 itinere
1080 396 1276 444 saeculari
1297 395 1474 441 duriora
1495 405 1536 440 et
1559 394 1685 440 steri-
1753 410 1769 442 u

317 478 377 524 lia
405 490 649 522 aerumnoso
690 472 841 518 labore
861 470 1114 517 tolerantur.
1158 466 1394 513 Incolumis
1429 466 1475 512 in
1508 466 1685 511 Christo

319 549 462 609 vigeas
479 558 522 593 et
538 545 759 610 proficias,
777 543 952 590 domine
973 541 1125 587 merito
1141 537 1421 604 praedicande
1443 538 1690 584 sinceriter-
1719 525 1723 540 ἵ
1761 584 1764 599 ι

323 637 410 685 que
433 618 685 666 charissime
702 633 752 663 ac
771 612 1165 662 desiderantissime
1186 610 1331 657 frater.

322 791 571 806 Μινν-Ἂιια
596 788 698 800 ναι-ι,
709 782 1135 797 sztfflsssmsxsnsssms
1147 778 1704 793 mm—msssmsuswsmmn
1727 789 1729 800 A

765 901 1030 946 EPISTOLA
1064 901 1244 944 CCLVII
1260 901 1271 923 ¹
1281 933 1290 943 .

385 1034 557 1075 Domino
581 1031 726 1073 eximio
745 1031 971 1079 meritoque
990 1026 1239 1074 honorabili,
1259 1035 1298 1065 et
1317 1023 1558 1077 suspiciendo
1575 1023 1655 1064 filio

794 1092 971 1130 ORoNno
998 1091 1255 1129 Auousrnws

564 1227 844 1287 Augustinus
868 1226 1053 1267 Orontio
1072 1225 1317 1267 resalutans
1340 1225 1481 1266 illum.
1737 1223 1741 1303 ἰ

1739 1313 1743 1339 'y

408 1366 503 1412 Aeo
542 1361 699 1422 gratias
737 1359 859 1424 quod
896 1359 1130 1405 adventum
1163 1357 1413 1404 eximietatis
1444 1370 1528 1406 tuae
1565 1342 1746 1416 litterisl

342 1437 471 1484 etiam
497 1432 738 1498 praevenire
775 1430 978 1490 dignatus
1014 1447 1073 1485 eS‚
1101 1439 1141 1474 et
1168 1440 1265 1474 aute
1293 1430 1538 1476 contuitum
1565 1421 1745 1478 misistil

345 1505 634 1569 colloquium,
659 1512 706 1548 ut
728 1512 799 1547 tuo
819 1501 941 1564 prius
961 1501 1093 1546 affatu
1114 1517 1245 1564 quam
1264 1512 1440 1564 aspectu
1463 1501 1720 1561 frueremur,

347 1589 390 1625 et
406 1577 483 1622 diu
509 1573 794 1620 desideratam
820 1571 1021 1617 notitiam
1062 1570 1282 1633 epistolari
1314 1571 1464 1617 solatio
1505 1573 1723 1636 quodam-

347 1648 481 1696 modo
517 1654 832 1710 praegustantes
867 1653 1189 1706 expectaremus
1215 1642 1381 1688 avidius
1404 1655 1446 1689 et
1485 1644 1720 1701 ardentius,

350 1719 471 1785 quod
501 1715 745 1778 jucundius
774 1714 1024 1777 gratiusque
1064 1730 1315 1776 caperemus
1357 1716 1542 1761 Domine
1578 1716 1727 1762 eximie

351 1790 593 1852 meritoque
614 1785 887 1832 honorabilis
912 1795 954 1830 et
995 1784 1269 1847 suscipiende
1296 1784 1372 1832 fili.
1404 1786 1559 1832 Reddo
1582 1787 1728 1851 itaque

350 1861 513 1908 meritis
537 1858 620 1904 tuis
642 1869 683 1903 et
708 1855 1082 1920 praecurrentibus
1118 1854 1271 1900 officiis
1292 1855 1491 1902 debitum
1517 1858 1730 1904 resaluta-
1751 1865 1755 1908 Ι

354 1933 482 1980 tionis
500 1929 777 1992 obsequium,
816 1926 1162 1972 incolumitatem
1191 1938 1308 1972 tuam
1337 1928 1529 1987 gaudens
1548 1930 1730 1975 nuntia·
1753 1967 1757 1984 ;

357 2015 462 2059 tam,
490 2011 732 2065 optansque
747 1999 1016 2044 continuam.
1046 1999 1096 2043 Et
1120 1997 1238 2060 quod
1268 2000 1474 2062 rescripta
1494 2000 1734 2060 exiguitatis

357 2090 465 2122 meae
487 2074 584 2133 jure
603 2079 857 2134 praerogatae
887 2068 1201 2113 benevolentiae
1217 2069 1482 2132 reposcendo
1507 2070 1731 2128 addidisti,
1755 2086 1760 2120 ι

360 2146 506 2193 dicens
529 2160 540 2187 ε
569 2163 588 2182 «
609 2141 654 2186 si
680 2152 824 2186 tamen
846 2139 889 2185 id
909 2139 962 2184 de
983 2150 1098 2184 tauta
1117 2140 1344 2186 sanctitate
1371 2158 1598 2203 possumus
1627 2122 1761 2206 pro-i

360 2216 542 2266 mereri:
568 2237 588 2257 »
613 2214 730 2260 nullo
758 2213 889 2259 modo
909 2213 1046 2258 audeo
1078 2213 1321 2276 desperare.
1346 2215 1587 2260 sanctitatis
1617 2219 1737 2275 ejus·
1759 2259 1764 2268 ,

360 2290 478 2344 dem‚
517 2291 643 2347 cujus
682 2286 842 2331 haustu
864 2302 946 2348 pro
986 2295 1130 2330 nostro
1167 2284 1344 2330 modulo
1369 2285 1535 2349 aliquid
1567 2295 1765 2345 sumu533

363 2362 506 2425 ipsum
520 2357 681 2404 fontem
698 2373 787 2401 non
809 2355 948 2401 solum
977 2354 1265 2410 laudandum,
1289 2357 1568 2403 verumetiam
1586 2359 1739 2404 nobis·
1761 2334 1769 2419 ἓ

366 2449 467 2479 cum
503 2426 885 2493 participandum,
908 2437 950 2472 et
985 2437 1072 2472 tuae
1110 2426 1357 2490 prudentiae
1387 2428 1671 2491 placiturum,
1694 2441 1742 2477 ut

367 2505 484 2550 Deus
522 2497 929 2562 incomparabiliter
968 2508 1097 2561 atque
1130 2498 1552 2547 incommutabiliter
1577 2501 1769 2567 bonus,}

1766 2573 1769 2626 q

1767 2634 1769 2705 l

1753 1988 1758 2012 ν

1754 2019 1759 2057 !

1755 2059 1760 2083 t

419 2595 429 2617 Ι
451 2592 538 2627 Alias
554 2601 665 2622 cxxui.
679 2600 750 2633 quae
770 2595 873 2622 autem
890 2590 954 2629 257
970 2595 1049 2628 erat,
1066 2599 1150 2621 nunc
1173 2595 1248 2626 142.
