1769 3235
558 272 770 305 EPISTOLA
805 274 955 305 exelx.
1364 259 1449 306 135

83 360 103 381 «
128 340 242 386 Ecce
273 339 501 387 vobiscum
540 355 634 385 sum
669 355 805 402 usque
836 339 882 384 in
918 341 1330 386 consummationem
1368 357 1453 386 sae-

84 431 104 452 ³)
129 409 280 465 culi13
304 432 323 452 s)
346 411 462 474 quod
490 421 634 456 tamen
671 426 766 455 eum
804 409 1015 455 universae
1048 410 1252 457 Ecclesiae
1280 411 1453 474 promi-

83 480 183 526 sisse
203 517 213 535 ,
247 498 348 544 quae
382 482 474 527 aliis
508 481 794 526 morientibus
819 480 911 525 aliis
932 482 1208 526 nascentibus
1227 482 1301 527 hic
1322 498 1455 545 usque

84 550 130 596 in
154 551 300 596 saeculi
328 552 746 597 consummationem
769 550 917 596 futura
951 561 1040 606 est,
1064 552 1161 613 quis
1187 569 1271 597 non
1293 552 1456 598 intelli-

86 624 186 681 gat?
209 621 322 667 sicut
341 622 399 667 eis
421 633 462 667 et
481 621 589 667 illud
607 622 692 676 ait,
721 621 841 684 quod
870 619 924 665 ad
947 637 1015 665 eos
1037 622 1213 667 omnino
1239 639 1327 667 non
1355 640 1455 685 per-

85 692 222 743 tinet,
252 702 294 737 et
326 703 469 738 tamen
501 693 560 738 sic
581 692 750 738 dictum
778 702 868 746 est,
890 701 1095 754 tanquam
1121 691 1174 737 ad
1202 692 1311 737 solos
1329 694 1458 738 etiam

86 762 324 825 pertineret
353 779 365 807 t
401 764 557 809 «Cum
596 762 791 808 videritis
827 762 925 807 haec
961 763 1136 815 omnia,
1181 763 1331 807 scitote
1358 765 1461 826 quia

87 853 111 875 2>
134 848 271 895 prope
296 843 358 878 est
380 833 424 879 in
445 833 636 892 januis2.
666 854 686 874 ›>
724 832 789 878 Ad
825 849 935 896 quos
967 833 1081 878 enim
1122 833 1210 878 hoc
1243 833 1457 895 pertinet,

89 902 170 948 nisi
197 903 251 948 ad
276 920 367 958 eos,
395 905 472 967 qui
498 904 543 949 in
567 919 695 949 carne
731 913 834 949 tunc
856 913 985 948 erunt
1003 940 1014 959 ,
1042 919 1141 948 cum
1167 903 1312 948 omnia
1337 920 1462 949 com—

87 972 360 1036 plebuntur?
399 976 577 1031 Quanto
614 975 750 1034 magis
790 973 899 1019 illud
929 972 1047 1036 quod
1085 991 1131 1019 ex
1162 990 1314 1033 magna
1340 985 1464 1036 parte

86 1060 166 1107 per
188 1061 257 1090 eos
279 1044 492 1104 agendum
512 1045 618 1101 fuit,
642 1044 842 1108 quamvis
862 1054 904 1089 et
928 1044 1109 1108 posteris
1134 1061 1283 1089 eorum
1314 1043 1463 1089 eadem

88 1114 200 1160 actio
220 1119 492 1161 servaretur?

153 1189 204 1231 L.
237 1185 369 1241 Quod
387 1196 529 1230 autem
555 1185 662 1231 dixit
687 1185 920 1248 Apostolus
941 1203 951 1230 ε
976 1206 994 1226 «
1022 1183 1249 1247 Numquid
1273 1201 1359 1229 non
1382 1202 1464 1230 au·-

88 1275 110 1296 »
136 1255 344 1302 dierunt?
382 1258 433 1301 ln
466 1273 638 1302 omnem
669 1267 826 1302 terram
859 1256 958 1301 exiit
992 1272 1120 1300 sonus
1143 1271 1316 1310 eorum,
1355 1265 1397 1299 et
1420 1255 1464 1300 in

88 1346 110 1367 »
135 1325 239 1371 fines
259 1326 377 1371 orbis
402 1337 528 1371 terrae
551 1328 684 1372 verba
707 1342 855 1371 eorum
871 1326 887 1354 ³
911 1343 921 1370 ε
948 1348 967 1367 »
991 1325 1190 1389 quamvis
1218 1325 1390 1370 locutus
1412 1325 1466 1370 sit

85 1397 300 1458 praeteriti
323 1397 531 1460 temporis
565 1397 730 1454 verbis,
763 1407 905 1442 tamen
945 1395 1064 1459 quod
1093 1394 1288 1441 futurum
1327 1395 1468 1441 fuerat

88 1465 222 1515 dixit.
259 1483 343 1511 non
376 1466 494 1530 quod
518 1470 609 1526 jam
643 1467 808 1512 sactum
850 1478 980 1530 atque
1015 1465 1283 1528 completum
1311 1482 1322 1504 τ
1354 1466 1465 1512 sicut

85 1536 178 1599 ipse
204 1537 448 1600 Propheta,
477 1554 564 1601 quo
588 1554 688 1583 usus
723 1549 784 1583 est
803 1548 906 1582 teste
922 1575 932 1593 ,
956 1554 1043 1582 nou
1071 1537 1154 1591 ait,
1174 1558 1192 1575 «
1215 1538 1266 1581 In
1291 1553 1462 1582 omnem

85 1627 108 1650 >2
135 1617 329 1652 terram»
349 1608 540 1653 exiturus
556 1645 566 1664 ,
589 1608 685 1664 sed,
716 1630 736 1649 «
755 1608 888 1664 Exiit,
908 1607 1078 1671 inquit,
1099 1624 1230 1652 sonus
1254 1624 1422 1662 eorum,
1442 1629 1461 1649 ›>

87 1677 206 1740 quod
234 1678 384 1741 utique
410 1679 608 1725 nondum
627 1679 792 1725 factum
807 1690 899 1725 erat
920 1697 930 1724 τ
955 1678 1082 1742 quale
1098 1689 1159 1723 est
1176 1678 1302 1724 etiam
1321 1679 1431 1724 illud
1450 1716 1460 1735 ,

86 1769 108 1790 «
133 1749 352 1795 Foderunt
387 1767 540 1796 manus
585 1768 697 1796 meas
733 1762 773 1796 et
806 1749 986 1813 pedes43
1009 1772 1027 1791 »
1051 1749 1171 1812 quod
1210 1759 1295 1794 tam
1339 1749 1464 1808 longe

86 1831 232 1884 postea
253 1820 415 1867 factum
438 1824 652 1869 novimus.
682 1822 767 1868 Sed
794 1839 846 1867 ne
866 1822 968 1867 istas
993 1831 1160 1867 tantum
1184 1821 1464 1884 propheticas

84 1891 325 1937 locutiones
344 1929 354 1949 ,
383 1910 472 1938 non
508 1904 549 1938 et
583 1893 844 1955 apostolicas
877 1892 1005 1937 fuisse
1040 1891 1294 1947 credamus,
1321 1907 1465 1937 nonne

85 1962 201 2008 idem
222 1963 315 2026 ipse
333 1964 568 2026 Apostolus
590 1965 648 2010 ait
667 1982 677 2010 :
697 1986 715 2006 «
732 1965 847 2021 Quae
866 1977 926 2010 est
945 1963 1137 2009 Ecclesia
1162 1962 1239 2007 Dei
1261 1962 1348 2008 vivi
1362 2000 1371 2018 ,
1394 1978 1464 2008 co-

89 2053 109 2075 »
129 2033 279 2079 lumna
299 2045 340 2079 et
355 2036 676 2081 firmamentum
695 2035 885 2081 veritatis
903 2053 913 2080 :
937 2045 978 2080 et
995 2035 1083 2080 sine
1103 2033 1241 2079 dubio
1255 2049 1462 2093 magnum

87 2114 191 2150 »est
216 2105 391 2167 pietatis
423 2106 753 2153 Sacramentum
774 2145 784 2162 ‚
821 2106 944 2171 quod
969 2104 1293 2151 manifestatum
1328 2114 1390 2150 est
1418 2105 1461 2150 in

87 2194 108 2216 »
135 2191 264 2220 carne
282 2210 294 2230 ‚
321 2175 610 2234 justificatum
633 2187 697 2222 est
718 2177 763 2223 in
794 2177 976 2240 spiritu,
1018 2174 1226 2238 apparuit
1256 2174 1459 2234 Angelis,

87 2264 109 2285 u
131 2244 423 2308 praedicatum
449 2257 512 2291 est
533 2246 578 2292 in
611 2248 838 2307 gentibus,
863 2246 1080 2293 creditum
1112 2255 1173 2290 est
1198 2244 1244 2289 in
1268 2244 1460 2301 mundo,

85 2337 107 2358 n
131 2327 404 2379 assumptum
437 2329 498 2364 est
536 2318 582 2364 in
617 2318 811 2379 gloria-⁷³?
843 2340 863 2361 »
893 2319 1060 2381 Nempe
1092 2316 1368 2362 manifestum
1402 2326 1465 2362 est

84 2386 195 2444 hoc,
217 2387 337 2450 quod
361 2388 406 2433 in
438 2400 625 2435 extremo
648 2390 822 2453 posuit,
849 2389 980 2435 etiam
1004 2404 1123 2433 nunc
1148 2387 1346 2432 nondum
1375 2403 1461 2432 esse

83 2457 378 2521 completum3
415 2471 581 2522 quanto
607 2461 743 2521 magis
773 2470 880 2506 tunc
915 2458 1093 2523 quando
1134 2458 1214 2504 ista
1250 2457 1458 2504 dicebat?

133 2556 144 2578 ¹
159 2556 277 2588 Mauh.
298 2567 413 2600 xxvnr,
429 2568 485 2588 20.
505 2575 549 2581 —-
566 2557 642 2591 ²Id.
666 2569 754 2595 xxw,
771 2561 877 2592 33.—-
891 2556 904 2580 3
921 2561 1014 2590 Rom.
1033 2569 1065 2593 x,
1086 2558 1137 2595 18,
1159 2558 1404 2598 eiPsa1.xv1u‚
1426 2559 1457 2588 5.

87 2629 130 2635 -
145 2609 159 2633 ⁴
179 2613 259 2647 psat.
276 2624 421 2656 xx1‚17.
441 2612 512 2637 —5
531 2626 541 2644 1
563 2613 646 2646 Tim.
664 2626 713 2656 ιιι,
740 2617 794 2648 15,
