1769 3235
331 244 392 290 68
753 262 787 293 s.
832 262 1076 296 Aucusrmr
1111 265 1317 296 EPISCOPI

332 324 559 370 reditatem
583 324 798 372 coelestem
819 364 829 383 ‚
857 345 946 374 non
975 330 1163 376 consulit
1195 331 1398 376 omnibus
1422 332 1615 395 parvulis
1644 333 1702 380 fi-

332 395 487 440 Iiorum
507 412 681 441 suorum
704 433 713 451 ‚
741 407 782 441 et
802 398 1019 444 nonnullis
1052 400 1239 445 consulit
1256 401 1382 446 etiam
1407 402 1601 464 parvulis
1625 403 1705 449 im-
1761 407 1764 446 ἰ

329 466 503 529 piorum
525 469 543 511 9
570 468 651 512 Iste
675 467 816 513 infans
835 469 887 514 de
910 470 1112 516 fidelibus
1127 471 1370 531 conjugatis
1388 484 1507 519 ortus
1525 510 1535 530 ‚
1555 473 1704 520 laetitia
1761 463 1763 502 Ῠ

327 547 559 599 parentum
603 548 826 600 susceptus
844 574 856 593 ,
900 540 1050 585 matris
1089 540 1155 585 vel
1193 541 1375 586 nutricis
1417 541 1704 589 somnolentia
1760 560 1769 593 ρ

327 607 559 652 suffocatus
583 608 632 652 fit
652 609 830 654 extorris
860 620 902 655 et
925 627 1073 673 expers
1097 610 1197 656 fidei
1222 627 1400 657 suorum
1427 629 1438 657 :
1469 611 1541 658 ille
1561 612 1703 658 infans
1760 612 1769 668 J‘

327 676 381 722 (le
406 677 614 737 sacrilego
639 688 792 742 stupro
810 680 1019 733 nascitur,
1045 680 1213 726 crudeli
1233 681 1384 727 timore
1409 682 1557 728 matris
1573 698 1701 746 expo·
1759 694 1762 740 ξ

323 747 461 802 nitur,
491 747 731 794 alienorum
769 750 1038 796 misericordi
1063 751 1225 814 pietate
1261 751 1506 811 colligitur,
1546 769 1699 800 eorum
1760 773 1769 786 =⁴

323 816 561 863 christiana
585 818 877 865 sollicitudine
913 821 1182 883 baptizatur,
1210 822 1260 866 fit
1283 822 1435 867 aeterni
1459 839 1635 869 consors
1656 833 1699 869 et
1758 852 1769 874 n

323 887 547 951 particeps
568 889 702 948 regni.
738 890 822 935 Ista
840 891 1030 950 cogitent
1048 927 1058 946 ‚
1083 891 1164 936 ista
1186 890 1458 937 considerent
1479 928 1490 948 ,
1519 892 1594 938 hic
1615 908 1697 939 au-
1759 906 1761 912 ’

320 957 452 1004 deant
475 958 617 1004 dicere
639 964 781 1005 Deum
803 959 870 1005 vel
888 971 1159 1023 acceptorem
1180 961 1224 1005 in
1248 977 1323 1006 sua
1346 962 1481 1021 gratia
1495 979 1698 1024 persona·
1757 958 1769 1002 -3

320 1045 420 1074 rum
441 1065 451 1084 ,
473 1028 539 1074 vel
563 1040 929 1075 remuneratorem
957 1029 1297 1093 praecedentium
1323 1031 1593 1079 meritorum.

381 1100 593 1146 XXXIII.
637 1101 747 1145 Nam
773 1111 814 1146 et
836 1101 869 1146 si
892 1102 1171 1147 conabuntur
1196 1101 1369 1160 majoris
1395 1102 1533 1148 aetatis
1551 1102 1696 1167 aliqua
1757 1104 1769 1148 ss

318 1170 474 1216 merita
506 1170 717 1234 suspicari
737 1189 808 1217 sen
835 1172 949 1217 bona
970 1189 1041 1218 seu
1062 1172 1174 1218 mala
1197 1209 1208 1228 ,
1232 1172 1339 1236 quid
1364 1172 1417 1218 de
1435 1173 1525 1219 istis
1548 1172 1696 1219 infan-
1756 1206 1769 1231 μ

322 1241 441 1287 tibus
460 1240 633 1297 dicent,
660 1258 847 1304 quorum
873 1259 950 1288 nec
976 1242 1054 1288 iste
1072 1242 1155 1288 sibi
1183 1241 1282 1287 ullis
1312 1243 1502 1306 propriis
1534 1242 1697 1289 meritis
1754 1260 1769 1299 ζ,

320 1311 446 1357 malis
466 1311 612 1374 potuit
638 1313 860 1375 acquirere
876 1313 1125 1359 violentiam
1150 1313 1401 1358 suffocantis
1421 1350 1430 1367 ‚
1468 1330 1548 1359 nec
1567 1313 1697 1359 bonis

319 1382 392 1428 ille
418 1383 684 1443 diligentiam
710 1384 1011 1447 baptizantis?
1038 1384 1194 1429 Nimiae
1208 1384 1410 1429 vanitatis
1427 1384 1696 1430 etcaecitatis

318 1464 421 1500 sunt
437 1491 447 1511 ‚
469 1454 504 1499 si
529 1455 657 1499 etiam
677 1454 745 1500 his
771 1455 1052 1500 consideratis
1073 1454 1272 1500 nondum
1296 1454 1533 1514 dignantur
1549 1453 1693 1501 excla-

316 1542 435 1571 mare
475 1525 706 1570 nobiscum
728 1562 738 1582 ,
764 1546 783 1566 α
801 1526 840 1572 Ο
882 1525 1067 1571 altitudo
1105 1525 1356 1571 divitiarum
1394 1526 1618 1589 sapientiae
1652 1536 1694 1572 et

316 1615 337 1636 >³
356 1595 551 1641 scientiae
581 1595 684 1641 Dei!
714 1598 857 1653 Quam
880 1595 1180 1642 inscrutabilia
1201 1605 1300 1640 sunt
1320 1594 1490 1654 judicia
1514 1598 1606 1655 ejus
1622 1631 1632 1650 ,
1650 1604 1693 1640 et

314 1688 335 1709 »
355 1665 675 1725 investigabiles
717 1666 800 1712 viae
835 1665 973 1726 ejus1.
996 1688 1014 1708 »
1057 1667 1155 1711 Non
1192 1666 1336 1730 itaque
1381 1663 1692 1711 misericordiae
1750 1701 1769 1731 ;·

314 1737 515 1797 gratuitae
533 1736 611 1781 Dei
638 1737 979 1799 pertinacissima
1005 1737 1287 1783 adversentur
1316 1736 1498 1783 insania.
1537 1736 1693 1781 Sinant
1749 1777 1752 1786 ,

313 1808 454 1854 filium
478 1807 670 1852 hominis
691 1807 735 1852 in
763 1808 958 1871 qualibet
983 1819 1107 1853 {etate
1126 1825 1320 1871 quaerere
1339 1844 1349 1863 ,
1374 1817 1416 1852 et
1435 1806 1602 1852 salvum
1625 1805 1689 1852 fa·
1748 1830 1751 1848 ;

311 1895 406 1925 cere
431 1877 549 1941 quod
584 1879 811 1940 perierat&
840 1879 928 1923 Nec
952 1878 1004 1924 de
1021 1877 1381 1923 inscrutabilibus
1398 1876 1580 1937 judiciis
1599 1879 1691 1936 ejus

309 1949 498 1997 audeant
514 1948 730 2008 judicare,
755 1949 896 1994 curin
916 1966 997 1995 una
1017 1949 1252 2013 eademqne
1270 1965 1398 1994 causa
1417 1964 1546 2011 super
1558 1946 1689 1992 alium
1747 1950 1750 2004 ξ

310 2021 452 2068 veniat
474 2020 766 2065 misericordia
787 2024 878 2080 eJ'us
899 2058 908 2075 ‚
938 2038 1068 2083 super
1092 2020 1224 2066 alium
1259 2029 1430 2065 maneat
1455 2020 1518 2064 ira
1556 2021 1664 2078 ejus.

369 2092 571 2137 XXXIV.
593 2091 680 2147 Qui
694 2091 806 2136 enim
819 2102 919 2137 sunt
936 2092 1004 2137 isti
1019 2091 1095 2155 qui
1111 2090 1400 2154 respondeant
1417 2090 1524 2145 Deo,
1542 2105 1688 2152 quan-

308 2162 544 2227 doquidem
571 2161 642 2207 ille
664 2162 878 2208 Rebeccae
903 2162 1085 2208 habenti
1109 2162 1302 2221 geminos
1325 2177 1374 2205 ex
1398 2176 1490 2206 uno
1516 2176 1688 2205 concu-

308 2236 405 2281 bitu
446 2235 565 2279 Isaac
604 2234 738 2296 patris
773 2234 929 2290 nostri,
971 2250 1070 2279 cuin
1108 2233 1172 2279 illi
1209 2230 1405 2278 nondum
1442 2230 1531 2276 nati
1573 2229 1688 2276 nihil

305 2307 488 2366 egissent
513 2305 619 2350 boni
643 2304 708 2350 vel
729 2305 850 2361 mali,
882 2316 929 2350 ut
949 2304 1187 2351 secundum
1210 2303 1462 2349 electionem
1485 2301 1685 2366 proposi·
1742 2346 1745 2374 ἵ,

306 2387 398 2424 tum
412 2380 502 2437 ejus
526 2386 716 2421 maneret
735 2412 746 2428 ‚
768 2375 1019 2421 electionem
1039 2374 1202 2421 scilicet
1220 2373 1368 2434 gratiae
1383 2409 1394 2428 ‚
1417 2389 1504 2418 non
1525 2371 1681 2428 debiti,
1743 2377 1745 2408 ἱ

304 2447 556 2494 electionem
576 2463 660 2510 qua
687 2446 907 2507 eligendos
926 2447 1031 2493 facit
1055 2447 1146 2510 ipse
1162 2482 1172 2502 ‚
1197 2462 1284 2490 non
1309 2443 1474 2490 invenit
1497 2462 1509 2497 ;
1534 2459 1621 2488 non
1636 2458 1684 2488 ex
1740 2448 1744 2490 ξ

305 2518 532 2583 operibus9
574 2517 645 2563 sed
674 2535 721 2563 ex
751 2529 932 2564 vocante
957 2518 1063 2565 dicit
1087 2555 1096 2574 ,
1121 2515 1278 2563 minori
1303 2515 1563 2562 serviturum
1595 2529 1682 2559 esse
1740 2555 1743 2586 ,ἒ

358 2604 402 2631 'R
433 2602 595 2629 71111(ὶῖ
685 2600 767 2630 Ἰ1,1,ι’
805 2614 870 2636 xix,
893 2615 940 2633 re,
970 2622 984 2625 --
1022 2602 1034 2621 ⁴⁴
1058 2605 1147 2632 Rom,
1173 2613 1210 2637 αἳ,
1239 2612 1276 2626 τα
