1769 3235
330 257 389 303 38
748 272 781 299 s.
830 270 1070 310 Anepsrmi
1107 271 1312 302 nprscom

334 351 505 415 tem-'pus
530 336 826 413 opperiebar..
855 353 953 382 ecce
975 337 1119 383 subito
1136 335 1376 400 profecturi
1400 355 1423 383 a
1445 338 1571 391 nobis
1588 337 1699 391 cha-

334 407 490 453 rissimi
508 405 653 452 fratris
667 406 801 461 nostri
821 405 970 452 Albini
1005 407 1126 478 icoly
1136 407 1199 453 thi
1238 407 1475 466 gratissima
1509 408 1701 461 occurrit

328 477 510 524 occasio.
544 477 607 521 De
630 486 702 521 tua
722 476 853 535 igitur
874 493 974 539 quae
1000 468 1109 523 mihi
1144 478 1460 540 exoptatissima
1482 489 1544 524 est
1566 478 1704 530 salute

331 548 522 601 laetatus‚
549 546 766 601 sanctitati
789 556 875 591 tuae
889 546 1190 597 salutationem
1207 547 1397 593 debitam
1414 547 1562 595 reddo.
1586 549 1704 594 Sern-

329 611 408 682 per
427 628 568 663 autem
594 616 732 666 debeo
770 615 1052 672 charitatem,
1076 634 1175 680 quae
1208 617 1314 673 sola,
1351 618 1477 663 etiam
1510 617 1701 674 reddita,

331 704 500 751 semper
517 686 682 733 detinet
705 685 961 741 debitorem.
987 688 1207 734 Redditur
1227 688 1341 734 enim
1361 705 1460 734 cum
1483 688 1707 752 impendi-

333 769 424 814 tur,
463 758 647 809 debetur
690 768 831 804 autem
851 758 1015 804 etiamsi
1040 758 1211 812 reddita
1233 757 1392 814 fuerit3
1417 760 1521 822 quia
1539 758 1708 811 nullum

333 840 397 876 est
421 841 592 892 tempus
621 827 798 891 quando
844 828 1136 892 impendenda
1156 831 1246 889 jam
1273 828 1360 875 non
1384 830 1451 883 sit.
1482 830 1573 876 Nec
1607 846 1709 882 cum
1768 855 1769 884 3

331 900 531 947 redditur
558 900 788 951 amittitur,
815 899 889 945 sed
922 900 1067 962 potius
1093 898 1318 945 reddendo
1355 899 1706 963 multiplicatur:

332 970 542 1023 habendo
566 971 681 1017 enim
701 969 917 1026 redditur,
944 987 1031 1016 non
1051 970 1253 1016 carendo.
1280 971 1335 1016 Et
1355 986 1455 1015 cum
1477 969 1601 1016 reddi
1623 987 1710 1015 non

329 1042 467 1106 possit
480 1041 561 1087 nisi
579 1041 796 1087 habeatur
814 1058 824 1085 ε
839 1057 919 1086 nec
934 1040 1243 1103 haberipotest
1262 1040 1342 1085 nisi
1355 1039 1564 1096 reddatur
1586 1058 1598 1086 z
1624 1041 1712 1094 imo

330 1112 459 1158 etiam
495 1127 597 1157 cum
632 1109 832 1156 redditur
851 1110 907 1155 ab
941 1110 1137 1166 homine,
1162 1110 1315 1156 crescit
1339 1110 1384 1156 in
1421 1110 1627 1168 homine,
1672 1121 1715 1164 et

335 1192 456 1233 tanto
494 1185 635 1242 maj0r
670 1180 910 1244 acquiritur
934 1191 1099 1258 quanto
1117 1180 1322 1244 pluribus
1344 1180 1558 1236 redditur.
1587 1181 1714 1238 Quo-

331 1252 463 1298 modo
504 1263 648 1312 autem
674 1261 853 1311 negetur
883 1251 1048 1306 amicis,
1077 1268 1178 1315 quae
1219 1250 1405 1328 debetur
1427 1261 1470 1307 et
1497 1250 1714 1310 inimicis?

335 1322 455 1377 Sed
445 1321 632 1382 mimicis
651 1331 778 1389 cauta
797 1320 1086 1383 impenditur,
1108 1320 1257 1366 amicis
1277 1337 1427 1367 secura
1440 1320 1709 1392 rependitur.

335 1394 438 1454 Agit
455 1404 598 1439 tamen
616 1382 829 1455 quantum
851 1402 1011 1455 potest,
1039 1402 1088 1436 ut
1108 1391 1164 1436 ab
1188 1391 1259 1437 his
1277 1392 1425 1448 etiam,
1456 1378 1618 1455 quibus
1635 1409 1716 1456 pro

339 1464 464 1511 malis
495 1465 613 1510 bona
642 1462 863 1517 retribuit,
893 1461 938 1507 id
963 1462 1147 1526 recipiat
1176 1462 1294 1526 quod
1316 1462 1545 1525 impendit.
1571 1464 1717 1526 Opta-

335 1551 432 1581 mus
450 1534 617 1597 quippe
629 1532 721 1579 sleri
743 1532 948 1589 amicum,
966 1549 1095 1596 quem
1115 1532 1324 1578 veraciter
1341 1532 1560 1593 diligimus
1576 1533 1720 1579 inimi·

339 1622 459 1658 cum,
485 1604 587 1667 quia
605 1620 692 1649 non
714 1619 811 1648 eum
838 1602 1057 1662 diligimus
1089 1602 1172 1647 nisi
1188 1602 1369 1648 velimus
1391 1603 1719 1667 bonum3quod
1759 1620 1761 1666 j

338 1677 490 1739 utique
513 1692 602 1720 non
625 1674 722 1729 erit,
748 1674 830 1719 nisi
852 1673 1382 1719 amiseritinimicitiarum
1401 1674 1580 1722 malum.

403 1747 464 1792 ll.
493 1745 593 1790 Non
614 1760 713 1803 ergo
736 1744 796 1789 sic
815 1743 1086 1806 impenditur
1104 1744 1313 1799 charitas,
1337 1754 1385 1789 ut
1401 1744 1603 1807 pecunia.
1628 1745 1716 1790 Ex·
1749 1790 1753 1806 ,

340 1827 468 1881 cepto
501 1815 614 1861 enim
644 1814 764 1878 quod
790 1813 1086 1877 impendendo
1110 1813 1183 1859 illa
1218 1814 1496 1869 diminuitur,
1520 1814 1618 1882 haec
1641 1832 1722 1861 au—
1755 1805 1757 1836 l

340 1899 484 1949 getur.
511 1886 642 1932 etiam
674 1884 749 1931 illo
776 1885 888 1931 inter
906 1903 948 1931 se
983 1884 1207 1940 differunt,
1231 1883 1353 1949 quod
1377 1878 1611 1949 pecuniam
1651 1886 1749 1932 cui

341 1957 614 2012 dederimus,
648 1966 752 2000 tunc
794 1955 831 2001 ei
867 1955 1236 2002 benevolentiores
1271 1956 1447 2010 erimus,
1475 1956 1510 2002 si
1534 1956 1724 2034 recipere

341 2047 431 2076 non
463 2026 748 2091 quaeramus:
790 2043 877 2071 non
910 2037 1049 2072 autem
1074 2035 1216 2089 potest
1244 2043 1329 2089 esse
1352 2043 1476 2072 verus
1502 2012 1725 2072 charitatis

341 2103 582 2176 impensor,
608 2092 830 2142 nisifuerit
853 2096 1065 2156 benignus
1084 2107 1272 2143 exactor.
1299 2097 1516 2153 Quoniam
1537 2097 1724 2160 pecunia
1740 2092 1752 2179 ΙΙ

340 2187 444 2218 cum
457 2178 680 2231 recipitur,
698 2166 866 2227 accedit
882 2167 954 2212 cui
969 2166 1115 2222 datur,
1141 2166 1212 2211 sed
1229 2166 1390 2212 recedit
1408 2184 1429 2211 a
1450 2183 1538 2229 quo
1557 2166 1720 2221 datur·
1740 2177 1752 2215 ·

340 2241 531 2289 charitas
549 2255 648 2284 vero
663 2254 750 2283 non
770 2237 909 2282 solum
926 2237 1042 2300 apud
1057 2253 1155 2282 eum
1173 2237 1345 2292 crescit,
1369 2236 1445 2300 qui
1464 2236 1580 2282 hanc
1603 2236 1725 2282 abo
1675 2252 1725 2282 eo
1738 2244 1751 2308 j}

345 2320 476 2377 quem
501 2309 659 2369 diligit.
685 2308 827 2368 exigit,
848 2308 1012 2353 etiamsi
1036 2324 1124 2352 non
1146 2307 1332 2370 recipit.
1338 2307 1442 2352 sed
1460 2306 1590 2352 etiam
1611 2307 1688 2352 ille
1702 2299 1750 2375 zi}

345 2399 434 2447 quo
457 2398 550 2426 eam
569 2379 744 2442 recipit.
794 2389 898 2424 tunc
928 2378 1086 2441 incipit
1105 2378 1265 2423 habere
1283 2394 1384 2436 cum
1412 2376 1572 2423 reddit.
1610 2376 1740 2423 Pro-l

347 2452 449 2500 inde
470 2450 652 2496 Domine
663 2449 811 2502 frater,
826 2460 1025 2494 mutuam
1044 2449 1123 2494 tibi
1141 2432 1397 2493 charitatem
1416 2447 1555 2493 libens
1569 2426 1738 2502 reddo,l

349 2522 626 2584 gaudensque
654 2519 832 2583 recipio.
859 2519 1005 2576 Quam
1036 2518 1200 2582 recipio
1226 2518 1374 2564 adhuc
1398 2510 1747 2582 repe103quam3p

352 2593 488 2643 reddo
507 2591 651 2637 adhuc
669 2590 822 2637 debeo
846 2591 993 2636 Unum
1020 2590 1135 2636 enim
1159 2589 1432 2649 magistrum,
1459 2587 1579 2651 apud
1595 2584 1746 2661 quemzl
