1769 3235
314 284 407 342 458
736 299 771 328 s,
813 296 1063 328 Aucus-nm
1097 295 1303 326 EPlscoPl

311 382 396 429 qua
420 365 588 412 miseria
611 362 898 428 peccantibus
929 361 1163 422 justissime
1189 359 1355 406 inflicta
1375 397 1385 415 ‚
1421 360 1577 408 liberet
1607 361 1692 409 Dei

311 437 448 496 gratia
467 472 477 492 ‚
507 436 608 499 quia
631 445 783 498 sponte
804 433 937 481 homo
953 470 964 489 ‚
991 432 1037 478 id
1055 442 1144 488 est,
1169 431 1308 477 libero
1331 432 1513 478 arbitrio
1538 432 1691 479 cadere

311 506 484 570 potuit,
521 523 609 551 non
643 505 774 551 etiam
808 521 1008 564 surgere:
1047 502 1101 548 ad
1141 519 1275 565 quam
1313 502 1526 548 miseriam
1559 506 1691 563 justae

311 578 600 624 damnationis
622 577 811 641 pertinet
832 574 1076 636 ignorantia
1097 584 1138 618 et
1162 572 1420 630 difficultas,
1447 591 1579 637 quam
1606 592 1691 637 pa-

308 649 417 695 titur
440 648 579 694 omnis
607 648 742 694 homo
760 647 816 693 ab
841 645 1016 692 exordio
1034 642 1274 689 nativitatis
1298 659 1412 699 suae3
1441 661 1520 690 nec
1538 644 1595 689 ab
1610 644 1691 690 isto

307 719 423 765 malo
446 720 677 783 quisquam
695 755 706 774 ,
734 718 815 763 nisi
842 716 921 762 Dei
954 715 1091 775 gratia
1114 712 1328 758 liberatur
1357 730 1368 758 ε
1400 731 1531 776 quem
1569 714 1691 760 mise-

308 790 418 836 riam
443 789 662 849 Pelagiani
686 789 842 834 nolunt
874 804 921 832 ex
939 789 1057 845 justa
1090 783 1368 830 damnatione
1398 783 1658 830 descendere
1676 822 1688 841 ‚

309 871 512 920 negantes
533 858 738 918 originale
760 867 992 919 peccatum
1017 873 1028 901 ι
1051 853 1250 918 quamvis
1277 853 1520 913 ignorantia
1537 865 1578 900 et
1601 853 1692 899 dif-
1758 868 1760 887 ³

310 931 498 986 ficultas,
526 929 691 975 etiamsi
709 937 847 972 essent
866 925 1058 971 hominis
1077 923 1318 987 primordia
1342 925 1559 970 naturalia
1578 944 1589 979 ;
1612 941 1692 970 nec

309 1001 369 1046 sic
392 999 656 1062 culpandus,
684 997 757 1043 sed
775 996 1019 1042 laudandus
1043 1005 1150 1041 esset
1176 996 1317 1051 Deus,
1346 995 1456 1040 sicut
1480 995 1525 1040 in
1539 994 1690 1041 eodem

312 1070 437 1115 tertio
454 1070 569 1115 libro
594 1068 927 1131 disputavimus.
963 1070 1078 1125 Quae
1104 1065 1344 1128 disputatio
1369 1076 1522 1111 contra
1545 1064 1692 1110 Mani-

311 1141 458 1186 chaeos
477 1139 685 1186 habenda
705 1150 792 1195 est,
817 1139 996 1202 quinon
1016 1136 1239 1199 accipiunt
1259 1136 1508 1199 Scripturas
1523 1146 1692 1181 sanctas

311 1211 473 1257 Veteris
498 1210 781 1256 Instrumenti
801 1247 811 1264 ‚
838 1210 883 1254 in
915 1209 1078 1272 quibus
1108 1206 1319 1266 originale
1340 1218 1569 1270 peccatum
1593 1223 1691 1251 nar-

311 1292 462 1335 ratur3
504 1291 544 1326 et
567 1280 787 1343 quidquid
813 1279 914 1325 inde
937 1279 982 1323 in
1020 1277 1172 1323 litteris
1205 1277 1470 1339 Apostolicis
1503 1276 1688 1336 legitur,

309 1351 553 1397 detestabili
590 1350 864 1414 impudentia
900 1348 1142 1394 immissum
1188 1347 1318 1393 fuisse
1359 1346 1630 1393 contendunt
1668 1364 1692 1392 a

312 1421 644 1484 corruptoribus
683 1421 1001 1483 scripturarum
1021 1455 1031 1474 ‚
1082 1429 1293 1481 tanquam
1334 1435 1422 1463 non
1460 1416 1592 1463 fuerit
1633 1417 1690 1463 ab

314 1492 530 1555 Apostolis
549 1491 732 1538 dictum.
759 1492 923 1536 Contra
957 1489 1207 1548 Pelagianos
1239 1499 1384 1535 autem
1417 1488 1504 1534 hoc
1535 1487 1690 1533 defen-

310 1561 502 1608 dendum
527 1572 616 1618 est,
642 1561 762 1625 quod
784 1572 967 1624 utraque
990 1559 1217 1622 Scriptura
1240 1558 1538 1615 commendat,
1558 1575 1691 1622 quam

307 1649 350 1677 se
375 1633 570 1695 accipere
592 1633 868 1695 profitentur,
901 1632 997 1677 Hoc
1018 1647 1129 1694 opus
1153 1630 1213 1676 sic
1232 1630 1419 1694 incipit:
1444 1634 1530 1677 Dic
1551 1629 1690 1687 milzi,

307 1720 471 1766 quaeso
495 1715 560 1760 te,
590 1715 743 1749 utrum
762 1708 893 1749 Deus
919 1720 1016 1748 non
1031 1707 1091 1748 sit
1116 1713 1286 1748 auctor
1308 1701 1440 1747 malt.
