1769 3235
493 289 706 322 EPISTOLA
744 291 919 323 ccxxvi.
1319 298 1401 348 271

38 369 109 407 tur
118 359 184 407 vel
198 357 480 406 annuntietur
489 356 668 421 quando
678 367 720 402 et
735 357 813 402 ubi
829 360 1087 421 praenosceb
1099 372 1196 408 atur
1223 380 1308 410 esse
1321 381 1411 411 ere-

39 430 194 477 denda.
225 431 281 475 Et
305 429 392 475 hoc
413 445 501 474 non
520 426 657 473 solum
675 426 858 472 aliorum
874 428 1194 477 catholicorum
1217 435 1411 481 testimo-

38 501 139 556 niis,
161 500 233 546 sed
251 502 380 546 etiam
401 498 644 545 sanctitatis
670 508 758 543 tuae
785 497 1081 560 disputatione
1105 504 1347 567 antiquiore
1373 524 1415 552 se

37 571 227 636 probare
241 580 468 616 testantur.
482 568 570 615 Ubi
585 578 730 613 tamen
741 568 934 613 eamdem
953 571 1084 628 gratia
1093 589 1130 616 n]
1146 590 1234 619 non
1249 577 1414 622 minore

40 639 228 688 ⁷veritatis
262 640 574 707 perspicuitate
602 638 830 684 docueris:
869 649 917 684 ut
941 650 1002 684 est
1028 641 1136 686 illud
1167 645 1287 707 quod
1309 646 1417 693 dixit

38 712 240 758 sanctitas
260 723 335 758 tua
358 711 403 757 in
427 711 671 774 quaestione
691 721 842 754 contra
856 710 1204 773 Porphyriuni1,
1233 716 1286 761 de
1309 727 1414 763 tem-

38 800 143 847 pore
156 782 417 828 Christianae
435 780 668 842 religionis,
691 801 710 821 >2
726 780 1052 842 [tuncvoluisse
1074 782 1414 851 hominibusap-

19 850 187 917 parere
202 853 448 908 Christum,
464 863 506 897 et
531 851 650 915 apud
675 868 743 896 eos
759 850 992 913 praedicari
1011 851 1253 900 doctrinam
1272 874 1411 914 suam,

39 922 216 986 quando
237 923 402 969 sciebat
442 932 484 967 et
506 921 583 967 ubi
608 920 773 966 sciebat
810 938 910 978 esse,
941 921 1016 984 qui
1048 922 1092 968 iu
1115 940 1211 969 eum
1242 924 1414 972 fuerant

39 992 284 1056 credituri}
323 993 413 1037 Vel
432 992 556 1037 illud
573 992 633 1036 cle
662 991 778 1036 libro
797 992 1048 1054 epistolam
1067 993 1134 1038 cul
1156 999 1411 1054 Romanos,

40 1062 186 1127 [Dicis
203 1063 349 1126 itaque
372 1062 500 1118 mihi,
527 1061 635 1125 quid
660 1060 808 1107 adhuc
829 1063 1137 1125 conqueritur?
1160 1086 1180 1106 «
1207 1067 1318 1112 Nam
1340 1083 1415 1113 vo-

40 1154 61 1176 ⁵>
72 1132 230 1179 luntati
243 1136 334 1193 ejus
347 1132 446 1196 quis
456 1132 612 1177 resistit
627 1131 644 1160 ²
659 1134 677 1177 ἓ
692 1152 712 1173 »
728 1131 812 1177 Cui
829 1148 930 1177 sane
942 1132 1226 1195 inquisitioni,
1243 1138 1417 1200 inquis,

39 1204 99 1250 sic
136 1202 386 1267 respondet,
431 1212 481 1248 ut
517 1201 809 1261 intelligamus
843 1201 1114 1264 spiritalibus
1137 1205 1256 1262 viris,
1285 1207 1415 1253 etiam

39 1290 128 1320 non
158 1273 398 1321 secundum
432 1283 654 1318 terrenum
695 1271 921 1316 hominem
962 1272 1227 1330 viventibus,
1268 1287 1416 1339 patere

39 1362 162 1408 posse
192 1346 336 1410 prima
370 1345 522 1394 merita
558 1342 660 1389 fidei
684 1352 726 1388 et
758 1342 1020 1406 impietatis,
1052 1346 1274 1407 quomodo
1300 1348 1415 1394 Deus

39 1417 310 1481 praescientia
327 1415 456 1475 eligat
472 1414 730 1469 credituros,
757 1424 799 1459 et
838 1413 1016 1459 damnet
1033 1415 1280 1463 incredulos
1306 1435 1414 1465 :nec

39 1488 136 1534 illos
153 1504 200 1534 ex
218 1487 425 1552 operibus
449 1485 625 1545 eligens,
651 1501 729 1530 nec
748 1484 853 1530 istos
871 1501 918 1529 ex
942 1485 1151 1548 operibus
1170 1487 1381 1535 damnans
1399 1507 1410 1535 ε

41 1558 111 1604 sed
137 1569 177 1604 et
196 1558 369 1604 illorum
392 1556 493 1603 fidei
516 1567 747 1619 praestans,
769 1565 818 1601 ut
836 1556 946 1601 bene
973 1568 1226 1620 operentur,
1253 1570 1294 1605 et
1311 1560 1414 1606 isto-

41 1630 426 1692 rumimpietatem
460 1625 695 1672 deserendo
714 1625 964 1680 obdurans;
1005 1638 1053 1673 ut
1092 1629 1204 1675 male
1229 1647 1416 1693 operen-

0 1741 1 1749 ,
37 1710 124 1746 tur.
148 1701 161 1761 ]
193 1702 259 1744 Et
294 1704 460 1744 iterum
496 1700 545 1742 in
575 1696 736 1743 eodem
763 1697 882 1742 libro
905 1702 1122 1761 superias
1146 1717 1156 1745 ι
1189 1702 1408 1765 [AEquales

43 1788 189 1817 omnes
211 1781 312 1816 sunt
330 1781 426 1816 ante
445 1770 667 1825 meritum,
685 1785 764 1814 nec
778 1779 920 1831 potest
942 1769 985 1814 in
1004 1770 1133 1816 rebus
1151 1773 1269 1818 omni
1284 1774 1416 1819 modo

42 1841 286 1906 aequalibus
298 1839 450 1887 electio
473 1840 701 1885 nominari.
741 1839 824 1884 Sed
845 1840 1050 1902 quoniam
1076 1841 1267 1904 Spiritus
1288 1862 1417 1890 sanc-

0 1918 6 1971 Ι
43 1923 112 1960 tus
125 1930 213 1958 non
237 1912 365 1958 datur
389 1910 468 1956 nisi
491 1909 792 1963 credentibus;
831 1927 915 1955 non
948 1910 1124 1973 quidem
1167 1914 1281 1959 Deus
1298 1915 1416 1975 eligit

0 1975 5 2058 Ι
42 2001 172 2047 opera
197 1999 297 2046 quae
320 1982 411 2045 ipse
429 1981 627 2041 largitur,
654 1997 754 2026 cum
774 1980 850 2026 dat
881 1981 1095 2043 Spiritum
1127 1995 1342 2041 sanctum,
1369 1996 1416 2032 ut

41 2071 119 2118 per
136 2053 394 2100 charitatem
423 2052 538 2097 bona
557 2067 812 2115 operemur:
840 2050 913 2096 sed
943 2061 1087 2096 tamen
1114 2053 1232 2113 eligit
1265 2056 1413 2114 fidem,

43 2125 144 2189 quia
172 2124 252 2169 nisi
270 2122 367 2186 quis
391 2121 556 2178 credat,
584 2132 624 2167 et
648 2123 693 2167 in
718 2121 967 2184 accipiendi
991 2122 1217 2171 voluntate
1238 2143 1410 2189 perma-

42 2205 158 2253 neat,
186 2212 273 2240 non
293 2193 456 2256 accipit
478 2191 643 2238 donum
670 2191 767 2247 Dei,
795 2191 840 2237 id
860 2202 938 2248 est,
964 2192 1178 2255 Spiritum
1196 2208 1414 2255 sanctum,

43 2284 122 2332 per
160 2283 290 2330 quem
319 2263 462 2310 infusa
500 2263 713 2309 charitate
738 2263 903 2308 bonum
933 2263 1069 2325 possit
1100 2267 1284 2327 operari.
1317 2269 1416 2314 Non

43 2355 142 2399 ergo
161 2337 281 2397 eligit
294 2351 425 2399 opera
440 2338 698 2397 cujusquam
718 2333 763 2378 in
789 2333 1081 2396 praescientia,
1107 2351 1206 2398 quae
1223 2337 1316 2401 ipse
1333 2339 1419 2385 do-

42 2421 222 2456 naturus
243 2418 305 2453 est
327 2424 337 2451 :
364 2405 436 2451 sed
462 2405 593 2451 fidem
636 2404 755 2464 eligit
790 2406 834 2449 in
877 2404 1180 2467 praescientia3
1216 2418 1265 2453 ut
1286 2426 1416 2474 quem

41 2479 309 2527 crediturum
325 2493 412 2523 esse
439 2475 679 2540 praescivit,
699 2475 843 2538 ipsum
868 2474 1060 2535 elegerit,
1099 2477 1171 2523 cui
1201 2477 1416 2542 Spiritum

88 2578 99 2602 ¹
116 2579 216 2623 Epist.
233 2589 296 2610 102
316 2582 427 2620 quaest.
447 2588 464 2607 2
479 2602 488 2620 ‚
517 2587 551 2611 n,
576 2583 628 2613 14.
642 2593 689 2599 —-
709 2573 724 2598 ²
741 2578 833 2607 Rom.
853 2586 898 2615 xx,
922 2586 975 2619 10,
993 2574 1026 2608 in
1052 2576 1254 2620 expositione
1269 2589 1422 2622 quarum-

41 2635 112 2669 dam
127 2633 388 2680 propositionum
409 2632 502 2676 epist.
522 2632 561 2666 ad
576 2635 675 2666 Rom.
691 2642 823 2676 propos.
838 2632 894 2664 62.
