1769 3235
457 251 859 288 nErRAcTArromuir
895 256 983 288 Lm.
1024 258 1055 288 1.
1353 243 1442 307 467

147 320 230 367 III.
256 320 365 366 Item
390 318 509 383 quod
522 318 632 365 dixi:
652 324 722 365 Ea
744 326 991 369 estlzostrz's
1010 325 1452 387 temporibuschris}

81 395 214 437 tiana
235 392 414 454 religio,
442 408 584 454 quam
610 408 883 454 cognoscere
904 413 962 440 ac
1002 400 1138 458 sequi
1155 401 1451 442 securisscmcc

79 474 125 508 et
165 466 423 508 c·ertclrsc'ma
459 461 589 506 salas
621 473 691 506 est
714 499 724 517 ‚
763 464 1003 510 secundum
1028 466 1115 511 hoc
1154 483 1311 512 nomen
1348 466 1448 513 dic-

81 543 174 579 tum
207 544 297 589 est,
331 549 420 578 non
449 531 688 577 secundum
720 532 859 595 ipsam
894 552 983 580 rem
1020 538 1145 595 cujus
1178 537 1263 582 hoc
1296 555 1453 584 nomen

79 614 154 650 est.
184 602 486 665 Namsresipsa
506 618 605 664 quae
625 618 742 648 nunc
763 603 1011 650 Christiana
1038 606 1186 665 religio
1218 624 1455 671 nuncupa—

32 676 34 679 ’
80 685 169 730 tur,
189 685 278 720 erat
298 673 416 738 apud
439 673 654 736 antiquos,
681 690 760 718 nec
782 673 921 720 defuit
952 675 1005 720 ab
1023 675 1147 721 initio
1167 678 1329 736 generis
1363 678 1455 723 hu—

79 744 217 799 mani,
241 761 469 808 quousque
505 743 596 806 ipse
629 743 831 790 Christus
866 745 1031 791 veniret
1069 746 1113 790 in
1145 763 1291 803 carne,
1340 748 1456 794 unde

78 832 178 862 vera
195 815 342 876 religio
380 831 482 879 quae
512 818 604 874 jam
640 825 749 869 erat,
772 815 1142 879 coepitappellari
1179 818 1443 864 Christiana.

79 890 191 932 Cum
214 887 329 931 enim
356 902 454 931 eum
478 895 578 948 post
610 886 969 932 resurrectionem
1002 886 1383 950 ascensionemque
1406 888 1451 932 in

79 956 262 1013 coelum,
290 956 526 1021 coepissent
550 955 748 1019 Apostoli
769 956 1034 1019 praedicare,
1061 967 1102 1002 et
1138 956 1319 1020 plurimi
1351 974 1450 1004 cre-

77 1026 252 1082 derent,
280 1027 473 1090 primum
499 1026 618 1090 apud
648 1026 974 1083 Antiochiam1‚
999 1028 1111 1073 sicut
1133 1028 1345 1091 scriptum
1369 1039 1450 1086 est,

78 1098 286 1162 appellati
309 1108 409 1144 sunt
430 1097 638 1161 discipuli
659 1097 912 1145 Christiani.
939 1099 1175 1162 Propterea
1194 1098 1280 1144 dixi
1304 1117 1314 1144 ε
1333 1104 1454 1145 Hoec

78 1179 149 1214 esc
171 1174 341 1214 nostris
371 1168 656 1232 temporibus
690 1169 965 1214 Clzristcana
1002 1171 1165 1233 religio
1192 1188 1200 1214 :
1230 1187 1318 1215 nou
1351 1170 1456 1234 quia

76 1240 298 1303 prioribus
334 1239 606 1302 temporibus
636 1255 723 1285 non
751 1239 861 1297 fuit,
894 1240 967 1286 sed
1002 1241 1105 1304 quia
1138 1241 1454 1304 posterioribus

83 1311 166 1357 hoc
191 1327 350 1356 nomen
388 1310 572 1375 accepit.

144 1381 218 1428 IV.
248 1381 343 1427 Alio
369 1380 493 1437 loco,
527 1379 722 1426 Intende
759 1385 916 1443 {giltam
944 1382 1144 1444 inquam,
1168 1384 1214 1426 1⁶72
1233 1383 1337 1427 lzoec
1355 1398 1458 1445 quae

75 1452 655 1515 sequuntur(ll'lz'genlerec
664 1453 744 1513 pie
759 1463 992 1514 quantum
1002 1463 1147 1515 potes
1170 1474 1177 1497 :
1200 1453 1318 1497 tales
1332 1454 1455 1496 euim

77 1514 280 1585 adjuvat
298 1524 444 1568 Deus.
471 1521 605 1578 Quod
642 1538 731 1566 non
767 1523 826 1567 ita
855 1522 1183 1582 intelligendum
1206 1533 1285 1579 est,
1331 1521 1455 1586 quasi

75 1593 381 1639 tantummodo
403 1592 506 1638 tales
537 1591 730 1652 adjuvet,
754 1608 855 1637 cuin
880 1591 1057 1652 adjuvet
1075 1594 1202 1638 etiam
1235 1610 1321 1638 non
1348 1593 1454 1638 tales

77 1675 125 1710 ut
158 1664 244 1711 sint
262 1665 383 1721 tales,
413 1664 458 1710 id
489 1673 568 1720 est,
597 1674 645 1709 ut
674 1663 902 1724 diligenter
918 1674 960 1709 et
983 1664 1053 1728 pie
1084 1675 1300 1728 quaerant.
1328 1665 1454 1710 Tales

76 1746 218 1781 autern
244 1735 422 1795 adjuvat
443 1745 492 1780 ut
515 1735 750 1781 inveniant.
771 1736 966 1798 Itemque
986 1735 1091 1780 alibi
1114 1753 1124 1779 ι
1156 1736 1358 1791 Deinde,
1380 1735 1453 1780 in-

74 1824 226 1872 quam,
242 1810 355 1870 jam
381 1809 469 1852 erit
485 1807 790 1869 consequens,
823 1817 874 1851 zat
889 1817 1001 1869 post
1019 1816 1216 1851 mortem
1236 1823 1457 1870 corpora-

78 1878 197 1935 lem,
233 1896 380 1942 quam
410 1877 635 1922 debemus
660 1881 823 1940 primo
855 1888 1072 1940 peccato,
1122 1888 1331 1940 tempore
1367 1893 1453 1922 suo

75 1956 221 2011 atque
238 1950 405 1994 ordine
425 1965 511 1993 suo
527 1948 616 1992 leoc:
640 1964 809 2010 corpus
825 1951 1100 1992 restituatur
1113 1949 1331 2011 pristina?
1353 1958 1454 1992 sta-

77 2017 260 2064 bz'lc'tatc‘.
296 2017 428 2076 Quod
461 2018 522 2063 sic
555 2017 861 2081 accipiendum
885 2028 963 2072 est,
993 2019 1097 2080 quia
1117 2018 1245 2064 etiam
1267 2018 1451 2081 pristina

74 2089 287 2135 stabilitas
322 2088 520 2152 corporis
559 2105 690 2151 quam
719 2088 944 2151 peccando
972 2089 1210 2145 amisimus,
1257 2089 1453 2134 habebat

76 2168 239 2205 tantam
263 2159 526 2215 felicitatem,
553 2160 667 2204 utin
697 2158 914 2205 defectum
951 2176 1039 2204 non
1072 2170 1264 2219 vergeret
1299 2176 1450 2206 senec-

76 2231 195 2276 tutis.
219 2231 335 2276 Huic
361 2247 460 2291 ergo
490 2230 686 2293 pristinae
716 2230 944 2275 stabilitati
964 2229 1212 2275 restituetur
1239 2229 1325 2276 hoc
1349 2247 1451 2275 cor-

75 2318 158 2364 pus
187 2302 232 2347 in
255 2302 568 2347 resurrectione
596 2311 887 2346 mortuorum.
925 2300 1009 2345 Sed
1029 2299 1214 2345 habebit
1240 2300 1445 2364 amplius,

76 2384 125 2418 ut
148 2389 226 2418 nec
262 2373 474 2418 alimentis
496 2371 800 2435 corporalibus
826 2381 1089 2417 sustentetur
1112 2388 1123 2415 :
1158 2370 1230 2416 sed
1251 2371 1305 2416 ad
1324 2371 1448 2417 suffi-

74 2443 278 2489 cientiam
309 2443 554 2490 vivificetur
593 2443 684 2489 solo
727 2442 904 2506 spiritu,
950 2459 1051 2488 cum
1093 2443 1366 2488 resurrexerit
1400 2442 1447 2489 in

75 2513 278 2578 spiritum
314 2513 605 2560 vivificantem
634 2550 645 2570 ,
677 2530 764 2577 qua
793 2528 924 2559 causa
964 2512 1092 2558 etiam
1119 2511 1312 2576 spiritale
1344 2513 1439 2562 erit.

125 2598 137 2622 Ι
153 2598 224 2629 Aet.
242 2606 294 2640 xa,
309 2597 365 2628 26.

1240 2654 1316 2703 30.
