1769 3235
0 285 5 348 ξ
510 283 722 316 ΕΡιεΤοιΑ
757 287 896 319 ccrvr.
1302 275 1395 324 383

0 349 183 400 itianam
209 350 290 397 nisi
317 348 567 397 Christiano
581 367 671 397 non
687 370 840 416 posse:
868 354 980 401 nihil
1002 366 1146 403 tamen
1173 358 1283 405 mihi
1311 359 1397 406 tale

0 401 76 469 lde
98 421 187 468 filio
215 431 309 477 tuo,
337 437 466 484 quem
505 420 654 467 adhuc
694 440 910 486 paganum
943 425 1091 482 audio,
1142 429 1395 492 promittere

0 465 3 561 i
23 492 196 541 voluisti
220 510 230 537 :
251 502 415 555 quanto
434 491 568 551 magis
591 509 685 552 ego,
709 506 892 558 propter
908 496 999 551 illa,
1023 500 1182 561 quaein
1202 501 1396 563 Epistola

0 563 248 642 *memorati
271 561 417 608 fratris
440 563 524 608 mei
544 563 679 623 legere
704 566 885 628 poteris,
920 568 1160 631 quidquam
1196 570 1249 615 de
1282 571 1398 617 illius

0 646 2 699 [
21 633 178 697 puellae
196 632 419 679 connubio
441 633 655 696 spondere
680 651 766 680 non
788 634 946 691 debeo,
976 639 1144 684 etiarnsi
1165 640 1282 703 quod
1305 640 1393 687 dixi

0 703 76 753 ide
93 703 183 749 filio
203 714 278 748 tuo
312 720 401 748 non
425 713 596 750 tantum
631 706 895 767 promissum
940 717 1144 765 tenerem,
1193 710 1264 755 sed
1306 714 1397 771 jam
1448 746 1451 748 -

0 758 3 842 i
24 775 150 822 etiam
173 773 336 820 factum
355 790 441 820 esse
455 773 718 835 gauderem?

25 952 1399 972 mmmmmkuwwwusmmmmmsmsvstzszmzxmaemzmm

468 1072 733 1117 EPISTOLA
768 1074 908 1118 CCLV
911 1075 927 1118 1
943 1075 954 1097 ²
965 1107 974 1117 .

0 1204 1 1233 1
25 1192 195 1233 Domino
224 1192 369 1231 merito
396 1191 650 1243 praedicando
677 1193 959 1246 sinceriterque
979 1192 1207 1232 charissimo
1231 1207 1275 1233 ac
1295 1194 1404 1235 desi-

78 1254 350 1294 derantissimo
379 1253 494 1294 fratri
520 1253 754 1305 Cumsrm,
787 1256 1032 1295 AuousrlNus
1063 1255 1102 1293 in
1133 1254 1308 1295 Domino
1336 1271 1402 1297 sa—

78 1318 215 1357 lutem.

178 1444 377 1504 Officiose
397 1446 677 1503 Augustinus
697 1446 756 1487 ad
781 1445 1061 1488 Chriscinum
1081 1447 1264 1491 scribits

93 1599 350 1644 Errsrorm
395 1609 533 1638 meam
561 1591 805 1639 desiderare
839 1604 909 1651 te,
951 1595 1062 1641 mihi
1103 1606 1177 1642 tua
1204 1595 1403 1660 Epistola

27 1666 255 1724 nuntiavit.
288 1666 438 1710 Frater
471 1673 616 1709 autem
636 1667 658 1709 J
663 1665 826 1710 acobus
844 1668 936 1724 eJ'us
959 1665 1162 1712 desiderii
1184 1683 1283 1727 erga
1324 1685 1402 1714 nos

27 1737 360 1802 tuilocupletior
372 1734 486 1780 testis
506 1735 697 1792 accessit,
720 1735 823 1798 quia
846 1735 974 1798 plura
988 1735 1099 1781 mihi
1117 1736 1171 1782 de
1190 1747 1230 1782 te
1253 1739 1402 1784 suavia

29 1823 157 1874 atque
167 1809 212 1855 in
226 1808 375 1871 seipso
393 1816 566 1868 experta
583 1805 756 1851 locutus
774 1816 835 1852 est
854 1843 865 1862 ,
884 1823 1015 1869 quam
1034 1806 1107 1852 illa
1124 1824 1260 1870 parva
1275 1808 1405 1854 char·

29 1882 118 1929 tula
141 1878 300 1944 potuit.
324 1875 448 1921 Unde
470 1886 554 1921 tuae
578 1876 839 1937 benignitati
863 1877 1159 1936 congratulor,
1184 1889 1225 1924 et
1251 1878 1305 1924 de
1331 1889 1405 1925 tuo

29 1964 205 2018 pectore
230 1948 482 1996 Christiano
509 1947 698 1992 'Domino
721 1949 810 1993 Deo
835 1958 1000 2003 nostro,
1030 1952 1154 2008 qu'us
1174 1949 1272 1995 haec
1291 1949 1408 1996 dona

29 2035 145 2080 sunt,
165 2021 320 2083 gratias
346 2036 442 2079 ago,
466 2017 642 2064 domine
673 2019 826 2064 merito
846 2018 1130 2081 praedicande
1164 2020 1408 2067 sinceriter-

0 2128 1 2131 =
31 2113 114 2161 que
149 2091 399 2140 charissime
428 2107 477 2135 ac
508 2089 901 2136 desiderantissime
939 2089 1084 2137 frater.
1112 2091 1243 2148 Quod
1263 2103 1407 2139 autem

30 2167 157 2232 petis,
186 2175 233 2211 ut
261 2160 416 2209 litteris
444 2170 485 2206 te
507 2177 735 2224 quaeram;
766 2177 844 2221 ego
870 2171 910 2205 te
942 2161 1097 2206 affectu
1133 2178 1302 2224 quaero,
1333 2166 1410 2227 qui

31 2255 177 2286 omnes
192 2236 357 2282 litteras
375 2243 579 2295 superat:
607 2243 649 2279 et
683 2233 762 2278 ubi
789 2243 829 2277 te
853 2249 1049 2296 quaeram
1068 2232 1189 2296 quod
1214 2234 1325 2280 bene
1346 2236 1410 2281 in-

35 2309 218 2369 telligas,
248 2304 365 2352 novi.
395 2305 624 2360 Quantum
657 2314 801 2350 autem
817 2303 872 2349 ad
891 2320 960 2348 me
985 2302 1216 2363 legendum
1242 2306 1412 2361 attinet,

32 2381 166 2440 magis
178 2393 328 2424 vereor
347 2374 393 2420 in
418 2374 623 2420 manibus
643 2375 793 2420 vestris
832 2374 1143 2436 loquacitatem
1165 2391 1306 2421 meam
1338 2393 1410 2423 re-

34 2447 269 2516 prehendi,
289 2462 420 2509 quam
440 2444 661 2508 eloquium
680 2444 856 2509 requiri.
880 2443 996 2490 lllud
1018 2444 1206 2490 breviter
1216 2445 1413 2506 dixerim,

33 2519 155 2586 quod
176 2518 385 2565 diuturna
416 2515 678 2575 cogitatione
701 2516 737 2562 si
776 2514 1081 2571 ruminaveris,
1124 2516 1279 2564 senties
1305 2519 1415 2582 quid

81 2620 92 2642 ¹
108 2621 163 2651 lias
199 2627 332 2649 ccxxvt.
353 2626 374 2658 q
391 2625 440 2646 uae
459 2619 564 2647 autem
585 2617 653 2647 256
667 2621 748 2659 erat,
766 2625 855 2648 nunc
872 2616 952 2649 216.
