1769 3235
329 275 422 322 556
732 293 767 323 s,
811 291 1054 323 mensum
1089 293 1292 326 Emscom

334 356 597 411 vincuntur,
621 355 689 402 vel
708 356 812 402 victi
837 374 926 403 esse
955 367 1253 404 monstrantur
1270 397 1281 415 ‚
1315 361 1545 408 commoda
1556 363 1706 409 brevi-

333 435 419 469 tate
444 425 768 488 complectitur.
799 426 884 472 Hic
909 426 1022 472 liber
1039 426 1058 456 1
1084 427 1144 474 sic
1179 429 1362 493 incipit:
1388 435 1441 477 Sc·
1457 432 1541 477 vel
1559 450 1703 490 nanc,

322 494 483 554 fiater
499 500 540 541 E
542 502 717 543 merite.

341 621 623 640 *ors-mmmm
632 630 1706 649 §mwxmmmwmmmmmmmwumwnmwv

828 721 1004 764 CAPUT
1037 721 1205 764 XLVII.

640 837 703 878 De
731 836 867 879 Gestis
892 837 1094 894 Pelagii,
1121 837 1230 880 liber
1255 854 1380 882 unus.

396 971 480 1012 PER
501 967 617 1013 idem
645 978 817 1031 tempus
840 968 886 1013 in
912 968 1092 1014 Oriente
1113 1006 1124 1024 ‚
1151 969 1241 1014 hoc
1272 980 1357 1026 est,
1401 969 1447 1015 in
1473 970 1598 1033 Syria
1621 975 1708 1017 Pa-

325 1035 509 1093 laestina‚
522 1038 720 1099 Pelagius
732 1057 754 1084 a
767 1039 1032 1102 quibusdam
1047 1040 1276 1086 catholicis
1292 1040 1501 1087 fratribus
1521 1042 1574 1087 ad
1590 1043 1708 1105 epis-

326 1107 499 1169 copalia
529 1109 657 1154 Gesta
691 1110 933 1173 perductus
955 1147 965 1162 ,
993 1111 1139 1174 eisque
1169 1111 1423 1156 absentibus
1447 1112 1524 1174 qui
1549 1112 1601 1157 de
1631 1112 1707 1157 illo

323 1175 523 1222 libellum
548 1178 784 1232 dederant,
809 1181 1017 1242 quoniam
1049 1181 1104 1226 ad
1128 1180 1243 1226 diem
1265 1181 1420 1243 synodi
1447 1199 1535 1226 nou
1555 1193 1707 1245 potue-

325 1256 430 1291 runt
452 1263 680 1293 occurrere
695 1286 706 1305 ,
738 1249 793 1293 ab
814 1248 1031 1311 episcopis
1057 1250 1393 1312 quatuordecim
1419 1251 1593 1297 auditus
1609 1263 1671 1297 est
1691 1289 1702 1307 ‚

325 1316 403 1360 ubi
423 1333 520 1362 eum
546 1318 751 1377 dogmata
774 1319 869 1381 ipsa
887 1318 1167 1364 damnantem
1186 1356 1197 1373 ‚
1223 1337 1324 1383 quae
1350 1321 1528 1367 inimica
1556 1323 1706 1381 gratiae

327 1386 494 1433 Christi
522 1388 724 1434 adversus
755 1406 853 1434 eum
881 1389 933 1435 de
956 1389 1105 1435 libello
1134 1390 1416 1450 legebantur,
1437 1392 1705 1438 catholicum

323 1459 679 1520 pronuntiarunt.
711 1460 795 1505 Sed
817 1477 918 1505 cum
949 1460 994 1505 in
1020 1477 1172 1505 manus
1201 1471 1367 1506 nostras
1392 1461 1542 1507 eadem
1577 1463 1706 1508 Gesta

324 1528 565 1584 venissent,
587 1531 741 1594 scripsi
766 1530 819 1576 de
844 1531 912 1576 his
938 1530 1104 1576 librum
1126 1567 1136 1586 ,
1168 1548 1222 1576 ne
1242 1530 1318 1576 illo
1339 1531 1457 1577 velut
1482 1532 1702 1589 absoluto,

323 1598 472 1644 eadem
493 1616 668 1663 quoque
687 1600 890 1661 dogmata
920 1611 1185 1664 putarentur
1209 1601 1379 1661 judices
1405 1603 1671 1666 approbasse
1689 1640 1701 1659 ‚

323 1684 424 1731 quae
442 1668 513 1715 ille
536 1670 618 1715 nisi
635 1670 900 1728 damnasset,
920 1670 1044 1716 nullo
1063 1670 1194 1716 modo
1216 1671 1271 1716 ab
1288 1671 1347 1717 eis
1370 1671 1452 1718 nisi
1473 1672 1705 1719 damnatus

323 1738 486 1786 exisset.
517 1740 602 1786 Hic
631 1740 744 1787 liber
766 1741 828 1788 sic
850 1741 1043 1805 incipitt
1079 1745 1252 1787 Postea
1278 1759 1425 1805 qaam
1459 1747 1508 1789 ιή
1536 1760 1705 1790 manas

326 1819 526 1856 noslras.

344 1958 1210 1975 &mmmmsnummmmmmmmw-
1219 1963 1278 1975 Μ
1290 1962 1705 1977 “mm-wmmsw

817 2055 995 2098 CAPUT
1025 2055 1215 2099 XLVIII.

491 2162 552 2204 De
574 2162 848 2206 Correetz'one
870 2164 1210 2207 Donatistarum
1224 2198 1234 2216 ‚
1262 2166 1368 2208 liber
1392 2181 1520 2208 unus.

390 2286 546 2330 Eonssu
571 2295 766 2349 tempore
799 2285 953 2349 scripsi
976 2285 1103 2331 etiarn
1129 2285 1293 2332 librum
1313 2288 1371 2332 cle
1402 2289 1700 2333 Correctione

325 2358 683 2401 Donatistarum
703 2392 713 2411 ‚
756 2366 936 2419 propter
961 2373 1031 2401 eos
1067 2356 1142 2419 qui
1176 2357 1382 2403 nolebant
1415 2357 1512 2403 illos
1535 2357 1703 2418 legibus

323 2425 625 2488 imperialibus
657 2427 830 2487 corrigi.
863 2426 947 2472 llic
974 2426 1086 2472 liber
1124 2426 1185 2472 sic
1223 2427 1381 2491 incipit
1417 2445 1427 2474 z
1463 2428 1628 2474 Laudo
1659 2441 1705 2474 et

320 2496 540 2559 gratulor
562 2508 608 2541 et
623 2496 842 2543 admiror.

371 2612 381 2634 ¹
398 2611 457 2643 Hic
475 2610 558 2643 liber
572 2622 636 2643 non
651 2617 767 2648 extat..
