1769 3235
347 306 438 354 258
776 321 812 351 S.
854 319 1097 351 AUGusT1N1
1134 320 1336 352 EPISCOPI

350 405 437 434 sem
459 425 470 445 ,
500 386 576 433 uni
600 385 754 433 diebus
770 422 781 442 ,
807 385 930 431 alteri
953 386 1157 432 noctibus
1175 423 1186 444 ,
1217 385 1394 449 quando
1418 385 1527 432 mihi
1549 385 1604 432 ab
1630 384 1721 432 aliis

349 457 718 522 occupationibus
737 456 843 502 hinc
868 466 996 519 atque
1018 455 1124 503 hinc
1150 458 1295 503 venire
1308 473 1394 501 non
1419 455 1721 502 desistentibus

350 539 615 592 parceretur.
648 527 841 587 Agebam
875 544 976 573 vero
1002 544 1089 573 rem
1128 527 1367 591 plurimum
1399 528 1676 572 necessariam
1706 544 1718 572 z

350 616 451 644 nam
476 598 769 644 retractabam
796 597 1008 662 opuscula
1031 615 1121 644 mea
1145 636 1154 653 ,
1182 609 1223 643 et
1246 596 1402 660 siquid
1423 597 1465 641 in
1484 597 1542 642 eis
1566 614 1633 643 me
1651 596 1721 643 of-

347 669 540 714 fenderet
560 706 571 725 ‚
602 668 669 714 vel
706 668 810 714 alios
836 667 1054 714 offendere
1090 679 1260 729 posset,
1294 667 1454 730 partim
1479 667 1722 731 reprehen÷

351 739 495 785 dendo
515 776 526 796 ,
552 739 709 802 partim
738 739 1008 785 defendendo
1032 739 1151 802 quod
1174 738 1254 798 legi
1275 739 1468 794 deberet,
1490 749 1530 784 et
1551 748 1719 801 posset,

348 811 578 873 operabar.
607 812 663 855 Et
684 810 772 855 duo
792 810 1014 855 volumina
1032 814 1121 870 jam
1143 809 1410 855 absolveram
1435 845 1445 866 ,
1482 809 1724 855 retractatis

350 881 554 926 omnibus
576 881 700 926 libris
720 881 822 926 meis
841 918 851 936 ,
875 897 1061 943 quorum
1081 897 1309 925 numerum
1332 880 1577 929 nesciebam
1601 897 1612 924 ε
1635 896 1726 925 eos-

344 968 430 1014 que
454 968 627 997 ccxxxn
655 968 741 996 esse
774 951 972 1010 cegnovi.
1014 951 1256 995 Restabant
1296 950 1503 1015 Epistolae
1523 987 1534 1005 ‚
1567 949 1724 995 deinde

347 1032 556 1067 tractatus
594 1021 826 1084 populares
847 1058 856 1075 ‚
894 1038 1004 1083 quos
1041 1021 1187 1066 Graeci
1220 1017 1423 1067 homilias
1455 1030 1628 1075 vocant.
1669 1021 1725 1066 Et

346 1091 557 1154 plurimas
575 1095 667 1151 jam
687 1091 967 1154 epistolarum
989 1091 1173 1151 legeram
1191 1129 1201 1147 ,
1228 1091 1301 1136 sed
1322 1091 1469 1137 adhuc
1490 1090 1603 1136 nihil
1622 1089 1726 1137 inde

353 1162 616 1210 dictaveram
639 1199 649 1217 ‚
677 1179 777 1212 cum
813 1179 881 1207 me
920 1162 1046 1207 etiam
1081 1162 1152 1207 isti
1183 1162 1345 1214 Juliani
1375 1162 1479 1213 libri
1508 1177 1726 1224 occupare

346 1242 590 1296 coeperant,
605 1249 793 1295 quorum
809 1249 925 1278 nunc
939 1243 1096 1296 quarto
1111 1232 1370 1296 respondere
1382 1232 1514 1295 coepi.
1534 1231 1724 1292 Quando

347 1320 447 1363 ergo
471 1302 517 1348 id
550 1302 848 1366 explicavero,
883 1303 1126 1366 quintoque
1158 1303 1422 1366 respondero
1438 1339 1449 1359 ,
1475 1303 1509 1348 si
1534 1313 1617 1356 tres
1637 1318 1726 1355 non

346 1374 697 1437 supervenerint,
722 1373 908 1437 dispono
935 1373 996 1436 (si
1018 1374 1134 1419 Deus
1152 1373 1366 1436 voluerit)
1392 1384 1435 1422 et
1453 1372 1573 1437 quod
1594 1372 1727 1441 possis

347 1448 540 1511 incipere
558 1485 570 1503 ‚
596 1447 724 1493 simul
744 1464 871 1507 agens
890 1458 1125 1511 utrumque
1144 1484 1154 1503 ,
1176 1458 1218 1493 et
1235 1447 1322 1498 hoc
1342 1446 1523 1503 scilicet,
1550 1457 1594 1492 et
1614 1444 1727 1501 illud

349 1518 403 1565 de
423 1518 731 1564 retractatione
750 1517 1065 1581 opusculorum
1088 1534 1303 1570 meorum.
1331 1517 1556 1571 nocturnis
1569 1526 1611 1570 et
1631 1515 1728 1569 diu-

347 1589 488 1635 turnis
505 1588 780 1651 temporibus
800 1588 843 1634 in
863 1588 1030 1648 singula
1051 1587 1313 1635 distributis.

414 1661 498 1706 111.
541 1659 638 1705 Hoc
671 1659 768 1705 ideo
803 1659 1019 1705 insinuavi
1045 1659 1262 1716 sanctitati
1294 1669 1381 1704 tuae
1403 1695 1414 1715 ,
1442 1669 1491 1710 ut
1512 1667 1727 1728 quantum

349 1731 432 1776 tibi
459 1729 722 1776 desiderium
743 1741 805 1774 est
826 1730 1025 1777 sumendi
1050 1730 1168 1793 quod
1198 1731 1364 1794 poscis,
1392 1739 1513 1775 tanto
1535 1729 1728 1790 flagran÷

348 1802 434 1847 tius
454 1819 475 1846 a
499 1800 688 1846 Domino
707 1800 817 1850 mihi
844 1817 996 1863 poscas
1015 1800 1301 1860 adjutorium,
1326 1816 1413 1863 quo
1438 1800 1617 1852 serviam
1639 1798 1729 1849 lau-

350 1871 488 1918 dabili
507 1870 651 1916 studio
680 1881 753 1915 tuo
781 1907 791 1926 ,
825 1882 955 1932 atque
977 1871 1150 1917 utilitati
1174 1888 1323 1920 eornm
1341 1910 1350 1928 ,
1372 1872 1535 1936 quibus
1554 1869 1599 1916 id
1616 1870 1728 1916 exis-.

352 1944 479 1988 timas
503 1940 809 2018 profuturum,
838 1941 1022 1986 Domine
1046 1941 1267 1988 sinceriter
1288 1941 1562 1991 dilectissime
1573 1939 1722 1988 frater.

352 2011 624 2058 Commendo
669 2011 825 2056 iterum
870 2011 1160 2090 perlatorem,
1205 2023 1247 2058 et
1282 2013 1503 2073 negotium
1548 2021 1730 2076 propter

353 2071 471 2147 quod
496 2100 544 2128 eo
565 2081 777 2159 perrexit,
801 2081 833 2127 si
852 2083 1104 2142 cognoveris
1127 2083 1246 2160 apud
1268 2101 1397 2146 quem
1421 2082 1633 2158 agendum
1653 2081 1725 2145 sit

354 2166 455 2218 peto
474 2171 527 2199 ne
543 2153 687 2216 pigeat
707 2119 929 2211 adjuvare?
951 2154 1049 2199 Non
1076 2153 1189 2199 enim
1214 2169 1443 2216 possumus
1461 2151 1730 2204 necessitates

354 2224 586 2273 hominum
607 2222 818 2283 ejusmodi
840 2222 1060 2279 deserere,
1091 2223 1167 2287 qui
1189 2224 1322 2269 nostri
1347 2240 1436 2268 non
1464 2221 1633 2276 coloni,
1655 2219 1729 2267 sed

358 2294 478 2359 quod
499 2297 639 2353 maJ'us
661 2304 742 2349 est,
769 2292 920 2338 fratres
943 2303 1069 2349 sunt,
1097 2304 1139 2338 et
1170 2294 1213 2340 in
1245 2293 1458 2340 charitate
1483 2291 1650 2339 Christi
1673 2290 1730 2346 ad

357 2384 508 2414 curam
528 2365 745 2430 pertinent
768 2374 976 2411 nostram.
1015 2365 1105 2410 Deo
1129 2365 1262 2412 vivas
