1769 3235
548 282 760 315 EPISTOLA
793 283 939 314 CXCIX.
1348 282 1426 314 101

3 455 5 474 A
53 449 351 470 mmm-‘ww
366 450 1433 466 ΜΜΜΜΜΜΜΜΜΜιἏἎὮἈΑἎςΜΜΜ

480 568 747 613 EPISTOLA
782 568 961 613 CXCIX
978 568 1008 612 ¹.

412 705 476 735 DE
529 703 659 735 FINE
712 703 925 735 sarcum
978 687 1069 752 (9).

0 870 2 886 ξ
50 841 223 879 Domino
244 839 473 879 beatissimo
489 847 529 879 et
550 838 829 879 venerabiliter
848 839 1094 891 suscipiendo
1110 840 1226 879 fratri
1240 850 1278 879 et
1294 841 1442 892 coepis-

207 915 305 954 copo
323 902 521 941 HEscho
537 931 547 950 ,
569 902 813 941 Aucusrmus
830 902 870 940 in
889 901 1062 941 Domino
1083 903 1269 944 salutern.

53 1045 330 1104 Augustinus
361 1043 580 1100 Hesychio
613 1054 966 1086 commonstrans
997 1043 1214 1099 quomodo
1245 1043 1336 1085 sint
1369 1045 1441 1084 in-

112 1112 349 1169 telligenda
380 1111 628 1167 Scriptura?
662 1113 782 1159 loca,
825 1128 921 1167 quoe
951 1113 1079 1154 varie
1113 1113 1353 1167 loquuntur
1383 1112 1434 1152 de

107 1179 198 1237 sine
228 1179 408 1230 soeculi,
450 1179 649 1234 quodque
677 1189 862 1236 praescat
888 1196 978 1221 non
1012 1182 1237 1236 inquirere
1270 1190 1435 1236 tempus

108 1248 319 1289 adventus
355 1246 553 1297 Christi,
587 1247 661 1288 sed
695 1246 773 1288 hoe
806 1262 936 1305 agere
969 1258 1014 1290 ut
1050 1248 1346 1304 unusquisque
1375 1248 1435 1288 ad

108 1316 419 1374 excipiendum
452 1315 581 1358 illum
612 1316 670 1356 sit
696 1324 900 1371 paratus,

113 1461 149 1506 I.
187 1461 352 1506 Aecum
378 1458 542 1505 litteras
567 1458 857 1506 venerationis
877 1470 992 1516 tuae,
1021 1458 1185 1523 quibus
1210 1459 1334 1506 valde
1359 1477 1430 1506 sa-

50 1529 234 1576 lubriter
254 1529 493 1576 exhortaris
508 1568 520 1588 ,
544 1541 593 1576 ut
614 1530 854 1577 Salvatoris
877 1530 1015 1576 nostri
1038 1530 1248 1590 diligatur
1274 1541 1315 1576 et
1350 1530 1429 1576 de·-

49 1600 259 1647 sideretur
284 1600 510 1648 adventus.
545 1600 669 1646 Facis
700 1601 788 1647 hoc
817 1611 865 1647 ut
893 1618 1041 1648 servus
1071 1601 1214 1647 bonus
1236 1600 1428 1663 ejusdem

50 1671 370 1735 patrisfamilias
391 1709 402 1728 ‚
435 1671 590 1718 avidus
623 1671 848 1718 lucrorum
875 1672 1053 1718 Domini
1074 1672 1162 1729 tui,
1199 1683 1241 1718 et
1279 1672 1429 1718 volens

49 1743 208 1788 habere
247 1742 461 1807 plurimos
489 1743 627 1789 socios
660 1743 929 1799 dilectionis,
967 1761 1054 1807 qua
1087 1743 1180 1807 ipse
1203 1743 1428 1807 praecipue

48 1824 90 1860 et
110 1825 436 1878 perseveranter
456 1814 717 1861 accenderis.
755 1816 978 1861 Intuentes
1001 1814 1136 1875 igitur
1155 1816 1274 1879 quod
1300 1830 1427 1860 com-

49 1886 297 1931 memorasti
331 1885 384 1932 de
415 1885 656 1949 Apostolo,
696 1886 800 1949 quia
832 1886 1067 1932 Dominum
1094 1884 1202 1931 dixit
1230 1884 1425 1931 redditu-

49 1972 144 2001 rum
165 1973 373 2002 coronam
399 1955 577 2016 justitiae
597 1993 608 2011 ‚
632 1973 720 2001 non
745 1967 913 2002 tantum
939 1956 1040 2012 sibi,
1063 1955 1137 2002 sed
1161 1966 1203 2002 et
1222 1955 1429 2002 omnibus

48 2026 125 2089 qui
147 2026 336 2087 diligunt
373 2026 761 2073 manifestationem
790 2030 905 2087 ejus,
932 2026 992 2072 ita
1025 2036 1142 2073 recte
1165 2026 1386 2074 vivimus2
1411 2064 1424 2083 ‚

47 2097 239 2143 etinhoc
253 2098 412 2144 saeculo
434 2098 865 2162 tanquamperegrini
883 2097 1068 2158 agimus,
1085 2114 1186 2144 cum
1211 2114 1254 2143 se
1275 2097 1322 2143 in
1340 2097 1425 2144 hac

48 2167 280 2215 dilectione
294 2186 370 2215 cor
385 2180 580 2215 nostrum
605 2170 888 2233 proficienter
913 2168 1135 2225 extendit,
1160 2168 1248 2215 sive
1267 2168 1423 2225 citius,

48 2241 133 2288 sive
150 2241 317 2287 tardius
334 2242 478 2288 veniat
495 2258 627 2305 quam
649 2252 850 2306 putatur,
869 2245 996 2302 cujus
1010 2240 1303 2288 manifestatio
1313 2241 1434 2288 fideli

49 2310 261 2358 charitate
298 2311 522 2373 diligitur,
557 2323 599 2358 et
633 2313 710 2376 pio
748 2312 1020 2359 desideratur
1055 2312 1225 2359 affectu.
1269 2312 1429 2359 Servus

48 2385 213 2448 quippe
235 2384 307 2430 ille
327 2385 404 2448 qui
424 2384 558 2441 dicit,
589 2406 608 2426 c<
632 2386 799 2431 Moram
827 2384 932 2431 facit
956 2383 1172 2430 Dominus
1192 2383 1342 2430 meus³
1369 2402 1380 2429 t
1408 2405 1428 2424 »

49 2465 90 2500 et
125 2456 338 2518 percuttit
375 2472 604 2502 conservos
641 2472 739 2502 suos
762 2493 773 2512 ‚
817 2454 1058 2501 manducat
1092 2465 1134 2500 et
1170 2454 1288 2501 bibit
1326 2471 1430 2501 cum

96 2563 107 2586 ¹
125 2562 215 2595 Alias
234 2573 330 2595 nxxx.
345 2573 417 2606 quae
430 2569 537 2595 autem
557 2574 620 2605 199
635 2568 713 2600 erat,
730 2573 817 2595 nunc
834 2564 912 2594 262.
937 2579 982 2586 —-
999 2562 1125 2606 Scripta
1141 2567 1213 2607 post
1231 2561 1431 2606 superiorem

51 2630 133 2652 anno
153 2626 230 2662 419.
248 2618 322 2644 -2
342 2631 358 2651 2
374 2619 457 2653 Tim.
473 2631 520 2661 tv,
537 2621 567 2653 8.
588 2638 627 2645 —
649 2617 664 2641 3
679 2622 756 2654 Luc.
777 2631 837 2656 xtr,
855 2621 910 2655 45.
