1769 3235
565 271 775 302 EPISTOLA
811 273 963 303 ccxin.
1360 260 1447 323 ¹93

15 375 17 395 Λ
79 339 394 403 Simpliciolam
419 336 627 397 virginem
661 353 853 389 sacram,
885 339 1010 383 matri
1039 350 1164 385 aetate
1185 340 1406 386 subditam
1431 378 1443 397 ,

14 466 16 490 I

76 410 302 456 sanctitate
321 407 545 473 praelatam
562 444 572 462 ‚
601 423 706 470 quas
731 407 866 452 verbo
895 408 1069 453 Domini
1091 410 1274 456 aluimus
1295 421 1341 456 ut
1359 427 1446 474 po-

13 495 15 520 2
79 481 252 536 tuimus‚
279 478 543 526 venerationi
562 489 647 523 tuae
670 477 714 522 in
739 477 1150 524 Christidilectione
1167 480 1443 537 commendo,

12 575 15 598 ;
75 561 116 596 et
143 561 344 614 tanquam
374 566 465 594 mea
489 565 619 593 manu
638 565 716 610 per
740 547 855 593 hanc
881 548 1119 611 Epistolam
1151 550 1274 595 trado
1300 568 1448 596 conso-

11 663 13 668 ,
75 620 222 666 landas
240 658 250 676 ‚
284 631 326 666 et
358 620 403 665 in
425 619 629 665 omnibus
654 617 923 676 adjuvandas
946 656 956 674 ,
980 636 1080 682 quae
1114 621 1275 666 utilitas
1298 638 1447 667 earum

75 691 141 736 vel
156 691 381 736 necessitas
395 688 590 753 postulat
611 706 621 733 ε
644 687 760 751 quod
783 699 825 733 et
845 688 933 734 sine
954 706 1047 734 mea
1071 690 1448 736 commendatione

74 761 230 825 procul
256 761 392 806 dubio
407 759 564 805 faceret
589 759 792 805 sanctitas
824 771 912 806 tua.
947 759 991 804 Si
1018 761 1132 805 enim
1160 778 1236 806 nos
1267 774 1449 824 propter

73 848 302 895 supernam
329 829 590 885 Jerusalem,
618 834 742 890 cujus
768 848 842 875 nos
873 847 1020 876 omnes
1047 831 1160 876 cives
1188 848 1336 876 sumus
1358 868 1368 887 ‚
1407 842 1449 876 et

73 902 114 947 in
143 918 229 964 qua
249 900 571 964 concupierunt
598 900 761 946 habere
784 900 1092 946 excellentioris
1121 901 1358 946 sanctitatis
1382 900 1447 946 lo-

72 989 186 1025 cum,
211 990 296 1018 non
323 972 461 1018 solum
484 972 691 1028 civicum,
719 972 999 1017 verumetiam
1016 971 1255 1017 fraternum
1282 972 1340 1017 eis
1363 971 1444 1017 de-

72 1043 224 1088 bemus
261 1044 463 1089 affectum
495 1059 505 1087 ε
537 1054 702 1106 quanto
742 1043 876 1103 magis
906 1060 1007 1100 vos,
1031 1042 1148 1106 apud
1166 1060 1275 1106 quos
1300 1059 1451 1088 earum

72 1115 198 1161 etiam
219 1115 404 1161 carnalis
429 1126 490 1160 est
510 1116 651 1179 patria
671 1153 681 1171 ‚
714 1116 758 1161 in
786 1133 873 1179 qua
901 1116 1152 1162 saecularem
1176 1115 1449 1161 nobilitatem

71 1203 152 1250 pro
187 1185 352 1231 Christi
388 1202 532 1230 amore
563 1197 852 1231 contemnunt
874 1187 1064 1232 dominae
1089 1186 1208 1232 illae?
1241 1186 1448 1232 Officium

71 1273 244 1333 quoque
259 1255 530 1301 salutationis
549 1273 624 1318 per
645 1255 689 1300 ill
697 1273 738 1300 ·1s
762 1273 906 1302 meum
928 1274 976 1302 ea
1002 1257 1216 1302 charitate
1238 1267 1340 1320 peto
1357 1256 1449 1316 dig-

72 1328 181 1372 neris
199 1344 390 1381 sumere,
418 1342 505 1390 qua
524 1325 682 1382 direxi,
704 1337 745 1371 et
776 1327 1016 1373 meminisse
1050 1327 1185 1372 nostri
1219 1327 1262 1371 in
1285 1327 1448 1371 oratio-

72 1397 200 1443 nibus
227 1398 326 1445 tuis.
369 1399 552 1443 Portant
586 1414 685 1442 sane
716 1415 861 1444 secum
898 1398 1101 1462 reliquias
1143 1398 1376 1445 beatissimi
1411 1408 1453 1443 et

71 1466 363 1527 gloriosissimi
386 1466 591 1529 martyris
618 1468 861 1531 Stephani,
887 1486 995 1533 quas
1014 1486 1100 1515 non
1125 1469 1294 1530 ignorat
1321 1487 1450 1515 sanc-

73 1539 168 1584 titas
186 1552 340 1594 vestra‚
366 1539 477 1585 sicut
501 1547 542 1583 et
560 1555 637 1583 nos
658 1538 839 1586 fecimus
858 1578 868 1597 ,
889 1557 1023 1604 quam
1040 1541 1346 1588 convenienter
1363 1539 1451 1586 ho-

70 1627 221 1658 norare
252 1610 460 1656 debeatis.

565 1765 982 1783 »ψ

348 1877 526 1924 ACTA
593 1873 1161 1921 ECCLESlASTICA

731 2005 786 2027 seu

493 2091 757 2135 EPISTOLA
792 2090 964 2132 CCXIII
985 2090 1015 2131 ¹.

72 2224 376 2269 Ecclesiastica
393 2221 521 2263 Gesta
535 2236 562 2262 a
576 2220 625 2261 B.
640 2220 890 2275 Augustino
903 2220 1096 2275 confecta
1113 2219 1157 2259 in
1175 2219 1449 2278 designando

131 2292 310 2335 Eraclio
327 2323 340 2339 ,
371 2290 448 2343 qui
465 2289 549 2345 ipsi
574 2288 621 2327 ῐη
644 2288 894 2344 episcopatu
913 2287 1169 2334 succederet,
1190 2298 1316 2342 atque
1334 2290 1447 2331 inlc-

127 2362 216 2401 rim
232 2373 375 2401 senem
392 2357 546 2410 aliqua
564 2365 688 2410 parce
709 2370 922 2396 curarum
943 2355 1200 2396 sublevaret.

136 2491 170 2537 Ι.
207 2512 224 2529 «
252 2489 606 2534 Gnomosissmo
638 2482 887 2529 Theodosio
912 2481 1143 2530 duodecies
1177 2495 1217 2531 et
1251 2486 1447 2536 Valenti-

118 2583 127 2615 i
145 2587 232 2622 Alias
245 2600 292 2619 cz.
308 2599 377 2631 ‹11›ae
394 2592 498 2618 autem
520 2587 583 2616 213
606 2589 685 2622 erat,
702 2594 786 2614 nunc
805 2594 884 2616 1.—
897 2583 1047 2614 Confvcia
1063 2583 1114 2618 die
1135 2586 1176 2615 26
1191 2590 1278 2630 Sept.
1298 2600 1347 2621 an.
1366 2594 1447 2627 428,

232 2658 416 2690 cxtvux.
1263 2648 1315 2695 13
