1769 3235
414 285 832 329 RETRACTATIONUM‚
872 287 960 319 [ΑΒ.
1006 290 1052 320 ιι.
1323 274 1415 332 545

48 433 105 445 m
114 433 164 444 „a
188 432 234 444 Μ
250 430 855 443 Ἄιιιςιςμςτνιςννιωιιιινκω
864 434 1164 445 “smnus-ww«
1173 434 1292 444 nxz-taz
1300 435 1419 445 ssu-w—

531 531 706 575 CAPUT
738 532 942 577 XXXIII.

51 671 114 714 De
142 671 426 714 Peccatorum
455 670 625 712 meritis
661 679 699 711 et
727 671 999 720 remissione,
1036 682 1074 713 et
1110 673 1161 714 de
1191 673 1421 730 Baptismo

235 739 529 796 parvulorum
555 738 613 779 ad
640 736 978 788 Marcellinum,
1005 739 1110 781 libri
1133 751 1227 784 tres,

115 894 258 941 VENrr
282 891 410 939 etiam
432 892 681 950 necessitaS‚
716 909 816 957 quae
836 910 901 938 me
922 904 1090 953 COgeset
1114 895 1317 945 adversus
1339 918 1424 946 ΠΟ·

53 983 151 1011 vam
184 964 457 1024 Pelagianam
485 964 683 1010 haeresim
717 964 904 1009 scribere
929 1000 939 1019 ,
975 975 1125 1010 contra
1145 983 1276 1029 quam
1303 971 1426 1033 prius

54 1053 153 1083 Cum
178 1053 289 1099 opus
312 1045 400 1080 erat
419 1072 429 1089 ‚
464 1051 550 1080 non
585 1034 780 1097 scriptis,
814 1033 887 1079 sed
919 1035 1189 1082 sermonibus
1219 1048 1261 1083 et
1284 1040 1427 1086 collo-

54 1106 305 1152 cutionibus
338 1104 596 1165 agebamus,
638 1114 684 1149 ut
717 1104 900 1166 quisque
929 1114 1123 1150 nostrum
1156 1118 1326 1169 poterat
1356 1122 1429 1157 aut

54 1177 257 1223 debebat.
303 1176 441 1221 Missis
478 1192 578 1234 ergo
622 1174 732 1219 mihi
768 1192 790 1219 a
824 1174 1088 1234 Carthagine
1112 1180 1430 1239 quaestionibus

54 1263 202 1293 eorum
240 1262 348 1309 quas
379 1243 655 1290 rescribendo
698 1243 971 1290 dissolverem
997 1281 1008 1299 ‚
1047 1247 1200 1310 scripsi
1237 1250 1429 1312 primum

54 1317 189 1363 libros
212 1328 294 1362 [res
316 1354 326 1371 ‚
351 1333 538 1379 quorum
566 1316 713 1361 titulus
735 1326 795 1361 est
811 1353 821 1370 ,
846 1316 905 1360 (le
927 1318 1231 1364 peccatorum
1256 1325 1431 1370 meritis

55 1399 102 1433 el
138 1392 439 1433 relmsgjone:
477 1386 553 1432 ubi
581 1387 762 1431 maxime
794 1385 1045 1448 disputatur
1083 1387 1136 1432 de
1168 1389 1431 1453 baptismate

55 1458 342 1523 parvulorum
369 1468 549 1520 propter
586 1456 794 1516 originale
825 1466 1088 1519 peccatum:
1127 1469 1169 1503 et
1206 1460 1260 1506 de
1296 1464 1432 1522 gratia

57 1531 136 1577 Dei
155 1529 578 1594 quajustificamur‚
604 1529 688 1573 hoc
706 1538 794 1583 est,
815 1528 921 1586 justi
948 1528 1160 1575 efficimur
1186 1549 1196 1576 :
1235 1538 1435 1596 quamvis

55 1602 99 1647 in
122 1601 206 1647 hac
225 1601 312 1646 vita
337 1616 463 1645 nemo
483 1599 544 1644 ita
566 1609 703 1644 servet
732 1597 939 1643 mandata
958 1600 1162 1658 justitiae,
1189 1620 1276 1648 non
1308 1617 1355 1651 ut
1377 1607 1433 1653 sit

57 1672 95 1718 ei
115 1670 403 1717 necessarium
426 1686 505 1732 pro
527 1669 612 1714 suis
633 1669 823 1732 peccatis
846 1669 1011 1714 orando
1032 1670 1192 1728 dicere,
1219 1675 1435 1724 «Dimitte

58 1765 78 1785 ‚,
101 1743 225 1789 nobis
262 1741 411 1787 debita
437 1751 584 1785 nostra
601 1739 634 1785 1.
654 1762 673 1781 n
716 1740 880 1785 Contra
910 1757 1010 1803 quae
1036 1743 1181 1788 omnia
1207 1747 1433 1797 sentientes

56 1813 144 1869 illi,
178 1828 335 1858 novam
371 1809 573 1856 haeresim
610 1809 917 1856 condiderunt.
954 1812 1003 1855 ln
1038 1811 1106 1857 his
1131 1825 1272 1861 autem
1309 1818 1434 1867 libris

59 1883 240 1929 tacenda
273 1881 420 1927 adhuc
461 1881 695 1927 arbitratus
725 1897 819 1926 sum
852 1881 1026 1926 nomina
1062 1899 1236 1941 eorum,
1272 1888 1332 1934 sic
1362 1907 1433 1938 eos

56 1954 228 2001 facilius
253 1969 376 2016 posse
397 1951 555 2011 corrigi
578 1968 782 2014 sperans:
811 1950 900 1995 imo
925 1951 1053 1996 etiam
1074 1953 1120 1997 in
1140 1957 1264 2002 tertio
1283 1958 1399 2007 libro
1417 2000 1428 2019 ‚

58 2043 157 2090 quae
178 2035 237 2071 est
261 2021 452 2085 Epistola
473 2058 485 2080 ,
510 2021 583 2066 sed
604 2022 648 2066 in
666 2021 790 2066 libris
812 2020 965 2066 habita
986 2034 1168 2085 propter
1186 2026 1312 2085 duos,
1329 2033 1434 2094 qui-

57 2098 140 2143 bus
160 2113 253 2142 eam
271 2091 614 2139 connectendam
633 2091 810 2155 putavi,
832 2091 995 2151 Pelagii
1016 2094 1152 2155 ipsius
1170 2113 1327 2145 nomen
1345 2120 1434 2150 non

57 2169 146 2214 Sine
170 2166 314 2229 aliqua
340 2163 471 2209 laude
490 2164 618 2226 posui
639 2182 650 2208 ι
682 2163 785 2226 quia
812 2162 899 2207 vita
923 2166 957 2222 ej
968 2179 1013 2208 us
1042 2181 1064 2208 a
1091 2166 1239 2212 multis
1261 2174 1432 2232 praedi-

58 2239 241 2285 cabatur
263 2254 274 2280 :
300 2245 340 2281 et
360 2238 450 2293 ejus
484 2233 557 2278 illa
584 2233 807 2293 redargui,
832 2249 934 2296 quae
957 2234 1001 2278 in
1033 2235 1118 2280 suis
1147 2239 1319 2302 scriptis
1344 2262 1432 2292 non

0 2317 1 2344 2
59 2328 106 2355 ex
132 2324 316 2372 Persona
341 2323 415 2351 sua
432 2305 601 2368 posuit,
628 2304 702 2350 sed
721 2304 829 2368 quid
863 2305 919 2349 ab
949 2304 1041 2350 aliis
1059 2305 1278 2357 diceretur
1299 2331 1435 2379 expo-

0 2414 1 2438 ?
60 2380 177 2426 suit:
209 2394 308 2442 quae
345 2386 489 2421 tamen
521 2386 667 2438 postea
693 2379 784 2434 jam
823 2375 1052 2421 haereticus
1089 2381 1434 2439 pertinacissima

60 2450 329 2496 animositate
350 2445 559 2492 defendit.
590 2445 821 2492 Coelestius
846 2462 947 2490 vero
967 2445 1209 2510 discipulus
1237 2456 1329 2512 ers
1340 2459 1433 2515 jam

60 2531 243 2585 Propoer
266 2517 370 2564 tales
391 2515 640 2562 assertiones
662 2515 781 2580 apud
806 2515 1113 2577 Carthaginem
1134 2519 1181 2565 in
1200 2524 1440 2592 episcopali

111 2614 122 2636 ¹
140 2611 258 2645 Matth.
272 2623 307 2643 vt
321 2638 330 2655 ‚
353 2621 406 2642 12.

225 2681 406 2714 chvnr.
1260 2672 1322 2720 35
