1769 3235
328 315 380 345 12
740 311 775 344 S.
820 312 1062 344 AUGUSTINI
1096 309 1300 342 Emscorl

322 380 431 443 quid
451 379 699 427 faciendum
732 390 854 434 esset,
887 379 995 424 scire
1018 376 1242 440 cupiebat,
1284 392 1385 422 cum
1404 381 1495 437 jam
1523 395 1564 424 se
1589 378 1699 424 scire
1761 417 1766 422 .

321 448 531 495 fateretur
553 452 679 509 cujus
707 459 814 494 esset
833 449 920 494 hoc
943 447 1124 493 donum.
1158 445 1240 491 Sed
1271 446 1420 509 utique
1449 459 1590 495 tantas
1614 465 1697 495 vo-

322 518 500 565 luntatis
518 519 646 575 vires,
692 529 863 564 tantum
895 517 1138 563 dilectionis
1163 516 1358 562 ardorem
1384 518 1558 564 volebat
1578 518 1697 564 acci-

320 606 424 652 pere
449 588 616 653 Spiritu
635 588 875 651 sapientiae‚
901 588 977 650 qui
997 586 1208 632 sufficeret
1223 585 1276 631 ad
1295 586 1563 650 implendam
1580 604 1698 648 mag-

320 659 565 705 nitudinem
588 659 885 705 continentiae.
921 658 965 703 Si
988 673 1087 716 ergo
1110 656 1193 701 tale
1215 656 1381 718 aliquid
1400 657 1490 702 illic
1508 657 1699 703 invenire

321 730 552 793 posueritis
573 729 815 775 uberrimas
833 727 990 789 gratias
1011 743 1200 787 ageanS‚
1228 727 1261 771 si
1278 727 1555 773 rescribendo
1589 727 1697 773 insi-

319 815 456 845 nuare
472 798 724 859 dignemini.

384 870 510 916 XIII.
537 869 649 915 Satis
671 869 785 914 enim
801 868 889 914 dici
912 885 1001 914 non
1019 877 1161 931 potest
1174 877 1386 930 quantum
1410 868 1636 931 cupiamus
1653 868 1699 913 in

316 956 469 986 eorum
486 940 716 986 hominum
736 940 925 1004 scriptis,
946 940 1023 1003 qui
1043 949 1224 1002 propter
1258 939 1543 985 acrimoniam
1566 949 1697 1003 atque

317 1009 568 1056 facundiam
594 1010 798 1070 leguntur
822 1029 843 1056 a
880 1009 1082 1072 plurimis
1100 1045 1111 1064 ‚
1156 1017 1351 1070 apertam
1386 1008 1696 1055 confessionem

317 1079 434 1126 illius
470 1081 621 1140 gratiae
670 1080 878 1143 reperiri,
920 1095 1052 1142 quam
1098 1077 1377 1123 vehementer
1419 1078 1700 1124 commendat

322 1151 572 1213 Apostolus,
619 1152 697 1214 qui
735 1151 861 1196 etiam
892 1149 1027 1213 ipsius
1053 1165 1300 1194 mensuram
1328 1149 1445 1204 fidei,
1473 1150 1593 1212 (sine
1612 1166 1698 1213 qua

319 1219 587 1283 impossibile
605 1231 666 1266 est
688 1222 776 1266 Deo
799 1221 988 1284 placere,
1014 1236 1060 1264 ex
1084 1235 1169 1282 qua
1184 1223 1328 1278 justus
1346 1220 1473 1272 vivit,
1501 1236 1602 1283 quae
1619 1236 1698 1283 per

320 1289 598 1336 dilectionem
629 1301 837 1354 operatur
855 1289 892 1347 1,
938 1300 1171 1352 autequam
1213 1300 1255 1334 et
1293 1289 1381 1334 sine
1412 1307 1497 1353 qua
1519 1290 1698 1335 omnino

319 1358 441 1405 nulla
464 1364 721 1423 cujusquam
757 1361 874 1406 bona
903 1377 1035 1423 opera
1053 1359 1333 1405 existimanda
1350 1371 1465 1415 sunt,
1491 1361 1698 1424 quoniam

320 1445 447 1475 omne
463 1430 582 1493 quod
616 1448 704 1476 non
732 1442 794 1477 est
816 1448 863 1477 ex
885 1431 987 1487 fide,
1019 1441 1250 1494 peccatum
1277 1431 1384 1490 est),
1411 1435 1554 1477 Deum
1590 1431 1699 1478 dicit

319 1500 554 1563 unicuique
588 1501 815 1564 partitum.
862 1502 951 1547 Nec
987 1501 1076 1546 sola
1099 1500 1357 1546 revelatione
1395 1501 1587 1547 scientiae
1621 1518 1698 1548 nos

317 1567 526 1615 divinitus
554 1571 768 1630 adjuvari,
803 1582 850 1617 ut
886 1572 957 1635 pic
985 1575 1186 1634 justeque
1221 1570 1438 1627 vin-amus,
1477 1588 1576 1635 quae
1608 1572 1698 1619 sine

322 1639 536 1686 charitate
568 1641 721 1687 inflat:
753 1642 1034 1688 verumetiam
1074 1640 1358 1704 inspiratione
1377 1641 1602 1688 charitatis
1621 1642 1697 1706 ip-

318 1708 406 1755 sius
423 1711 455 1757 2.
486 1728 585 1774 quae
609 1712 839 1775 plenitudo
856 1713 980 1773 Legis
999 1722 1083 1768 est,
1103 1722 1144 1757 et
1161 1729 1261 1775 quae
1295 1728 1372 1757 cor
1395 1723 1606 1770 nostrum,
1649 1724 1697 1760 ut

321 1780 497 1826 scientia
517 1799 605 1828 non
622 1783 744 1828 inflet
761 1820 772 1838 ‚
799 1783 992 1829 aedificat
1016 1783 1047 1830 ³.
1080 1782 1164 1828 Sed
1196 1782 1343 1829 adhuc
1371 1800 1587 1847 nusquam
1612 1784 1698 1830 tale

322 1849 490 1913 aliquid
509 1852 554 1897 in
568 1869 717 1898 eorum
738 1853 890 1899 litteris
908 1852 1130 1917 potuimus
1152 1853 1358 1900 invenire.

386 1921 504 1967 XIV.
529 1922 714 1968 Maxime
733 1934 877 1968 autem
898 1923 983 1968 hoc
1002 1923 1047 1968 in
1067 1922 1149 1968 isto
1172 1922 1287 1968 libro
1305 1940 1390 1968 esse
1407 1923 1629 1980 vellemus,
1648 1941 1695 1970 ex

321 2006 410 2054 quo
438 1990 656 2055 descripta
673 1993 747 2039 illa
768 1994 901 2039 verba
930 1993 1171 2056 posuimus,
1199 1994 1277 2038 ubi
1297 1994 1507 2054 virginem
1529 1994 1695 2041 Christi

320 2060 572 2107 italaudans
592 2073 799 2127 tanquam
819 2064 1031 2127 spiritales
1054 2063 1226 2109 divitias
1239 2064 1386 2110 nullus
1404 2065 1440 2110 ei
1457 2066 1694 2129 praeterip-

322 2148 411 2177 sam
437 2132 632 2178 conferre
649 2135 801 2196 possit,
826 2145 867 2179 et
879 2145 1087 2197 tanquam
1105 2134 1184 2179 nisi
1204 2151 1251 2179 ex
1270 2134 1363 2197 ipsa
1386 2151 1475 2180 esse
1495 2152 1582 2181 non
1596 2153 1694 2198 pos-

319 2203 421 2257 sint,
452 2218 539 2247 non
562 2203 764 2249 vulteam
784 2204 828 2250 in
853 2205 1044 2249 Domino
1061 2204 1253 2264 gloriari,
1287 2241 1297 2260 ,
1325 2204 1398 2249 sed
1417 2205 1478 2250 sic
1494 2205 1687 2264 gloriari,

317 2274 440 2338 quasi
463 2288 551 2322 non
570 2274 800 2338 acceperit.
826 2277 876 2320 In
901 2291 988 2338 quo
1006 2274 1119 2320 libro
1144 2275 1342 2337 quamvis
1359 2291 1436 2320 nec
1457 2275 1592 2338 ipsius
1612 2293 1692 2322 nec

316 2354 402 2390 tuae
416 2345 665 2391 reverentiae
689 2361 847 2390 nomen
861 2344 1125 2408 expresserit,
1155 2355 1300 2390 tamen
1325 2362 1347 2390 a
1366 2355 1502 2390 matre
1513 2345 1692 2406 virginis

319 2425 367 2460 ut
391 2414 444 2460 ad
469 2432 561 2461 eam
600 2415 805 2461 scriberet
831 2433 854 2461 a
889 2432 930 2460 se
948 2414 1217 2478 postulatum
1249 2432 1335 2461 esse
1358 2427 1683 2463 commemorat.

362 2530 485 2562 ²Rom.
511 2542 580 2568 xu,
609 2533 647 2569 33
673 2531 775 2565 Hebr.
809 2543 865 2571 xi,
891 2533 928 2570 ὃς
951 2535 1043 2565 Rom.
1066 2543 1093 2571 1,
1128 2543 1186 2571 173
1216 2532 1340 2565 Habae.
1367 2544 1404 2572 ιι,
1425 2539 1439 2570 ι’.
1455 2545 1463 2572 3
1481 2534 1583 2567 Galat.
1600 2545 1628 2574 v,
1647 2535 1688 2573 6,

316 2591 346 2617 e!
368 2588 548 2628 Rom.x1v‚
572 2589 624 2617 23.
640 2605 683 2611 -
702 2586 717 2609 ¹2
735 2599 745 2617 1
766 2588 928 2627 Cor.v1n‚
954 2599 1040 2620 1.--
1060 2585 1073 2610 3
1090 2590 1186 2622 Rom,
1205 2598 1348 2625 x111,10.
