1769 3235
515 266 728 297 EPISTOLA
765 266 941 297 ccxxvi.
1307 256 1397 318 273

94 336 142 383 V.
181 335 384 380 Asserunt
418 331 616 377 inutilem
653 331 908 376 exhortandi
939 332 1322 391 consuetudinem,
1363 336 1396 380 si

1 389 5 479 1
30 406 196 456 nihilin
209 403 387 449 homine
402 401 651 448 remansisse
671 400 860 456 dicatur,
887 401 1004 464 quod
1022 405 1240 466 correptio
1255 404 1399 451 valeat

31 478 210 526 excitare
234 493 244 520 :
272 472 389 537 quod
410 471 586 536 quidem
605 471 738 516 inesse
766 481 935 516 naturae
950 472 1010 516 sic
1027 489 1067 517 se
1090 472 1231 519 dicere
1255 476 1399 520 confi-

31 559 192 602 tentur,
213 545 361 591 uthoc
380 544 474 606 ipso
497 540 616 605 quod
634 540 847 600 ignoranti
866 540 1020 586 veritas
1032 542 1318 604 praedicatur‚
1343 545 1399 590 ad

1 605 287 677 [beneficium
325 613 549 678 praesentis
580 611 728 672 gratiae
759 610 1030 656 referendum
1052 613 1117 659 sit.
1148 615 1257 660 Nam
1275 616 1307 661 si
1336 619 1397 663 sic

1 680 324 756 ipraedestinati
352 694 470 738 sunt,
507 681 746 745 inquiunt,
779 680 833 727 ad
880 691 1107 745 utramque
1142 696 1329 747 partem,
1354 698 1401 732 ut

2 748 7 810 1
31 761 84 807 de
104 759 196 804 aliis
212 757 266 803 ad
291 756 396 802 alios
419 753 563 799 nullus
583 753 716 816 possit
733 751 953 808 accedere,
969 768 1057 815 quo
1076 755 1260 815 pertinet
1285 767 1401 803 tanta

1 814 6 890 1
30 831 285 878 extrinsecus
322 824 609 888 correptionis
650 822 880 869 instantia?
914 822 960 867 Si
998 822 1053 868 ab
1079 823 1283 883 homine,
1309 838 1350 872 et
1371 829 1402 873 si

2 891 6 950 i
30 919 115 948 non
136 899 241 946 fides
257 899 439 957 integra,
461 893 609 939 saltem
629 893 693 939 vel
719 893 843 938 dolor
866 904 1146 956 compunctae
1165 895 1402 943 infirmita-

2 972 6 1055 1
30 973 82 1019 tis
97 970 302 1025 exoritur,
329 977 401 1013 aut
419 965 664 1030 periculum
684 964 994 1010 demonstratae
1011 966 1161 1011 mortis
1180 967 1394 1015 hortetur.

0 1058 7 1081 ¹
31 1045 140 1092 Nam
165 1042 198 1088 si
218 1058 305 1087 non
329 1049 472 1103 potest
496 1038 646 1083 timere
665 1037 780 1099 quiS‚
801 1035 916 1081 unde
936 1046 1137 1093 terretur,
1168 1039 1248 1084 nisi
1263 1057 1310 1085 ea
1329 1057 1402 1086 vo,

3 1087 194 1175 ⁴iluntate
231 1127 332 1175 quae
369 1109 571 1163 sumitur,
607 1124 694 1152 non
718 1123 763 1150 ex
789 1123 836 1150 eo
861 1106 1107 1169 culpandus
1146 1109 1265 1171 quod
1286 1127 1404 1156 nunc

3 1182 7 1246 i
31 1203 117 1232 non
136 1182 232 1231 vult
253 1199 264 1226 ι
289 1179 361 1226 sed
385 1180 431 1225 in
449 1195 499 1224 eo
524 1188 685 1223 etcum
708 1193 776 1231 eo,
807 1175 883 1238 qui
908 1176 969 1222 sic
993 1177 1228 1240 aliquando
1241 1180 1401 1238 noluit,

3 1279 8 1320 ¹
31 1268 80 1305 ut
103 1272 197 1302 eam
220 1251 543 1299 damnationem
563 1265 663 1294 cum
684 1247 771 1292 suis
789 1247 970 1310 posteris
996 1260 1232 1295 mereretur
1254 1251 1411 1298 incur-

1 1325 7 1396 1
30 1345 134 1385 rere,
153 1336 202 1372 ut
213 1339 440 1386 nunquam
458 1330 590 1376 recta,
613 1334 782 1381 semper
806 1327 948 1362 autem
966 1335 1101 1380 prava
1120 1319 1248 1366 vellet
1272 1339 1406 1385 appe-

4 1397 9 1444 ί
31 1411 130 1446 tere.
161 1397 207 1443 Si
224 1405 365 1440 autem
379 1402 440 1437 est
461 1389 792 1454 qualiscumque
809 1387 951 1444 dolor,
976 1388 1051 1451 qui
1075 1388 1128 1434 ad
1144 1390 1410 1437 exhortatio-

0 1494 8 1525 ιι
31 1488 128 1518 nem
161 1463 437 1529 corripientis
464 1461 630 1507 oriatur
654 1476 664 1503 ε
703 1458 819 1504 hanc
855 1459 993 1522 ipsam
1032 1459 1188 1506 dicunt
1213 1478 1407 1519 causam,

5 1528 9 1607 1
31 1551 208 1606 propter
230 1552 361 1600 quam
394 1532 463 1579 vel
483 1530 702 1590 rejiciatur
722 1529 851 1586 alius,
877 1528 945 1574 vel
970 1541 1242 1577 assumatur:
1282 1543 1412 1596 atque

5 1617 9 1677 ξ
31 1612 90 1659 ita
108 1627 196 1656 non
215 1623 304 1670 opu
316 1621 423 1651 sesse
444 1612 589 1666 partes
614 1599 842 1656 constitui,
877 1599 1040 1663 quibus
1082 1619 1162 1647 nec
1198 1603 1412 1663 adjicien-

0 1683 10 1758 1
31 1683 136 1730 dum
154 1682 207 1728 sit
229 1676 413 1741 aliquid,
442 1690 522 1720 nec
545 1670 880 1718 detrahendum.

7 1759 10 1824 1
95 1753 169 1799 VI,
201 1772 220 1793 «
245 1746 414 1794 Deinde
437 1743 614 1790 moleste
641 1740 802 1796 ferunt,
826 1742 886 1787 ita
912 1740 1048 1787 dividi
1085 1744 1286 1802 gratiam,
1308 1762 1410 1808 quae

0 1832 11 1870 J
31 1824 98 1872 vel
115 1834 220 1869 tunc
239 1819 385 1884 primo
398 1814 571 1861 homini
585 1812 686 1858 data
704 1823 781 1863 est!
802 1812 868 1857 vel
887 1828 1004 1857 nune
1018 1813 1222 1859 omnibus
1234 1814 1379 1873 datur,
1391 1838 1410 1858 ))

8 1934 11 1958 ¹
40 1897 114 1959 [ut
133 1894 204 1940 ille
224 1887 441 1951 acceperit
463 1883 846 1949 perseverantiam,
880 1899 967 1926 non
991 1899 1076 1944 qua
1099 1884 1219 1929 fieret
1244 1896 1290 1930 ut
1313 1904 1411 1948 per-

0 1965 11 2025 ¹
32 1973 256 2018 severaret,
278 1959 350 2006 sed
374 1957 464 2003 Sine
499 1970 586 2018 qua
618 1969 697 2015 per
728 1951 915 1997 liberum
953 1951 1183 1997 arbitrium
1210 1971 1412 2017 perseve-

0 2040 11 2076 :2
33 2052 125 2083 rare
141 2050 228 2080 non
248 2038 418 2094 posset:
448 2041 566 2070 nunc
578 2039 679 2068 vero
695 2022 851 2066 sanetis
866 2021 911 2066 in
931 2038 1110 2081 regnum
1130 2040 1208 2085 per
1229 2026 1410 2084 gratiam

0 2080 13 2183 1
33 2101 348 2172 praedestinatis
378 2114 466 2143 non
497 2095 580 2140 tale
603 2093 870 2153 adjutorium
901 2095 1230 2155 perseverantiae
1263 2096 1409 2153 detur,

33 2178 105 2226 sed
129 2175 212 2222 tale
235 2183 283 2219 ut
301 2171 358 2217 eis
391 2164 708 2232 perseverantia
727 2164 820 2226 ipsa
845 2162 1057 2216 donetur3
1085 2181 1170 2209 non
1196 2166 1334 2211 solum
1362 2180 1410 2214 ut

0 2186 13 2297 1
34 2250 120 2296 Sine
142 2248 224 2293 1510
244 2244 361 2290 dono
377 2245 697 2303 perseverantes
717 2251 802 2279 esse
822 2251 909 2278 non
927 2234 1109 2296 possint,
1124 2238 1406 2284 verumetiam

2 2335 13 2382 1¹
36 2332 83 2366 ut
110 2335 186 2382 Per
205 2316 293 2361 hoe
326 2311 488 2356 donum
525 2305 696 2351 nonnisi
730 2314 1049 2368 perseverantes
1085 2305 1217 2351 sint1.
1242 2307 1256 2368 ]
1290 2328 1309 2348 «
1329 2308 1408 2354 His

11 2439 13 2442 Α
36 2388 177 2438 verbis
204 2380 441 2431 sanctitatis
462 2389 548 2424 tuae
572 2376 630 2422 ita
657 2385 906 2430 moventur,
926 2384 974 2418 ut
996 2374 1146 2419 dicant
1165 2378 1400 2438 quamdam

37 2456 375 2524 desperationem
415 2447 671 2495 hominibus
705 2444 913 2490 exbiberi.
951 2444 995 2489 Si
1019 2445 1152 2501 enim,
1183 2446 1321 2504 aiunt,
1347 2449 1406 2495 ita

12 2569 15 2597 ¹
39 2531 175 2580 Adam
210 2526 385 2584 adjutus
409 2531 496 2575 est,
524 2529 572 2564 ut
590 2527 630 2564 et
647 2527 756 2562 stare
776 2525 919 2579 posset
937 2514 980 2560 in
1008 2516 1176 2574 justitia
1197 2527 1239 2562 et
1258 2536 1279 2564 a
1307 2521 1406 2580 Jus-

86 2611 372 2648 tLib,de(1m·rep
405 2611 433 2635 ci
449 2603 652 2644 aratiam-ap.
680 2612 713 2631 ιι
739 2606 767 2630 υἱ
790 2611 838 2629 12-

197 2677 380 2709 extriti.
1230 2655 1281 2699 18
