1769 3235
348 289 441 325 210
768 290 805 320 s.
846 277 1091 320 merismu
1126 284 1330 321 Episcom

361 455 968 474 mmfflmwvtmsummnz
976 457 1093 469 unm
1103 459 1216 469 Μκιι
1225 457 1340 469 smum
1347 456 1521 468 §.t-mmmm*
1535 455 1719 467 ae2=s=1=w=
1756 447 1769 470 ,¹

779 567 1043 613 EPISTULA
1075 566 1245 613 CCXVI
1261 569 1290 613 ¹.

345 700 516 740 Dumino
533 710 626 739 vere
638 706 786 746 sancto,
807 711 852 736 ac
869 698 981 737 nohis
997 698 1273 738 venerabiliter
1293 708 1410 749 super
1428 699 1560 737 omnia
1577 700 1721 750 praese-
1756 705 1759 750 j,

399 762 585 810 1Ὲ11ἀο,εῐ
602 763 664 813 pia
684 760 923 800 exultatione
939 760 1103 799 colendo
1118 760 1342 799 beatissimo
1359 774 1466 812 papae
1483 762 1719 809 Aueus‘rmo,

398 824 646 864 VALENTmth
678 835 815 860 servus
849 830 923 860 tuae
953 822 1167 860 sanctitatis
1185 850 1194 869 ‚
1234 831 1274 860 et
1310 823 1437 861 omnis
1471 823 1721 875 congregatio
1757 822 1760 855 ἰ

397 900 486 938 quae
506 885 583 924 tuis
600 881 846 924 orationibus
863 897 1021 922 mecum
1039 893 1168 934 sperat
1187 884 1226 921 iu
1245 883 1416 922 Domino
1435 883 1622 925 salutem.

347 1017 613 1066 Valentinus
643 1025 916 1083 Augustino,
950 1024 1209 1065 renuntians
1242 1033 1338 1079 quoe
1366 1024 1560 1065 eaetiteris
1588 1039 1720 1066 eausa
1757 1018 1760 1062 ὲ

404 1086 607 1140 dissidii,
628 1093 756 1149 quive
772 1101 967 1133 auctores
985 1091 1198 1133 tumultus
1222 1091 1269 1132 -ἰη
1292 1106 1368 1133 suo
1385 1091 1604 1142 eoenobim
1627 1103 1721 1133 tum

405 1156 636 1201 declarans
657 1159 793 1215 fidem
820 1175 944 1200 suam
972 1158 1022 1200 de
1051 1160 1184 1201 libero
1205 1158 1394 1201 arbitrio
1410 1170 1449 1201 et
1470 1160 1521 1201 de
1534 1160 1723 1215 1Ῐαειιίἱα,
1758 1159 1761 1181 ³

404 1224 489 1270 Dei
506 1228 834 1269 remunerantis
847 1247 862 1278 ,·
884 1243 934 1268 ae
951 1227 1134 1282 denique
1152 1224 1356 1277 Florum,
1379 1242 1504 1283 quem
1522 1224 1607 1285 ipsi
1622 1227 1723 1268 mit-
1758 1239 1761 1271 ³.

401 1296 473 1345 tit,
501 1294 555 1336 ab
579 1295 742 1337 erroris
767 1295 1013 1353 suspicione
1033 1294 1237 1337 liberans.

409 1441 441 1495 Ῐ,
476 1467 496 1489 <‹
519 1441 831 1493 VENERABILIA
850 1447 1013 1512 scripta
1031 1485 1041 1503 ‚
1064 1456 1106 1493 et
1121 1447 1284 1493 librum
1308 1457 1396 1493 tuae
1407 1446 1645 1510 sanctitatis
1661 1447 1722 1494 ita

345 1511 634 1572 tremebundo
670 1517 801 1563 corde
838 1518 1125 1583 suscepimus,
1167 1528 1216 1563 ut
1249 1517 1362 1563 sicut
1385 1517 1538 1581 beat-us
1576 1518 1719 1577 Elias,

342 1605 442 1634 cum
474 1583 520 1634 in
537 1582 755 1651 speluncae
776 1588 924 1635 limine
947 1599 1102 1645 staret,
1128 1588 1282 1635 faciem
1312 1605 1432 1634 suam
1456 1588 1592 1648 gloria
1620 1593 1719 1635 Do·-

342 1657 446 1704 mini
466 1668 712 1704 transeunte
726 1657 882 1706 velavit
895 1678 906 1715 z,
919 1660 977 1705 ita
994 1677 1070 1705 nos
1089 1659 1339 1719 objurgatos
1357 1658 1505 1705 oeulos
1522 1659 1718 1716 teximus,

341 1726 444 1794 quia
463 1746 541 1792 per
561 1728 845 1776 rusticitatem
877 1731 1060 1777 fratrum
1097 1741 1344 1776 nostrorum
1375 1740 1522 1776 nostro
1551 1730 1721 1791 judicio

341 1800 615 1858 erubuimus,
634 1818 818 1865 quorum
836 1801 1083 1849 inordinata
1098 1801 1368 1866 profectione
1388 1812 1507 1847 tuam
1520 1802 1537 1830 2
1556 1802 1721 1847 merui-

342 1888 439 1917 mus
477 1870 794 1918 beatitudinem
834 1873 1049 1928 salutare3
1086 1873 1190 1937 quia
1222 1883 1391 1935 tempus
1422 1871 1655 1937 loquendi,
1682 1884 1723 1919 et

342 1952 516 2005 tempus
542 1945 709 1991 tacendi
735 1983 744 2001 ‚
773 1944 935 1990 nedum
968 1962 1046 2007 per
1081 1939 1359 1999 dubitantes,
1385 1953 1427 1988 et
1459 1943 1512 1989 de
1546 1944 1724 1990 veritate

341 2013 601 2059 fluctuantes
623 2016 909 2060 scriberemus
928 2052 937 2070 ,
971 2014 1025 2060 de
1055 2014 1184 2060 dietis
1213 2014 1453 2079 sapientiae¹
1472 2025 1562 2060 tnae
1581 2051 1591 2065 ,
1622 2031 1723 2078 quae

343 2092 404 2127 est
423 2082 532 2127 sicut
564 2084 713 2143 Angeli
738 2084 839 2139 Dei,
863 2083 1066 2130 dubitare
1099 2101 1199 2129 cum
1220 2080 1527 2129 dubitantibus
1549 2081 1722 2130 videre-
1759 2101 1763 2148 ξ

342 2169 457 2197 mur.
491 2154 587 2198 Non
623 2155 734 2199 enim
767 2165 857 2200 erat
883 2154 1010 2200 nobis
1042 2153 1329 2199 necessarium
1366 2154 1632 2212 interrogare
1665 2153 1719 2198 de

343 2222 614 2269 beatitudine
630 2261 640 2280 ‚
670 2236 710 2270 et
731 2225 784 2270 de
802 2224 1011 2288 sapientia
1031 2234 1105 2269 tua
1127 2261 1137 2280 ,
1165 2240 1264 2286 quae
1285 2233 1347 2268 est
1366 2222 1493 2268 nobis
1517 2233 1619 2268 nota
1641 2241 1723 2287 per

344 2293 424 2338 Dei
457 2294 653 2354 gratiam.
703 2297 815 2341 Nam
853 2295 907 2340 ad
944 2295 1106 2341 librum
1144 2293 1444 2339 dulcissimum
1484 2294 1723 2340 sanctitatis

345 2373 433 2409 tuae
451 2364 510 2409 ita
533 2381 680 2410 sumus
701 2364 898 2411 alacriter
916 2363 1152 2425 jucundati
1171 2401 1181 2420 ,
1203 2374 1252 2409 ut
1270 2363 1383 2409 sicut
1409 2363 1609 2426 Apostoli
1629 2364 1722 2409 Do-

344 2435 512 2480 minum
543 2446 643 2498 post
664 2436 1018 2482 resurrectionem
1047 2434 1334 2498 prandentem
1355 2449 1500 2479 secum
1524 2450 1612 2479 non
1641 2451 1722 2480 au-

391 2544 402 2566 ¹
420 2544 509 2576 Alias
526 2554 628 2576 ccnvx.
651 2555 721 2586 quae
736 2550 843 2577 autem
859 2545 926 2576 216
940 2549 1024 2589 erat,
1041 2553 1130 2578 nunc
1155 2546 1211 2580 85.
1227 2560 1274 2568 -
1287 2543 1413 2587 Scripta
1430 2543 1526 2587 paulo
1543 2548 1616 2585 post
1627 2552 1723 2586 supe·
1760 2550 1762 2579 J

342 2599 454 2633 riores.
466 2615 512 2624 —
528 2597 544 2622 2
561 2601 656 2632 Forte
674 2599 783 2641 deest,
799 2609 878 2632 non.
