1769 3235
303 264 394 327 372
706 278 739 310 s,
785 277 1030 309 Avensa-ml
1066 278 1266 310 Emscopi

304 344 407 389 bere
425 380 436 400 ,
463 354 512 390 ut
550 342 884 390 unanimitatem
909 354 1099 391 nostram
1126 361 1211 391 una
1247 344 1374 392 etiam
1399 346 1559 411 pagina
1591 356 1677 392 tes·
1734 399 1736 403 7

307 424 450 460 taretu
457 432 489 462 Γ.

305 593 1672 610 mmmwwzwsssmmw-mmzmwwmmmwxmmm

714 718 981 762 EPISTOLA
1018 717 1228 760 CCXLIX
1243 718 1273 759 ¹.

307 847 481 886 Domino
511 846 869 885 desiderantissimo
891 855 930 884 et
959 845 1178 884 honorifica
1209 846 1427 884 sinceritate
1456 844 1687 884 charissimo

360 908 497 956 fratri,
521 917 560 946 et
578 907 815 946 condiacono
835 907 1053 946 Rnsmcro
1066 938 1075 955 ‚
1105 908 1345 946 Ancnsmcs
1374 907 1413 945 in
1433 906 1607 946 Domino
1626 919 1689 945 sa-

361 970 501 1009 lutem.

373 1095 653 1153 Augustinus
683 1094 920 1144 Restituto,
955 1105 1168 1151 quatenus
1196 1096 1308 1138 mali
1337 1095 1554 1138 tolerandi
1584 1096 1633 1137 in

894 1163 1101 1206 Ecclesia.

380 1309 537 1353 AEsrcs
560 1306 804 1353 indicantes
818 1309 936 1372 piam
960 1309 1183 1354 flammam
1208 1309 1350 1355 cordis
1370 1310 1434 1354 tui
1453 1346 1463 1364 ‚
1486 1309 1698 1355 indicavit

317 1378 429 1424 mihi
453 1377 727 1424 fidelissimus
753 1415 764 1433 ‚
781 1390 830 1425 ut
857 1379 956 1435 scis,
988 1380 1204 1443 particeps
1229 1397 1378 1426 eorum
1394 1418 1405 1436 ,
1426 1379 1559 1426 frater
1581 1381 1697 1425 Deo·

319 1449 488 1509 gratiaS.
537 1452 648 1509 Lege
681 1451 826 1514 itaque
861 1451 1142 1510 Tychonium
1167 1468 1296 1514 quem
1321 1452 1430 1497 bene
1454 1452 1587 1505 nosti,
1612 1468 1699 1496 non

320 1519 498 1583 quidem
521 1520 667 1565 omnia
701 1521 971 1583 probaturus
1005 1539 1015 1567 :
1047 1540 1146 1567 nam
1180 1539 1280 1585 quae
1319 1522 1364 1567 in
1403 1521 1477 1567 illo
1507 1521 1701 1567 cavenda

322 1590 408 1636 sint
426 1627 436 1645 ‚
466 1591 576 1635 bene
599 1593 725 1635 nosti.
762 1592 886 1637 Hanc
910 1603 1051 1637 tamen
1078 1593 1359 1655 quaestionem
1382 1629 1392 1646 ‚
1414 1591 1635 1656 quomodo
1658 1591 1704 1636 in

329 1659 518 1705 Ecclesia
555 1660 633 1705 Dei
673 1661 707 1705 si
735 1677 822 1724 qua
864 1661 974 1707 forte
1010 1680 1208 1725 perversa
1245 1662 1312 1708 vel
1337 1663 1463 1707 ctiam
1499 1661 1704 1708 scelerata

325 1729 539 1788 corrigere
552 1740 626 1775 aut
639 1731 883 1790 extinguere
894 1749 979 1777 non
989 1732 1197 1787 valemus,
1211 1732 1328 1777 salvo
1343 1732 1518 1777 unitatis
1528 1730 1705 1777 vinculo

328 1799 554 1846 toleranda
587 1800 700 1853 sint,
738 1812 908 1847 strenue
942 1802 1115 1847 videtur
1154 1803 1264 1847 mihi
1306 1803 1554 1848 tractavisse
1579 1813 1708 1864 atque

330 1869 518 1916 solvisse.
538 1872 800 1935 Quanquam
815 1873 859 1917 in
876 1873 1130 1933 ejuslittcris
1150 1885 1316 1919 tantum
1326 1873 1455 1919 modo
1472 1873 1709 1919 intentione

334 1951 548 1997 correcta,
565 1941 619 1987 ad
639 1942 755 2005 ipsos
778 1942 1025 1989 divinarum
1050 1945 1377 2007 Scripturarum
1398 1945 1536 1991 fontes
1558 1960 1710 1990 rccur-

335 2028 427 2057 rere
455 2029 530 2057 nos
553 2023 748 2076 oportet,
781 2024 827 2058 ut
846 2014 908 2059 ibi
928 2014 1153 2060 videamus
1172 2032 1302 2078 quam
1325 2032 1465 2078 pauca
1489 2015 1541 2061 de
1562 2015 1645 2060 hac
1668 2029 1712 2059 re

339 2083 580 2148 testimonia
604 2084 913 2129 sententiarum
930 2121 940 2140 ,
969 2085 1037 2130 vel
1063 2085 1255 2148 exempla
1282 2096 1497 2145 gestorum
1536 2085 1709 2149 posuit,

337 2162 376 2197 ct
402 2169 533 2215 quam
561 2171 687 2199 nemo
714 2154 849 2217 possit
875 2155 1018 2200 onmia
1047 2172 1229 2217 ponere,
1254 2157 1333 2200 nisi
1353 2157 1426 2218 qui
1443 2174 1550 2219 pene
1568 2171 1715 2201 omncs

339 2235 590 2269 sanctorum
608 2224 823 2270 librorum
844 2227 1023 2289 paginas
1042 2227 1087 2271 in
1109 2243 1183 2271 sua
1209 2227 1368 2289 scripta
1393 2227 1619 2272 transferre
1643 2242 1716 2270 vo-

340 2294 471 2340 lucrit
494 2313 504 2340 :
530 2297 588 2341 ita
613 2313 754 2360 prope
779 2298 898 2343 nulla
916 2308 1004 2352 cst,
1029 2315 1129 2360 quac
1154 2315 1229 2342 nos
1244 2315 1330 2342 uon
1352 2298 1582 2343 admoneat
1600 2299 1717 2342 intus

340 2365 384 2411 in
413 2367 506 2430 ipsa
533 2369 735 2414 socictate
761 2369 1141 2414 Sacramentorum
1164 2405 1175 2424 ‚
1207 2369 1369 2431 quibus
1394 2369 1637 2415 imbuimur
1663 2367 1718 2414 ad

343 2438 474 2483 vitam
503 2449 708 2484 aeternam
730 2476 740 2495 ,
767 2457 866 2485 cum
889 2439 957 2484 his
977 2440 1054 2503 qui
1077 2439 1264 2484 oderunt
1281 2457 1431 2502 pacem
1454 2457 1538 2486 csse
1562 2439 1720 2485 debere

342 2507 580 2570 pacificos1
596 2546 607 2565 ,
641 2509 781 2556 donec
805 2509 1127 2570 ingemiscendo
1157 2521 1301 2555 nostra
1325 2510 1562 2575 longinqua
1588 2525 1717 2573 pere-

391 2607 400 2628 ¹
419 2607 506 2639 Alias
523 2617 614 2642 Lux.
633 2619 703 2652 quae
723 2616 828 2643 autem
849 2616 915 2652 ²49
934 2615 1014 2650 erat,
1028 2621 1114 2643 nuuc
1129 2616 1186 2652 94.
1207 2629 1248 2635 -
1269 2608 1284 2632 2
1306 2609 1389 2643 Psal.
1407 2622 1498 2653 cxix,
1519 2623 1548 2651 7.
