1769 3235
538 258 751 289 EPISTOLA
786 260 934 291 CXCIX.
1359 265 1445 314 109

7 370 8 374 ,
72 351 94 375 ιο
113 338 213 375 sunt
236 327 290 373 de
324 324 458 372 0011115
481 324 565 370 11115
579 323 612 370 1.
654 346 674 365 »
700 324 783 369 Sed
807 325 895 371 1100
928 325 981 371 ad
1014 336 1186 391 tempus
1208 331 1342 393 primi
1369 332 1446 377 ad·

72 410 226 448 ventus
245 396 419 444 Domini
437 395 644 459 pertinet,
666 411 754 439 non
773 397 969 453 secundi,
992 397 1045 442 de
1063 415 1150 460 quo
1173 418 1291 447 nune
1308 419 1449 465 quaes-

6 492 7 498 ¹
70 471 130 517 tio
152 480 228 516 est.
253 471 319 514 De
341 465 532 513 secundo
548 465 715 529 quippe
734 466 925 513 adventu
953 483 1030 513 suo
1049 468 1157 514 dixit
1177 507 1188 525 ,
1215 492 1236 512 «
1263 475 1360 518 Non
1382 483 1446 518 est

4 574 7 581 .
70 562 92 584 »
115 550 301 588 vestrum
328 538 436 583 scire
457 547 655 599 tempora
673 572 685 592 ,
710 557 730 578 »
753 553 841 582 non
864 537 919 583 de
941 537 1101 601 primo.
1132 540 1194 585 De
1225 541 1300 586 illo
1331 544 1445 588 enim

4 651 5 655 ,
71 611 128 658 31)
167 627 216 655 00
253 607 519 672 quaesierunt
557 607 772 670 Discipuli
807 625 938 672 quem
974 609 1210 672 sperabant
1230 648 1243 668 ,
1277 629 1366 657 non
1395 613 1448 658 de

4 718 5 724 ,
69 681 150 728 1510
172 696 303 745 quem
323 681 415 739 jam
433 677 659 725 videbant.
683 678 728 723 Si
754 679 868 724 enim
888 678 1082 742 primum
1102 683 1192 740 ejus
1210 682 1448 730 adventum

3 741 5 797 ἶ
67 753 91 798 J
98 751 213 798 udaei
240 749 571 811 cognovissent,
606 766 830 814 nunquam
865 750 1107 796 Dominum
1128 751 1277 812 gloriae
1300 754 1447 800 cruci-

2 869 3 888 1
67 819 312 875 fixissent²3
340 831 383 866 et
405 819 503 866 ideo
523 837 613 866 non
636 821 787 874 everti,
813 820 887 866 sed
911 838 1165 885 permanere
1185 825 1439 887 potuissent.

67 892 269 939 Jamvero
287 890 408 956 quod
430 891 489 936 ait
509 890 562 936 ad
583 907 653 936 eos
669 929 680 940 .
703 913 721 933 t<
743 892 1051 938 Poenitentiam
1073 894 1183 953 agite
1201 931 1212 950 ,
1231 895 1450 959 completa

1 957 3 1022 J
69 973 208 1009 »511111
228 973 424 1026 tempora
438 999 449 1018 ‚
473 961 635 1007 credite
654 963 890 1023 Evangelio
906 963 942 1019 ³,
967 985 987 1004 »
1012 964 1142 1009 etiam
1160 965 1252 1028 ipse
1268 967 1448 1011 firmasti

0 1060 3 1096 3
68 1033 122 1079 de
144 1034 193 1080 iis
219 1032 492 1096 temporibus
512 1032 682 1078 dictum
701 1050 788 1079 esse
805 1033 1062 1079 Judaeorum
1082 1071 1092 1090 ,
1117 1051 1218 1098 quae
1238 1036 1450 1081 continuo

67 1115 168 1169 post
190 1120 355 1167 paucos
384 1120 520 1148 annos
550 1103 723 1149 fuerant
746 1104 980 1151 transitura
1001 1142 1012 1161 ‚
1039 1115 1081 1151 et
1105 1122 1223 1151 nunc
1249 1107 1449 1154 novimus

0 1169 2 1198 ³
64 1179 153 1235 jam
179 1191 266 1220 esse
291 1183 535 1229 transacta,
565 1190 710 1218 eversa
744 1174 910 1220 scilicet
933 1175 1134 1232 civitate,
1162 1176 1207 1221 in
1238 1193 1326 1240 qua
1352 1194 1451 1237 reg-

0 1262 2 1287 ῗ
69 1262 175 1292 nun]
200 1261 350 1290 eorum
370 1243 511 1289 fuerat
531 1244 835 1291 constitutum.

134 1317 261 1362 XIII.
304 1314 495 1360 Proinde
525 1314 646 1378 quod
685 1332 732 1360 ex
769 1315 949 1360 Daniele
982 1314 1036 1360 de
1068 1315 1295 1361 interfecta
1316 1317 1453 1362 bestia

71 1387 218 1450 posuit
247 1384 552 1432 venerabilitas
588 1395 663 1430 tua
690 1422 701 1441 ,
744 1395 787 1430 et
825 1384 880 1430 de
909 1384 1177 1448 reliquarum
1215 1386 1452 1432 bestiarum

71 1474 202 1517 regno
223 1493 234 1513 ,
262 1466 304 1502 et
326 1455 439 1501 inter
468 1455 566 1501 haee
587 1454 640 1501 de
661 1456 751 1501 filio
770 1455 963 1501 hominis
981 1456 1178 1501 veniente
1195 1473 1295 1502 cum
1318 1458 1456 1503 nubi-

72 1527 154 1573 bus
173 1527 277 1573 00011
294 1564 305 1583 ,
325 1524 602 1572 manifestum
624 1544 711 1572 esse
731 1527 873 1572 dixisti
890 1525 1234 1586 intelligentibus
1253 1529 1456 1591 Scriptu-

73 1614 180 1645 ram.
215 1597 300 1643 Sed
321 1598 354 1642 si
373 1596 578 1656 dignatus
601 1595 732 1642 fueris
760 1613 993 1661 exponere,
1025 1597 1246 1659 quomodo
1262 1599 1341 1643 ista
1360 1616 1458 1662 per-

75 1668 238 1714 tineant
269 1667 323 1713 ad
350 1667 702 1727 cognoscendum
728 1667 936 1731 temporis
967 1667 1156 1730 spatium
1178 1705 1188 1724 ,
1218 1680 1317 1731 post
1339 1668 1459 1732 quod

77 1739 157 1785 erit
185 1738 421 1785 salvatoris
441 1737 652 1784 adventus
668 1775 678 1795 ,
698 1739 758 1784 ita
780 1750 828 1784 ut
851 1738 1132 1784 inveniantur
1154 1739 1244 1783 sine
1264 1739 1351 1784 ulla
1374 1757 1461 1784 3111-

77 1809 288 1870 biguitate
313 1809 568 1866 manifesta3
594 1809 766 1856 fatebor
790 1810 917 1855 etiam
942 1810 1034 1872 ipse
1069 1826 1168 1854 cum
1194 1827 1349 1870 magna
1384 1827 1459 1856 ac·-

79 1881 195 1926 tione
239 1880 508 1940 gratiarum,
544 1880 654 1925 illud
694 1880 815 1943 quod
852 1880 912 1925 ait
944 1879 1176 1926 Dominus.
1219 1901 1239 1921 «
1272 1881 1369 1926 Non
1402 1890 1464 1926 est

81 1972 102 1994 »
126 1961 313 1997 vestrum
339 1951 447 1996 scire
472 1961 667 2014 tempora
687 1987 698 2006 ,
741 1973 760 1992 »
794 1950 1101 1996 tantummodo
1134 1950 1352 2013 Apostolis
1376 1967 1463 1996 esse

80 2021 248 2067 dictum
268 2059 279 2078 ,
306 2039 393 2067 11011
421 2022 602 2085 posteris
626 2037 776 2066 eorum
798 2058 809 2077 ‚
844 2020 922 2084 qui
943 2037 991 2065 ea
1016 2019 1190 2065 fuerant
1219 2022 1454 2080 cognituri.

145 2092 264 2139 XlV.
308 2091 562 2152 Diligendus
589 2108 689 2152 ergo
725 2101 818 2146 est,
852 2101 894 2136 et
925 2090 1218 2153 expectandus
1255 2091 1457 2147 Domini,

87 2164 199 2210 sicut
224 2174 370 2210 sancte
396 2163 587 2209 hortaris
609 2200 620 2220 ,
648 2162 859 2210 adventus
877 2199 890 2220 ,
924 2178 1214 2226 magnamque
1245 2162 1354 2208 dicis
1380 2178 1468 2208 esse

83 2233 400 2281 beatitudinem
440 2233 721 2294 diligentibus
755 2236 846 2293 ejus
892 2232 1162 2290 adventurn,
1199 2243 1242 2279 et
1284 2232 1468 2279 adhibes

87 2307 283 2369 Apostoli
306 2306 626 2363 testimonium,
652 2309 778 2366 cujus
807 2304 940 2352 verba
965 2304 1026 2350 sic
1049 2304 1176 2367 ponis
1206 2321 1217 2349 ς
1245 2326 1267 2346 κ
1291 2306 1356 2350 De
1374 2320 1465 2349 cae-

88 2396 110 2419 »
134 2388 225 2424 tero
263 2378 455 2442 reposita
488 2387 550 2423 est
584 2376 697 2422 mihi
733 2393 894 2422 corona
919 2375 1126 2436 justitiae,
1156 2392 1289 2439 quam
1315 2374 1469 2421 reddet

90 2467 112 2490 >2
133 2448 247 2495 mihi
266 2449 483 2495 Dominus
498 2451 647 2508 Justus
664 2446 797 2508 Judex
825 2446 871 2493 in
895 2445 970 2493 illa
988 2445 1074 2493 die.
1103 2446 1202 2493 Non
1227 2445 1368 2496 solum
1389 2461 1470 2492 au-

140 2557 152 2581 ¹
177 2559 260 2592 Luc.
278 2566 345 2599 xix,
361 2565 416 2595 42,
431 2576 476 2584 -
489 2556 505 2582 2
525 2569 539 2590 1
557 2559 632 2592 Cor.
651 2570 689 2599 11,
711 2558 745 2592 8.
761 2575 805 2583 —
823 2554 838 2582 ³
855 2558 960 2592 Marc.
979 2566 1010 2599 1,
1026 2556 1081 2588 15.
