1769 3235
526 287 739 322 imsTotA
774 291 879 324 can.
1307 297 1323 330 ι
1335 279 1395 340 43

20 451 259 469 mmmssifl
269 453 281 461 ἱ
291 452 1384 475 ιῆἦνὨΜΏΜΜΜὈἏΦἋὟἊἏὮΝἋω-Μωὶ-ΨΊΦΏὮΝἫ

473 577 734 621 EPISTOLA
768 579 877 622 CCII
897 580 927 623 ¹.

23 701 198 743 Dominis
220 715 309 743 vere
327 703 467 742 sanctis
486 712 605 756 atque
627 706 736 744 omni
755 706 958 746 affectione
977 721 1020 746 ac
1041 709 1131 759 jure
1151 709 1402 759 venerandis,

76 763 215 806 Ammo
244 772 283 802 et
311 765 531 804 Amusmo
562 767 775 820 episcopis,
809 769 1067 810 Hmnom-Mus
1093 771 1132 810 in
1150 770 1306 810 Christo
1334 786 1401 812 sa·-

76 823 213 862 lutem.

25 963 324 1021 Hieronymus
355 966 512 1023 Alypio
545 978 585 1008 et
614 967 865 1026 Augustino
894 970 1172 1028 gratulatur,
1210 986 1398 1026 quorum

82 1045 209 1087 opera
233 1032 506 1075 Caelestiana.
525 1035 697 1078 haeresis
724 1038 920 1080 extincta
949 1039 1005 1079 sit
1028 1055 1041 1079 .·
1065 1050 1102 1080 et
1124 1050 1300 1082 eaecusut
1324 1056 1401 1082 cur

82 1100 281 1141 nondum
304 1101 510 1158 refellerit
533 1103 665 1145 libros
688 1105 896 1147 Anniani
924 1106 1174 1163 pelagiani.

91 1239 126 1286 Ι.
151 1239 353 1286 SANCTUS
371 1241 651 1288 Innocentius
669 1243 915 1307 presbyter,
937 1244 1014 1308 qui
1031 1243 1109 1304 huj
1119 1260 1165 1290 us
1185 1244 1395 1291 sermonis

31 1319 90 1355 est
111 1309 316 1372 portitor,
350 1329 463 1358 anno
483 1314 727 1376 praeterito,
754 1313 875 1377 quasi
904 1330 1181 1378 nequaquam
1201 1314 1246 1359 in
1278 1314 1400 1361 Afri-

32 1395 124 1426 cam
148 1398 414 1439 reversurus,
442 1401 535 1430 mea
551 1383 604 1429 ad
624 1384 919 1445 dignationem
934 1395 1118 1430 vestram
1139 1385 1302 1451 scripta
1318 1402 1408 1431 non

33 1453 228 1514 sumpsit.
253 1452 417 1498 Tamen
449 1454 539 1499 Deo
560 1455 717 1515 gratias
737 1457 920 1515 agimus,
947 1454 1067 1519 quod
1100 1455 1158 1500 ita
1178 1455 1339 1511 evenit,
1361 1465 1410 1501 ut

35 1531 226 1569 nostrum
249 1522 484 1582 silentium,
513 1526 662 1571 vestris
685 1525 878 1590 epistolis
893 1525 1133 1572 vinceretis.
1168 1526 1279 1571 Mihi
1295 1526 1410 1571 enim

0 1633 1 1643 ἶ
37 1592 173 1637 omnis
191 1594 359 1640 occasio
380 1596 621 1656 gratissima
641 1607 719 1649 est,
745 1614 824 1660 per
845 1614 978 1661 quam
1003 1596 1148 1642 scribo
1172 1607 1324 1642 vestrae
1340 1613 1412 1642 re-

37 1662 264 1717 verentiae3
291 1675 441 1711 testem
462 1666 669 1713 invocans
688 1669 846 1723 Deum,
865 1667 985 1731 quod
1017 1667 1050 1713 si
1072 1677 1216 1732 posset
1234 1666 1327 1712 fieri
1350 1683 1414 1711 as-

40 1733 222 1796 sumptis
261 1735 337 1782 alis
359 1736 598 1794 columbae,
647 1739 795 1785 vestris
836 1738 1107 1802 amplexibus
1142 1737 1412 1802 implicarer,

41 1819 206 1866 semper
222 1806 397 1868 quidem
422 1825 503 1871 pro
518 1809 671 1854 merito
690 1809 901 1855 virtutum
923 1819 1181 1864 vestrarum,
1208 1807 1279 1853 sed
1297 1824 1416 1853 nunc

42 1875 240 1931 maxime,
265 1877 368 1942 quia
392 1880 753 1942 cooperatoribus
776 1890 818 1925 et
840 1878 1096 1924 auctoribus
1121 1877 1247 1924 vobis
1269 1877 1417 1922 haere-

44 1943 96 1990 sis
115 1945 586 2010 Coelestianajugulata
610 1961 700 1996 est:
729 1966 828 2013 quae
847 1949 906 1994 ita
930 1948 1083 1994 infecit
1104 1947 1237 1994 corda
1260 1947 1419 1992 multo-

45 2030 160 2071 rum,
198 2026 248 2061 ut
285 2033 386 2063 cum
428 2031 652 2083 superatos
681 2019 1004 2084 damnatosque
1029 2035 1114 2065 esse
1148 2035 1190 2063 se
1214 2017 1417 2072 sentiant,

48 2095 190 2132 tamen
230 2104 392 2134 venena
426 2092 636 2137 mentium
664 2108 752 2136 non
790 2090 1011 2146 omittant3
1054 2100 1111 2145 et,
1138 2088 1257 2152 quod
1281 2088 1421 2134 solum

49 2168 246 2220 possunt,
274 2176 350 2205 nos
369 2160 557 2216 oderint,
592 2180 669 2225 pcr
684 2179 792 2225 quos
817 2171 975 2225 putant
1012 2177 1053 2205 se
1087 2160 1332 2205 libertatem
1346 2157 1422 2202 do-

51 2227 199 2274 cendae
222 2229 434 2276 haereseos
455 2232 708 2294 perdidisse.
738 2256 756 2274 υ

118 2299 176 2345 ll.
207 2300 376 2357 «Quod
399 2313 539 2348 autem
570 2304 764 2367 quaeritis
784 2314 931 2348 utrum
952 2300 1246 2364 rescirpserim
1273 2310 1425 2345 contra

53 2367 186 2415 libros
204 2371 390 2417 Anniani
407 2373 447 2435 (1
468 2374 525 2436 1),
542 2373 887 2437 pseudodiaconi
908 2371 1167 2428 Celedmsis,
1186 2371 1261 2434 qui
1279 2370 1430 2433 copIO-

56 2439 213 2487 sissime
227 2443 441 2505 pascitur,
465 2456 513 2491 ut
533 2445 682 2491 alienae
700 2445 990 2509 blasphemiae
1007 2444 1141 2491 verba
1152 2442 1308 2489 frivola
1329 2443 1431 2487 sub—

106 2552 116 2575 ¹
150 2553 236 2586 Alias
262 2565 352 2591 xxxv,
385 2566 456 2600 quae
495 2562 602 2590 autem
634 2568 699 2590 202
726 2563 816 2598 erat,
848 2567 934 2589 nunc
972 2567 1030 2597 91.
1066 2573 1110 2580 —
1145 2554 1268 2598 Scripta
1299 2559 1436 2588 exeunte

61 2618 111 2642 an.
139 2614 219 2654 419.
