1769 3235
387 321 789 353 RETnAc'rATmNEu
827 325 914 353 Lis.
959 326 1007 354 ιι.
1311 311 1402 356 523

32 399 207 434 ventum
234 399 296 432 est
317 425 326 442 ‚
352 386 427 450 qui
448 387 608 431 recenti
640 390 845 433 memoria
879 400 977 451 post
1002 390 1288 434 ascensionem
1317 390 1409 434 Do-

31 458 138 504 mini
163 457 216 503 de
247 458 329 502 hac
358 474 403 502 re
429 456 708 520 scripserunt.
746 457 854 502 Nam
884 459 1011 503 etiam
1041 475 1196 503 nomen
1218 459 1407 518 ejusdem

11 527 222 573 'mulieris
245 566 254 581 ‚
283 544 383 591 quae
421 527 591 591 peperit
628 527 767 572 Jacob
802 539 970 590 patrem
995 529 1158 591 Joseph
1186 528 1238 574 de
1266 530 1408 592 priore

30 598 187 643 marito
226 599 405 643 Nathan
433 636 442 651 ‚
481 599 554 661 qui
584 597 667 643 fuit
700 608 823 661 pater
861 598 1001 644 Jacob
1023 636 1033 654 ,
1066 615 1170 644 avus
1207 600 1368 662 Joseph
1396 637 1405 654 ‚

32 668 274 714 secundum
311 669 607 721 Matthaeum3
643 680 682 714 ct
719 668 772 713 de
803 670 959 714 marito
990 670 1223 732 posteriore
1248 670 1411 715 Melchi

31 740 201 803 peperit
236 738 366 794 Heli,
395 744 519 800 cujus
554 751 644 785 erat
673 739 904 802 adoptivus
928 740 1120 802 Joseph‚
1156 757 1241 784 non
1279 742 1412 786 tacuit

33 809 276 856 Africanus.
303 809 436 866 Quod
459 810 634 874 quidem
656 827 756 856 cum
779 811 934 856 Fausto
960 809 1280 873 responderem,
1304 828 1410 855 non-

33 879 140 926 dum
159 879 374 940 legeram3
405 880 478 926 sed
502 892 646 926 tamen
676 898 753 945 per
781 880 1058 944 adoptionem
1080 881 1271 944 potuisse
1301 897 1410 926 con-

33 950 215 1010 tingere,
240 962 287 997 ut
309 967 419 998 unus
437 951 571 998 homo
587 951 696 998 duos
716 951 898 998 haberet
922 961 1081 1016 patres,
1104 950 1307 997 dubitare
1323 967 1410 996 non

32 1030 246 1084 poteram.

99 1090 182 1137 III.
211 1092 262 1137 In
297 1090 558 1138 duodecimo
583 1104 625 1138 et
659 1092 986 1138 tertio-decimo
1014 1092 1067 1138 de
1101 1091 1191 1137 filio
1226 1091 1320 1138 Noe
1344 1109 1413 1137 se-

35 1161 182 1207 cundo
220 1164 296 1226 qui
327 1174 390 1209 est
422 1163 668 1228 appellatus
701 1163 843 1210 Cham
864 1200 874 1220 ,
910 1163 970 1209 ita
1010 1163 1281 1227 disputatum
1317 1174 1408 1219 est,

36 1240 241 1299 tanquafn
267 1252 353 1280 non
379 1235 423 1280 in
445 1234 535 1280 filio
561 1252 638 1281 suo
671 1236 881 1281 (thannan
902 1272 913 1291 ,
934 1237 1046 1281 sicut
1074 1235 1303 1298 Scriptura
1333 1234 1413 1280 de-

36 1305 273 1361 monstrat,
317 1304 390 1351 sed
425 1305 469 1352 in
500 1323 541 1351 se
573 1307 668 1370 ipso
698 1306 828 1353 fuerit
857 1324 879 1351 a
905 1316 1030 1370 patre
1061 1305 1334 1352 maledictus.
1364 1305 1417 1350 In

35 1375 385 1442 quarto-decimo
403 1376 456 1422 de
482 1376 568 1422 sole
591 1388 632 1423 et
655 1377 758 1423 luna
779 1377 881 1443 talia
905 1375 1021 1422 dicta
1045 1387 1146 1422 sunt
1168 1413 1178 1432 ‚
1206 1385 1414 1439 tanquam

37 1447 240 1512 sentiant,
261 1457 301 1493 et
325 1448 420 1494 ideo
439 1448 620 1494 tolerent
640 1466 772 1494 vanos
794 1446 1043 1494 adoratores
1062 1463 1159 1492 suos
1184 1464 1195 1491 z
1215 1445 1415 1510 quamvis

36 1516 171 1563 verba
190 1516 255 1563 ibi
281 1518 422 1583 accipi
445 1518 611 1582 possint
638 1519 692 1564 ab
722 1517 897 1564 animali
924 1515 978 1562 ad
1009 1516 1243 1562 inanimale
1274 1527 1417 1562 trans-

41 1587 124 1633 ia'ta
145 1624 155 1643 ‚
192 1587 325 1634 modo
357 1588 592 1634 locutionis
625 1588 702 1652 qui
737 1598 922 1634 vocatur
954 1603 1094 1648 graece
1122 1586 1382 1650 metaphora
1403 1622 1414 1641 ‚

39 1658 151 1704 sieut
167 1654 220 1704 d'e
245 1659 352 1705 ‘rnari
373 1660 584 1723 scriptum·
608 1670 699 1713 est,
725 1680 744 1700 κ
770 1657 903 1716 Quod
931 1657 1087 1706 fremat
1105 1657 1151 1702 in
1176 1666 1298 1702 utero
1320 1671 1418 1701 ma-

41 1732 65 1770 »'
81 1728 156 1774 tris
193 1745 281 1776 suae
308 1729 454 1776 ‘volens
476 1728 715 1794 progredi1
741 1767 752 1785 ,
772 1750 792 1771 ›>
828 1736 929 1775 cum
961 1728 1113 1790 utique
1145 1743 1233 1772 non
1255 1725 1422 1772 habeat

42 1798 327 1846 voluntatem.
344 1802 395 1846 In
414 1799 771 1846 unde-tricesimo
795 1820 806 1854 3
843 1799 988 1844 Absit
1012 1836 1021 1853 ‚
1051 1798 1231 1860 inquam
1247 1833 1257 1852 ‚
1287 1807 1338 1841 ut
1362 1800 1423 1841 sit

44 1877 93 1918 in
113 1875 334 1919 membris
358 1884 629 1919 scenolorum
655 1877 800 1918 eclam
821 1872 1115 1935 genitalibus
1134 1871 1302 1934 aliqua
1327 1881 1422 1914 [αι’-

37 1945 226 2007 pz'taclo.
260 1946 500 1990 Dicuntur·
530 1944 722 2007 quidem
761 1944 1015 1988 inhonesta
1033 1979 1044 1997 ,
1071 1946 1185 2004 quia
1212 1957 1308 1986 non
1333 1941 1424 1985 lm-

46 2016 158 2061 bent
187 2033 291 2061 eam
317 2019 523 2079 speciem
563 2016 742 2060 decoris
765 2051 775 2071 ‚
802 2032 951 2079 quam
976 2013 1190 2058 membra
1228 2029 1335 2076 quc&
1377 2016 1425 2056 in

39 2099 263 2150 prompta
300 2087 457 2132 locata
477 2098 623 2132 sunt:
663 2085 735 2131 sed
760 2083 1037 2149 probabilior
1071 2083 1115 2128 in
1153 2082 1245 2127 aliis
1277 2092 1425 2145 postea

45 2156 220 2220 scriptis
256 2158 414 2203 nostris
439 2157 608 2203 reddita
643 2157 754 2203 ratio
795 2167 886 2212 est,
922 2172 1001 2201 cur
1036 2172 1082 2200 ea
1109 2153 1263 2199 dixerit
1296 2153 1426 2198 etiam

49 2227 280 2291 Apostolus
298 2228 527 2273 inhonesta
546 2264 556 2283 ‚
584 2238 763 2291 propter
781 2227 916 2287 legem
955 2224 1119 2271 scilicet
1149 2224 1196 2269 in
1220 2222 1432 2268 membris

48 2304 361 2361 repugnantem
382 2299 463 2359 legi
484 2299 638 2344 mentis
656 2336 665 2354 ,
688 2312 787 2362 quae
808 2298 861 2344 de
885 2302 1068 2360 peceato
1090 2293 1249 2340 accidit
1266 2296 1284 2322 ²
1309 2330 1319 2349 ‚
1342 2310 1430 2338 non

49 2369 102 2415 de
123 2371 264 2434 'Prima
292 2378 455 2416 nostrae
488 2370 761 2416 institutione
783 2380 968 2415 naturae.
1009 2367 1107 2412 Hoc
1131 2366 1262 2429 Opus
1290 2365 1351 2410 sic
1369 2363 1436 2409 in-

51 2441 160 2505 cipit
183 2459 195 2486 :
222 2444 424 2487 Faustus
444 2443 647 2505 quidam
670 2443 785 2498 fuit.

101 2530 199 2574 ¹job.
216 2538 351 2579 xxxrm,
372 2543 403 2585 8,
422 2538 509 2585 ju'xta
524 2553 600 2575 Lxx.
622 2560 665 2566 -
682 2541 697 2563 ²
717 2554 728 2573 1
754 2544 830 2574 Cor.
851 2552 913 2578 xit,
933 2533 990 2576 33.
1009 2527 1151 2574 e‘tfloffi.
1174 2534 1238 2578 ’ξ’ἰι,
1263 2524 1318 2569 33.
