1769 3235
460 296 674 327 EPtSTOLA
711 296 961 329 ccxxxviii.
1305 283 1398 346 339

27 379 128 427 quae
155 366 213 409 ita
247 362 484 418 dicuntur,
524 361 648 427 quasi
684 362 913 408 ostendant
949 364 1131 410 alterum
1161 364 1295 414 altero
1313 382 1400 411 esse

27 450 249 494 majorem.

94 505 238 550 XXII.
270 505 379 549 Nam
409 502 611 567 quaedam
635 503 762 549 etiam
784 503 844 548 sic
866 504 1092 560 dicuntur,
1132 516 1179 551 ut
1203 506 1400 552 homini-

28 576 110 622 bus
126 592 280 638 parum
301 574 641 634 intelligentibus
664 585 706 620 et
739 574 829 637 ipse
855 574 986 620 Filius
1020 580 1158 635 maJ'or
1178 578 1306 623 Patre
1332 577 1402 622 vi-

28 645 195 691 deatur.
230 646 338 702 Quis
364 645 478 690 enim
504 662 603 690 cum
629 644 761 690 fuerit
780 645 1082 704 iuterrogatus,
1108 646 1217 709 quid
1236 647 1289 692 sit
1307 664 1404 692 ma—

23 721 114 778 jus,
156 733 304 762 verum
338 733 389 760 an
412 716 583 770 veritas,
609 733 697 761 non
720 716 868 779 potius
892 715 1152 778 respondeat
1182 718 1406 763 veritatem

29 803 114 832 esse
137 790 371 846 majorem?
401 787 468 832 Ab
493 786 567 831 illa
605 786 718 831 enim
747 803 845 831 vera
867 796 967 830 suut
999 803 1291 850 quaecumque
1309 804 1408 834 vera

29 867 143 903 sunt.
177 858 274 902 Non
310 867 449 902 autem
477 857 536 901 ita
560 868 621 902 est
655 858 697 902 in
726 857 825 903 Deo.
859 858 967 902 Nam
1005 857 1159 902 Filium
1201 861 1410 918 majorem

32 929 158 974 Patre
197 928 368 991 utrique
388 945 474 973 non
495 928 680 974 dicimus
715 939 921 974 ettamen
968 927 1098 974 Filius
1129 928 1292 974 dicitur
1325 945 1411 974 esse

30 999 216 1045 veritas:
247 1021 265 1040 α
282 1001 371 1058 Ego
387 1015 499 1048 suin,
526 999 687 1061 inquit,
714 999 799 1053 via,
823 1010 863 1043 et
889 999 1043 1044 veritas
1083 999 1278 1046 etvita1.
1307 1021 1327 1041 »
1349 1000 1413 1044 De

31 1073 161 1116 Patre
187 1081 331 1116 autem
372 1069 674 1116 tantummodo
713 1087 786 1114 vos
811 1069 941 1115 vultis
961 1070 1144 1130 intelligi
1174 1070 1292 1133 quod
1323 1071 1408 1116 ait:

33 1165 53 1185 »
78 1145 136 1188 Ut
160 1153 424 1202 cognoscant
451 1153 639 1186 teunum
662 1158 811 1185 verum
839 1142 995 1195 Deum,
1037 1152 1078 1186 et
1105 1158 1234 1204 quem
1261 1141 1412 1186 misisti

33 1236 54 1256 »
83 1217 228 1259 Jesuiu
246 1212 470 1257 Christum
491 1211 508 1239 2
529 1230 540 1263 ;
558 1232 577 1251 ›>
598 1210 674 1255 ubi
696 1227 772 1255 nos
796 1210 1102 1266 subaudimus,
1126 1211 1255 1256 etiam
1272 1215 1416 1257 Jesum

35 1284 260 1330 Christum
276 1300 427 1329 verum
448 1283 606 1336 Deum,
639 1280 799 1326 uthaec
815 1281 869 1326 sit
888 1281 1097 1326 sententia
1120 1298 1131 1326 ε
1153 1282 1214 1336 Te
1228 1293 1268 1327 et
1285 1299 1418 1345 quem

34 1355 188 1402 misisti
210 1358 354 1400 Jesum
375 1352 600 1399 Christum
624 1361 888 1411 cognoscant
914 1368 1050 1396 unum
1075 1369 1226 1398 verum
1252 1354 1416 1408 Deum3

33 1444 87 1473 ne
115 1426 185 1472 illa
205 1435 498 1488 consequatur
535 1424 780 1469 absurditas
800 1461 810 1478 ,
848 1434 895 1468 ut
920 1423 953 1468 si
986 1433 1219 1486 propterea
1255 1441 1343 1470 non
1360 1436 1422 1469 est

35 1513 161 1543 verus
188 1499 303 1542 Deus
329 1496 451 1541 Jesus
471 1494 689 1547 Christus,
718 1494 820 1557 quia
857 1493 1026 1539 dictum
1049 1505 1112 1539 est
1136 1495 1254 1540 Patri
1278 1513 1288 1539 ε
1322 1516 1342 1537 «
1361 1496 1422 1540 Te

35 1590 57 1611 ³)
81 1584 217 1614 unum
237 1583 386 1613 verum
403 1568 540 1611 Deum
557 1585 568 1618 ;
587 1576 849 1629 »propterea
868 1582 956 1611 non
979 1565 1034 1610 sit
1050 1566 1267 1611 Dominus
1279 1567 1420 1623 Pater,

34 1639 138 1702 quia
159 1638 326 1684 dictum
348 1647 410 1683 est
436 1636 490 1682 de
513 1636 692 1682 Christo
713 1654 722 1681 :
748 1637 905 1681 «Unus
933 1635 1160 1682 Dominus.
1190 1658 1209 1677 n
1233 1636 1422 1683 Verum-

36 1721 179 1756 tamen
197 1709 435 1756 secundum
456 1725 644 1772 pravum
660 1707 948 1760 intellectum,
970 1707 1037 1752 vel
1058 1707 1204 1770 potius
1218 1724 1422 1760 errorem,

36 1786 176 1841 major
197 1792 259 1827 est
298 1781 415 1825 Deus
453 1779 609 1826 veritas
641 1795 773 1842 quam
796 1779 913 1823 Deus
935 1793 1090 1830 verus;
1114 1777 1217 1840 quia
1250 1794 1376 1823 verus
1396 1795 1418 1823 a

37 1852 216 1898 veritate
232 1862 307 1898 est.
336 1852 478 1911 Major
496 1867 597 1910 ergo
615 1850 744 1895 Patre
764 1848 913 1902 Filius,
939 1848 1040 1911 quia
1063 1848 1140 1893 iste
1164 1858 1226 1893 est
1240 1850 1414 1904 veritas,

38 1923 109 1972 ille
128 1940 266 1969 verus.
301 1927 426 1967 Hanc
455 1921 778 1985 perversitatem
806 1920 931 1982 pellit.
952 1936 999 1964 ex
1020 1919 1182 1974 animo,
1205 1919 1280 1983 qui
1301 1919 1421 1965 didi-

40 1994 147 2039 cerit
171 1996 342 2039 Patrem
370 2010 520 2038 verum
545 1994 685 2038 Deum
719 2008 804 2037 esse
829 1989 1045 2050 gignendo
1070 1990 1311 2045 veritatem,
1333 2007 1421 2035 non

39 2063 363 2127 participando,
399 2065 494 2108 Non
522 2074 582 2108 est
600 2072 744 2108 autem
767 2061 849 2107 alia
873 2061 1116 2106 substantia
1136 2061 1225 2106 veri
1245 2061 1421 2121 gignen-

43 2135 111 2185 tis,
137 2145 177 2179 ct
197 2135 280 2180 alia
305 2135 461 2193 genitae
478 2135 682 2179 veritatis,

105 2206 273 2252 XXIII.
315 2204 400 2251 Sed
425 2222 526 2250 cum
553 2204 607 2251 ad
633 2205 729 2250 haec
765 2201 1107 2265 contemplanda
1131 2202 1332 2248 infirmus
1367 2203 1422 2248 sit

42 2277 194 2323 oculus
215 2275 358 2322 cordis
380 2276 580 2329 humani,
624 2274 792 2321 accedit
816 2283 863 2319 ut
902 2273 956 2318 de
979 2272 1254 2318 contentione
1287 2273 1416 2318 etiam

43 2348 324 2394 turbulentus
345 2348 412 2393 sit.
446 2348 498 2392 Et
522 2346 700 2410 quando
726 2345 804 2390 ista
831 2344 1101 2407 conspiciet?
1122 2343 1238 2389 Dicit
1264 2343 1417 2408 Scrip-

45 2429 160 2474 tura,
183 2419 340 2464 Filium
357 2418 435 2463 Dei
454 2418 691 2463 Dominum
712 2427 755 2462 et
769 2415 1036 2461 salvatorem
1052 2424 1250 2460 nostrum
1270 2415 1417 2460 Jesum

45 2489 290 2542 Christum,
313 2489 508 2534 Verbum
531 2488 609 2533 Dei
622 2504 723 2539 esse‚
753 2497 794 2532 et
818 2486 1060 2540 veritatem,
1081 2485 1416 2548 etsapientiam3

46 2570 88 2606 et
111 2559 310 2605 homines
331 2575 429 2605 eum
449 2570 545 2604 ante
571 2558 934 2612 incarnationem,
957 2572 1090 2620 quam
1109 2554 1163 2601 de
1181 2555 1318 2601 Maria
1336 2557 1423 2601 vir-

95 2643 307 2679 ¹Joan.x1v,
325 2644 357 2673 6.
371 2659 418 2666 —
435 2639 450 2662 ²
468 2641 516 2674 Id.
536 2652 621 2678 xvu,
637 2643 669 2673 3.

1212 2707 1287 2740 22.
