1769 3235
531 321 745 351 EPISTOLA
783 322 928 351 ccxu.
1338 305 1428 367 347

47 402 144 435 cum
161 404 262 434 cum
288 386 563 450 coepiscopis
594 385 678 431 tuis
705 403 818 448 puro
845 404 892 432 ac
912 387 1100 450 pacifico
1126 387 1271 433 animo
1289 397 1330 431 et
1347 386 1436 449 spi-

46 459 151 514 ritu,
178 469 220 503 et
245 455 460 503 conferres
477 456 530 501 de
557 456 607 501 iis
629 493 639 508 ‚
662 472 763 518 quae
789 467 889 501 sunt
919 457 1024 511 Dei,
1053 468 1094 502 et
1123 474 1223 520 quae
1253 457 1306 503 ad
1335 456 1432 517 glo*-

47 530 151 575 riam
177 540 217 573 et
235 527 416 588 gratiam
437 526 673 590 spiritalem
693 527 927 589 pertinent.
956 527 1082 573 Unde
1100 526 1208 591 quid
1241 545 1353 591 opus
1372 539 1434 572 est

47 599 234 645 scribere
253 608 295 643 et
311 597 545 643 rescribere
567 595 687 660 quod
709 613 786 641 nos
804 613 892 641 non
916 597 1140 643 aedificat?
1167 620 1186 639 >2

62 774 181 788 Μννι
190 775 244 786 §.n
251 775 368 785 xmmwz
376 775 430 785 ιιι
437 775 493 785 ηις
500 774 555 784 ιιι
563 774 616 784 :uz
624 774 668 784 ‚2³
679 774 730 784 §.tm
738 774 794 783 ιιι
806 775 856 785 μιν
862 775 919 784 ειη
926 774 1104 785 mss-xnus*-
1110 775 1169 786 ms
1176 774 1224 785 m·
1234 772 1415 784 wvsxttmss

489 886 753 930 EPISTOLA
786 886 954 929 CCXLI
969 886 1000 930 ¹.

54 1010 330 1067 Augustinus
361 1009 503 1050 Deum
535 1024 677 1050 unum
704 1008 954 1066 profitetur,
993 1008 1243 1065 triformem
1265 1019 1395 1064 negat
1414 1041 1425 1058 ,

110 1075 371 1134 conflictum
406 1091 495 1118 non
535 1077 779 1125 detrectat,
824 1079 863 1119 si
904 1076 1188 1133 excipiuntur
1233 1091 1329 1131 quae
1366 1077 1434 1117 (ίὶ-

111 1155 285 1187 etmtur.

118 1292 154 1339 Ι.
184 1292 390 1338 Lunum:
410 1301 495 1336 tuae
519 1308 598 1336 nec
623 1290 678 1335 ad
700 1290 929 1337 reddunda
950 1290 1148 1336 convicia
1176 1306 1244 1334 me
1265 1304 1432 1352 provo-

56 1381 180 1417 care,
221 1380 300 1409 nee
325 1381 347 1408 a
381 1361 614 1407 reddendis
652 1362 808 1408 litteris
842 1380 1045 1409 revocare
1072 1370 1324 1425 potuerunt.
1373 1360 1435 1405 Ea

55 1435 222 1499 quippe
251 1451 350 1497 quae
378 1434 586 1497 scripsisti
622 1445 843 1479 moverent
864 1451 932 1479 me
950 1471 961 1490 ‚
987 1433 1021 1479 si
1054 1451 1077 1478 a
1101 1431 1280 1477 veritate
1313 1430 1395 1475 Dei
1418 1467 1429 1486 ‚

56 1523 141 1552 non
173 1523 196 1550 a
227 1515 439 1569 potestate
462 1505 652 1550 hominis
686 1504 948 1551 dicerentur.
985 1527 1004 1545 (ι
1028 1503 1181 1549 Dixisti
1202 1501 1433 1548 consilium

57 1593 203 1622 meum
227 1576 428 1621 arborem
466 1592 646 1620 curvam
682 1586 725 1620 et
749 1574 957 1621 nodosam
981 1613 992 1631 ,
1031 1592 1131 1638 quae
1166 1572 1283 1618 nihil
1317 1571 1360 1617 in
1395 1588 1437 1616 se

60 1658 225 1693 rectum
260 1646 396 1691 habet
424 1683 433 1699 ,
468 1656 509 1691 et
543 1646 677 1691 aciem
699 1647 911 1709 pervertit
932 1645 1176 1691 oculorum.
1205 1666 1225 1686 n
1249 1642 1369 1700 Quid
1390 1643 1437 1688 in

60 1737 128 1765 me
152 1719 339 1773 diceres,
362 1718 394 1763 si
417 1736 438 1762 a
465 1717 628 1780 placito
648 1755 658 1773 ‚
687 1718 934 1781 quodinter
964 1735 1041 1763 nos
1072 1717 1184 1762 male
1220 1725 1436 1760 statuera-

60 1807 156 1836 mus
178 1827 188 1845 ‚
225 1806 325 1849 ergo
356 1789 615 1834 recessissem
641 1825 652 1844 ‚
683 1800 724 1834 et
762 1790 806 1834 in
840 1807 884 1834 re
913 1788 1148 1842 facillima,
1184 1803 1285 1850 quae
1326 1795 1441 1830 reete

62 1861 314 1924 placuerat,
353 1877 532 1905 curvam
558 1858 885 1919 refragationem
917 1870 958 1904 et
998 1858 1137 1904 nodos
1173 1855 1443 1902 difficultatis

62 1932 330 1995 posuissem)
363 1932 514 1993 {Neque
543 1931 658 1975 enim
689 1947 802 1993 aqua
823 1947 999 1976 coenosa
1021 1928 1333 1988 ingurgitatum
1373 1942 1442 1970 me

57 2003 279 2064 Judicares
297 2039 307 2054 ‚
332 2001 402 2047 sed
419 2001 615 2064 persidiae
631 2039 640 2056 ‚
666 2001 786 2065 quod
812 2001 948 2048 multo
967 2005 1092 2064 pejus
1115 2011 1202 2053 est,
1232 1997 1441 2043 ebrietate

63 2074 334 2120 submersum
351 2110 361 2127 ‚
385 2073 418 2118 si
437 2090 524 2118 non
546 2072 642 2118 talis
666 2083 766 2136 post
785 2073 1020 2135 prandium
1047 2070 1282 2125 rediissem,
1303 2067 1444 2131 qualis

66 2155 162 2190 ante
186 2143 419 2207 prandium
445 2143 721 2190 recessissem.
762 2143 843 2189 Sed
876 2160 974 2188 ecce
1000 2140 1214 2204 numquid
1243 2156 1332 2184 non
1352 2155 1443 2184 res—

65 2215 250 2278 cripsisti
269 2213 388 2277 quod
410 2213 580 2260 voluisti
596 2251 606 2269 ‚
634 2225 675 2259 et
699 2214 864 2259 nullam
889 2213 1151 2258 calumniam
1175 2207 1435 2256 formidasti.

68 2287 139 2331 Sic
158 2303 257 2346 ergo
274 2296 397 2349 potes
415 2296 456 2330 et
476 2296 631 2330 caetera
651 2322 661 2339 ‚
684 2296 733 2330 ut
753 2286 805 2330 sit
824 2284 942 2348 quod
961 2283 1026 2329 vel
1053 2300 1128 2328 nos
1148 2282 1230 2345 ipsi
1249 2318 1260 2336 ,
1289 2278 1356 2325 vel
1375 2278 1447 2324 alii

67 2357 234 2420 possint
259 2356 530 2402 considerare
553 2367 594 2401 et
612 2357 826 2416 judicare.
853 2355 983 2412 Quod
1012 2354 1126 2399 enim
1153 2352 1261 2398 dicis
1291 2348 1443 2396 trifor-

69 2445 179 2472 mem
206 2428 283 2473 Dei
312 2445 538 2491 personam
558 2445 625 2472 me
643 2428 841 2482 credere,
867 2427 901 2472 si
919 2427 1056 2486 legere
1079 2425 1283 2484 dignatus
1300 2420 1448 2467 fuisses

68 2499 188 2563 quod
221 2498 339 2545 aliud
378 2498 598 2562 aliquanto
639 2499 849 2563 prolixius
888 2497 983 2543 misi
1005 2535 1015 2553 ‚
1041 2507 1084 2543 et
1109 2495 1165 2542 ad
1192 2512 1239 2540 ea
1256 2509 1357 2557 quae
1385 2491 1449 2538 ibi

70 2570 233 2634 scripta
256 2581 356 2616 sunt
379 2569 638 2634 respondere
660 2570 866 2616 voluisses
884 2605 896 2626 ,
922 2569 1011 2615 hoe
1033 2567 1210 2615 fortasse
1228 2581 1316 2611 non
1333 2562 1450 2610 dice-

119 2662 130 2683 1
147 2659 235 2694 Alias
247 2674 389 2695 cmxvii.
405 2674 475 2706 qnae
493 2669 598 2695 autem
620 2669 681 2700 241
705 2668 786 2702 erat,
801 2671 888 2694 nuuc
901 2662 959 2694 62.
