1769 3235
346 258 404 305 32
767 273 801 302 s.
847 270 1089 303 auersum
1126 270 1330 303 Eriscori

347 336 543 383 venerint
561 372 570 391 ,
604 335 728 381 vobis
745 336 991 382 curavimus
1012 337 1124 383 mitti
1145 336 1199 382 ab
1219 337 1277 381 eis
1299 334 1527 391 fratribus,
1557 334 1717 397 quibus

344 417 386 451 et
408 406 487 451 has
514 406 698 462 litteras,
726 417 775 452 ut
808 417 895 452 tuae
926 407 1191 453 venerationi
1215 406 1472 465 dirigerent,
1495 405 1708 452 dedimus.

345 477 403 521 Hi
429 487 571 521 autem
591 493 679 521 non
713 476 809 522 ideo
848 488 948 523 sunt
982 478 1205 533 haeretici,
1232 476 1336 540 quia
1371 475 1525 521 dicunt
1550 475 1715 521 animas

343 546 551 605 originem
576 546 629 591 de
651 546 724 592 illa
751 547 889 609 prima
909 548 1154 611 peccatrice
1178 563 1265 592 non
1295 545 1476 601 ducere,
1505 544 1624 607 quod
1645 544 1714 591 vel

345 615 491 680 aliqua
507 616 685 662 fortasse
701 617 864 663 ratione
887 635 986 664 vera
1007 618 1094 664 dici
1117 627 1260 681 potest
1278 652 1290 673 ,
1313 615 1379 661 vel
1396 615 1484 661 sine
1502 614 1604 660 fidei
1615 615 1715 661 labe

342 686 496 741 nesciri
524 704 534 731 ε
563 687 635 732 sed
659 688 765 733 hinc
797 700 1012 735 conantur
1038 689 1202 734 efficere
1223 686 1363 749 (unde
1385 685 1562 731 omnino
1583 702 1714 748 aper·-

346 757 495 802 tissimi
528 757 726 805 haeretici
752 758 1036 822 judicantur)
1075 760 1236 804 animas
1276 756 1559 820 parvulorum
1600 755 1714 802 nihil

340 827 443 873 mali
464 844 511 873 ex
543 828 683 875 Adam
717 830 888 876 trahere
908 868 918 886 ‚
949 829 1068 893 quod
1101 829 1155 874 sit
1178 829 1352 874 lavacro
1384 825 1715 886 regenerationis

340 897 619 961 expiandum.
662 900 774 945 Nam
802 900 966 959 Pelagii
989 900 1042 945 de
1074 900 1159 945 hac
1184 916 1228 944 re
1249 896 1585 958 argumentatio,
1613 912 1714 959 quae

340 969 452 1014 inter
476 968 557 1014 alia
581 971 674 1031 ejus
694 969 963 1016 damnabilia
981 971 1109 1015 etiam
1137 969 1288 1015 litteris
1315 967 1566 1030 apostolicae
1591 966 1714 1013 Sedis

344 1037 549 1098 adJ'uncta
565 1050 648 1093 est,
672 1041 730 1085 ita
746 1057 786 1085 se
804 1041 942 1085 habet
962 1057 973 1085 ι
1000 1061 1019 1080 α
1043 1039 1088 1085 Si
1104 1040 1270 1096 anima,
1286 1037 1449 1101 inquit,
1473 1055 1520 1083 ex
1535 1037 1713 1084 traduce
1768 1072 1769 1082 ,

341 1125 429 1153 non
451 1120 538 1162 est,
576 1108 649 1154 sed
673 1109 761 1155 sola
788 1127 888 1155 caro
914 1120 1080 1156 tantum
1103 1109 1238 1155 habet
1267 1108 1488 1155 traducem
1515 1109 1707 1172 peccati3
1767 1111 1769 1145 ἶ

336 1177 426 1223 sola
448 1196 547 1239 ergo
577 1197 756 1242 poenam
781 1191 982 1227 meretur.
1014 1181 1233 1239 Injustum
1256 1190 1318 1225 est
1349 1179 1487 1235 enim,
1512 1189 1562 1225 ut
1579 1178 1712 1225 hodie
1765 1186 1769 1239 ξ

339 1257 441 1293 nata
475 1251 617 1294 anima
635 1286 646 1304 ,
676 1266 764 1294 non
787 1267 832 1295 ex
859 1267 994 1296 massa
1021 1249 1156 1306 Adae,
1185 1260 1272 1295 tam
1293 1250 1523 1313 antiquum
1550 1266 1712 1313 pecca-
1764 1264 1768 1307 ξ

339 1328 433 1363 tum
466 1330 610 1382 portet
642 1320 830 1366 alienum
862 1339 871 1365 ε
907 1321 1010 1384 quia
1032 1320 1150 1366 nulla
1175 1321 1340 1366 ratione
1365 1319 1638 1377 conceditur,
1664 1331 1712 1367 ut
1762 1331 1767 1364 ἐ

339 1390 454 1435 Deus
477 1391 553 1453 qui
577 1391 755 1453 propria
777 1402 957 1454 peccata
983 1391 1165 1437 dimittit
1182 1428 1192 1448 ‚
1225 1407 1361 1437 unum
1385 1391 1573 1454 imputet
1602 1391 1711 1438 alie-

339 1475 460 1506 nunl.
489 1480 509 1501 ›)

402 1530 570 1576 XXIII.
604 1530 650 1575 Si
674 1548 773 1591 ergo
796 1531 853 1577 ita
883 1542 1004 1595 potes
1031 1533 1276 1578 animarum
1306 1548 1485 1578 asserere
1509 1530 1598 1577 sine
1621 1530 1711 1577 ulla

334 1600 575 1663 propagine
595 1602 858 1659 novitatem,
880 1613 928 1648 ut
947 1604 1111 1649 ratione
1130 1607 1248 1663 justa
1269 1613 1312 1648 et
1335 1620 1357 1648 a
1383 1601 1468 1648 fide
1492 1601 1709 1649 catholica
1767 1631 1769 1669 ᾗ

1762 1376 1767 1395 5

1761 1408 1764 1439 1

1759 1457 1764 1537 1

1757 1543 1762 1598 1

1757 1604 1761 1653 l

335 1686 423 1715 non
438 1669 571 1716 aliena
590 1707 600 1728 ,
622 1672 751 1717 etiam
771 1673 832 1718 sic
858 1685 1038 1736 peccato
1056 1675 1188 1737 primi
1209 1673 1398 1719 hominis
1425 1672 1710 1720 ostendantur
1756 1656 1769 1718 lt

338 1740 536 1786 obnoxiae
553 1777 564 1797 ,
596 1759 730 1788 assere
751 1743 869 1806 quod
893 1745 1022 1790 sentis
1044 1755 1091 1790 ut
1113 1755 1249 1808 potes,
1286 1743 1332 1789 Si
1361 1754 1504 1790 autem
1534 1760 1623 1789 non
1642 1761 1709 1790 eas
1752 1725 1759 1879 11

1751 1903 1756 1939 1

1750 1956 1755 1992 1

1748 2027 1754 2063 1

1747 2103 1752 2120 V

335 1809 458 1856 aliter
490 1822 613 1874 potes
640 1830 660 1857 a
683 1815 997 1877 propagatione
1021 1813 1161 1861 facere
1188 1814 1343 1860 alienas
1360 1850 1370 1869 ‚
1398 1814 1482 1859 nisi
1508 1825 1556 1860 ut
1579 1813 1709 1860 simul

336 1879 466 1926 facias
493 1882 547 1927 ab
572 1883 690 1928 omni
710 1884 879 1947 peccati
902 1885 1078 1930 vinculo
1104 1884 1285 1940 liberas,
1310 1884 1471 1930 cohibe
1488 1894 1528 1929 te
1546 1884 1602 1929 ab
1619 1884 1710 1931 hu*
1752 1885 1756 1900 ”

327 1950 522 2010 jusmodi
542 1951 835 2015 disputatione
851 1954 1121 2001 omnimodo.
1143 1956 1242 2000 Non
1257 1964 1319 2000 est
1331 1954 1445 2000 enim
1462 1953 1567 2000 falsa
1579 1954 1708 2001 etiam
1750 2002 1754 2019 ἑ

330 2020 378 2066 in
413 2021 700 2084 parvulorum
737 2023 1000 2086 baptismate
1041 2024 1233 2069 remissio
1277 2036 1556 2088 peccatorum
1581 2062 1592 2082 ,
1627 2042 1708 2071 nec
1748 2066 1752 2091 ³

332 2091 467 2137 verbo
507 2103 629 2138 tenus
658 2093 835 2151 dicitur,
866 2094 939 2140 sed
975 2095 1185 2142 veraciter
1216 2095 1371 2155 agitur.
1404 2096 1514 2141 Nam
1547 2106 1594 2141 ut
1615 2099 1708 2156 jam
1747 2121 1751 2150 ς

332 2160 476 2207 verbis
503 2173 618 2219 utar,
657 2180 756 2226 quae
794 2163 838 2208 in
863 2164 956 2227 ipsa
998 2164 1193 2228 Epistola
1231 2165 1467 2210 beatissimi
1506 2165 1707 2212 antistitis
1746 2206 1749 2222 2

334 2231 497 2277 Zosimi
527 2233 596 2295 (2)
622 2232 842 2293 leguntur,
880 2234 1062 2297 [Fidelis
1099 2236 1311 2281 Dominus
1336 2235 1380 2281 in
1411 2236 1554 2282 verbis
1587 2237 1704 2291 suis,

333 2304 512 2364 ejusque
534 2303 779 2366 baptismus
802 2322 845 2350 re
871 2321 918 2350 ac
955 2305 1124 2362 verbis,
1152 2305 1199 2351 id
1233 2316 1294 2351 est
1312 2342 1323 2362 ‚
1346 2323 1506 2384 opere,
1534 2308 1707 2353 confes-

331 2371 450 2417 sione
485 2382 526 2417 et
563 2374 809 2420 remissione
848 2393 947 2421 vera
985 2387 1301 2439 peccatorum
1342 2377 1388 2423 in
1424 2379 1542 2423 omni
1581 2395 1702 2435 sexu,

334 2451 485 2498 aetate,
508 2443 757 2490 conditione
779 2446 942 2523 generis
967 2447 1150 2493 humani
1175 2447 1369 2493 eamdem
1389 2447 1705 2512 plenitudinem

334 2521 462 2558 tenet.
491 2511 645 2560 Nullus
659 2515 772 2561 enim
793 2516 874 2561 nisi
900 2517 975 2580 qui
1001 2517 1171 2580 peccati
1195 2535 1287 2563 serv
1293 2535 1340 2565 us
1365 2529 1451 2575 est.
1478 2519 1590 2566 liber
1612 2520 1707 2567 6111-
1740 2571 1741 2575 Ἰ

1743 2316 1747 2344 ι

1742 2374 1746 2415 1

1740 2421 1745 2507 ξ

1739 2531 1742 2558 1

331 2581 464 2638 citui,
493 2599 570 2630 nec
604 2584 851 2649 ietlcmptus
871 2585 959 2632 dici
983 2597 1103 2650 potes
1087 2599 1154 2644 t,
1181 2589 1258 2634 nisi
1281 2589 1357 2652 qui
1376 2606 1471 2636 veie
1496 2607 1573 2653 per
1596 2608 1702 2654 pec-
1738 2602 1741 2656 J
