1769 3235
0 1563 2 1581 l

461 258 863 294 RETRACTATJONUM
902 265 988 295 mn.
1031 266 1061 295 1.
1354 254 1447 316 [293

113 418 129 428 ς
145 418 222 429 1221
228 418 241 428 ι
247 418 774 430 ινικνιιςὶκιὴιιὶωῃὶἱαπιαα
780 421 898 432 §ussaw
903 423 1449 441 ιςςωιπικπωιιῆα-Ἄιωαωω

595 533 770 575 CAPUT
801 535 920 577 XXI.

203 654 367 694 Contra
390 653 614 709 epz‘stolam
640 654 803 695 Donati
824 654 1019 696 lueretioi
1034 688 1044 704 ‚
1074 656 1180 697 liber
1203 674 1322 701 unus.

142 795 173 839 l.
196 797 377 840 L13RUM
405 795 532 840 etiam
565 806 715 841 contra
740 795 966 858 epistolam
996 796 1184 851 Donati,
1212 799 1287 860 qni
1313 802 1448 862 partis

74 866 232 911 Donati
252 864 467 910 secundus
491 876 587 928 post
623 866 883 926 Majorinum
909 866 1141 929 episcopus
1175 868 1293 929 apud
1334 871 1447 916 Car-

74 937 294 996 thaginem
316 936 399 981 fuit
419 964 429 989 ·‚
450 936 602 982 eodem
626 937 885 1000 presbyterii
913 937 995 982 mei
1029 947 1223 999 tempore
1259 940 1408 1003 scripsi
1432 978 1444 997 ‚

73 1007 116 1052 in
148 1024 233 1070 qua
272 1007 465 1069 Epistola
493 1007 563 1052 ille
590 1008 705 1068 agit,
747 1018 795 1053 ut
826 1024 912 1052 non
937 1007 1016 1052 nisi
1045 1007 1088 1052 in
1120 1011 1210 1067 ejus
1246 1026 1449 1057 commu-

74 1079 200 1124 nione
231 1078 449 1141 baptisma
482 1079 649 1124 Christi
677 1096 763 1124 esse
793 1078 997 1124 credatur
1026 1096 1037 1123 ε
1066 1079 1135 1123 cui
1162 1096 1239 1123 nos
1271 1093 1450 1127 contra—

72 1149 274 1195 dicimus.
302 1150 352 1193 ln
377 1166 464 1211 quo
489 1148 574 1194 dixi
599 1149 641 1194 in
666 1149 855 1212 quodam
885 1149 980 1194 loco
1004 1148 1056 1194 de
1077 1149 1271 1211 apostolo
1291 1152 1416 1199 Petro
1433 1190 1445 1210 ,

71 1219 190 1284 quod
221 1219 265 1264 in
291 1218 365 1264 illo
388 1229 597 1282 tanquam
630 1220 675 1265 in
696 1231 821 1283 petra
844 1219 1026 1264 fundata
1051 1220 1104 1264 sit
1129 1220 1320 1266 Ecclesia
1341 1243 1351 1276 3
1374 1225 1450 1286 qui

72 1307 216 1336 sensus
241 1289 368 1334 etiam
399 1301 603 1335 cantatur
621 1307 693 1336 ore
720 1290 958 1336 multorum
985 1290 1029 1334 in
1065 1290 1256 1335 versibus
1286 1292 1449 1339 beatis-

71 1361 167 1406 simi
196 1359 440 1409 Ambrosii,
466 1361 542 1405 uhi
569 1360 622 1406 de
651 1361 763 1420 gallo
793 1361 1032 1421 gallinaceo
1058 1360 1147 1416 ait,
1183 1364 1311 1414 Hoc,
1344 1366 1448 1426 [psa

65 1443 199 1492 petra
221 1431 447 1477 lice-[esim
469 1469 479 1484 ‚
509 1443 730 1487 canente,
758 1432 947 1494 culpam
975 1430 1127 1477 diluit.
1154 1431 1239 1476 Sed
1266 1433 1354 1478 scio
1382 1453 1450 1481 me

71 1514 220 1566 postea
240 1503 474 1564 saepissime
502 1503 563 1548 sic
588 1503 829 1566 exposuisse
852 1501 972 1566 quod
1006 1520 1028 1547 a
1066 1502 1254 1548 Domino
1280 1503 1448 1553 dictum

71 1583 160 1628 est,
188 1595 204 1614 α
227 1574 295 1618 Tu
327 1590 369 1618 es
393 1574 574 1629 Petrus,
619 1584 659 1617 et
697 1590 826 1636 super
862 1573 978 1618 hanc
1014 1582 1182 1635 petram
1217 1573 1449 1623 aedificabo

72 1665 92 1684 >³
116 1644 352 1689 Ecclesiam
381 1644 546 1689 meam1
568 1662 614 1689 ε»
640 1655 686 1690 ut
709 1661 838 1707 super
858 1644 978 1689 hunc
994 1642 1448 1710 intelligereturquem

72 1715 288 1761 confessus
309 1727 368 1761 est
407 1717 559 1762 Petrus
590 1717 762 1772 dicens,
803 1738 821 1756 α
845 1718 913 1760 Tu
935 1733 976 1760 es
1005 1715 1207 1760 Christus
1238 1716 1352 1763 filius
1369 1721 1447 1765 Dei

73 1788 191 1832 »vivi
226 1805 271 1830 :n
292 1804 341 1832 ac
364 1788 423 1833 sic
452 1788 608 1833 Petrus
636 1787 787 1833 abhuc
810 1798 929 1850 petra
949 1785 1193 1849 appellatus
1216 1805 1446 1850 personam

74 1859 278 1905 Ecclesiae
302 1860 532 1918 figuraret,
560 1875 660 1921 quae
685 1876 814 1921 super
837 1858 951 1903 hanc
977 1868 1145 1919 petram
1174 1858 1445 1918 aetlificatur,

71 1941 112 1976 et
147 1930 314 1993 accepit
340 1929 479 1976 claves
505 1929 625 1989 regni
655 1929 888 1975 coelorum.
924 1929 1021 1973 Non
1059 1928 1172 1973 enim
1198 1929 1364 1976 dictum
1390 1943 1452 1978 est

71 2001 161 2054 illi,
182 2002 250 2046 Tu
270 2018 312 2046 es
339 2012 461 2064 petra
484 2021 494 2055 3
517 2001 607 2055 sed,
632 2023 651 2043 (ι
676 2002 742 2046 Tu
770 2019 812 2046 es
834 2001 1033 2045 Petrus.»
1058 2001 1185 2044 Petra
1203 2012 1342 2047 autem
1362 2015 1451 2050 erat

74 2073 275 2119 Christus
297 2110 306 2128 ‚
331 2089 457 2134 quem
478 2072 696 2118 confessus
717 2071 869 2116 Simon
897 2070 1010 2115 sicut
1028 2086 1126 2115 eum
1146 2081 1236 2116 tota
1261 2073 1451 2121 Ecclesia

73 2146 325 2196 confitetur,
346 2143 491 2188 dictus
514 2153 575 2188 est
596 2143 764 2189 Petrus.
799 2142 964 2187 Harum
985 2152 1129 2186 autem
1155 2141 1339 2189 duarum
1356 2163 1450 2191 sen-

72 2215 306 2261 tentiarum
329 2231 430 2277 quae
447 2215 501 2259 sit
517 2213 810 2277 probabilior,
840 2212 969 2272 eligat
990 2211 1141 2258 lector.

140 2289 198 2334 ll.
228 2287 323 2333 Alio
347 2286 444 2331 loco
474 2286 585 2339 dixi,
624 2286 812 2331 Nullius
846 2295 1041 2329 mortem
1088 2288 1212 2330 Deus
1247 2293 1452 2349 qmem‘t:

73 2358 193 2422 quod
217 2359 276 2403 sic
302 2356 632 2420 accipiendum,
662 2356 765 2420 quia
798 2356 933 2401 homo
964 2354 1047 2400 sibi
1076 2355 1305 2417 acquisivit
1330 2376 1446 2406 mor-

74 2441 161 2476 tem
185 2429 380 2475 deserens
420 2429 586 2484 Deum,
627 2438 668 2473 et
709 2427 897 2491 acquirit
940 2424 1136 2489 quinon
1177 2429 1360 2475 recurrit
1399 2432 1453 2478 ad

77 2503 214 2547 Deum
232 2536 243 2554 ,
278 2498 516 2544 secundum
552 2498 671 2562 quod
714 2497 929 2561 scriptum
965 2506 1059 2542 est:
1087 2517 1107 2538 «
1129 2497 1245 2543 Deus
1272 2513 1454 2551 mortem

124 2602 273 2637 ¹Matth.
294 2613 360 2641 xm,
386 2603 437 2633 18.
