<?xml version="1.0" encoding="UTF-8"?>
<!DOCTYPE html PUBLIC "-//W3C//DTD XHTML 1.0 Transitional//EN"
    "http://www.w3.org/TR/xhtml1/DTD/xhtml1-transitional.dtd">
<html xmlns="http://www.w3.org/1999/xhtml" xml:lang="en" lang="en">
 <head>
  <title>
</title>
<meta http-equiv="Content-Type" content="text/html;charset=utf-8" />
  <meta name='ocr-system' content='tesseract 3.04.00' />
  <meta name='ocr-capabilities' content='ocr_page ocr_carea ocr_par ocr_line ocrx_word'/>
</head>
<body>
  <div class='ocr_page' id='page_1' title='image "./operaomniaaccura41auguuoft/operaomniaaccura41auguuoft_0159.png"; bbox 0 0 1769 3235; ppageno 0'>
   <div class='ocr_carea' id='block_1_1' title="bbox 584 277 1443 337">
    <p class='ocr_par' dir='ltr' id='par_1_1' title="bbox 584 277 1443 337">
     <span class='ocr_line' id='line_1_1' title="bbox 584 277 1443 337; baseline 0.005 -24"><span class='ocrx_word' id='word_1_1' title='bbox 584 280 794 314; x_wconf 69' lang='lat' dir='ltr'>EPISTOLA</span> <span class='ocrx_word' id='word_1_2' title='bbox 829 288 836 312; x_wconf 91' lang='lat'><strong>‹</strong></span> <span class='ocrx_word' id='word_1_3' title='bbox 856 286 945 316; x_wconf 72' lang='lat' dir='ltr'>cxv.</span> <span class='ocrx_word' id='word_1_4' title='bbox 1360 277 1443 337; x_wconf 67' lang='lat'>147</span> 
     </span>
    </p>
   </div>
   <div class='ocr_carea' id='block_1_2' title="bbox 50 345 1449 2602">
    <p class='ocr_par' dir='ltr' id='par_1_2' title="bbox 67 345 1449 904">
     <span class='ocr_line' id='line_1_2' title="bbox 77 345 1448 418; baseline 0.005 -25"><span class='ocrx_word' id='word_1_5' title='bbox 77 360 153 393; x_wconf 86' lang='lat' dir='ltr'>suo</span> <span class='ocrx_word' id='word_1_6' title='bbox 171 364 248 393; x_wconf 92' lang='lat' dir='ltr'>nos</span> <span class='ocrx_word' id='word_1_7' title='bbox 260 347 387 393; x_wconf 81' lang='lat' dir='ltr'>exitio</span> <span class='ocrx_word' id='word_1_8' title='bbox 414 355 572 392; x_wconf 83' lang='lat' dir='ltr'>terrere</span> <span class='ocrx_word' id='word_1_9' title='bbox 593 363 634 391; x_wconf 75' lang='lat' dir='ltr'>se</span> <span class='ocrx_word' id='word_1_10' title='bbox 652 345 863 394; x_wconf 80' lang='lat' dir='ltr'>credunt.</span> <span class='ocrx_word' id='word_1_11' title='bbox 891 360 963 392; x_wconf 79' lang='lat' dir='ltr'>aut</span> <span class='ocrx_word' id='word_1_12' title='bbox 981 349 1173 397; x_wconf 59' lang='lat' dir='ltr'>lat-titiam</span> <span class='ocrx_word' id='word_1_13' title='bbox 1194 371 1314 399; x_wconf 80' lang='lat' dir='ltr'>suam</span> <span class='ocrx_word' id='word_1_14' title='bbox 1329 371 1448 418; x_wconf 57' lang='lat' dir='ltr'>quer.-</span> 
     </span>
     <span class='ocr_line' id='line_1_3' title="bbox 75 417 1449 472; baseline 0.005 -8"><span class='ocrx_word' id='word_1_15' title='bbox 75 429 216 464; x_wconf 83' lang='lat' dir='ltr'>rentes</span> <span class='ocrx_word' id='word_1_16' title='bbox 251 418 305 464; x_wconf 89' lang='lat' dir='ltr'>de</span> <span class='ocrx_word' id='word_1_17' title='bbox 339 418 555 464; x_wconf 82' lang='lat' dir='ltr'>mortibus</span> <span class='ocrx_word' id='word_1_18' title='bbox 589 417 768 472; x_wconf 82' lang='lat' dir='ltr'>nostris,</span> <span class='ocrx_word' id='word_1_19' title='bbox 810 429 883 463; x_wconf 75' lang='lat' dir='ltr'>aut</span> <span class='ocrx_word' id='word_1_20' title='bbox 923 421 1137 467; x_wconf 79' lang='lat' dir='ltr'>tristitiam</span> <span class='ocrx_word' id='word_1_21' title='bbox 1170 436 1358 471; x_wconf 83' lang='lat' dir='ltr'>nostram</span> <span class='ocrx_word' id='word_1_22' title='bbox 1397 427 1449 471; x_wconf 79' lang='lat' dir='ltr'>de</span> 
     </span>
     <span class='ocr_line' id='line_1_4' title="bbox 74 487 1448 559; baseline 0.006 -25"><span class='ocrx_word' id='word_1_23' title='bbox 74 489 291 534; x_wconf 80' lang='lat' dir='ltr'>mortibus</span> <span class='ocrx_word' id='word_1_24' title='bbox 326 490 426 535; x_wconf 89' lang='lat' dir='ltr'>suis.</span> <span class='ocrx_word' id='word_1_25' title='bbox 459 487 541 533; x_wconf 88' lang='lat' dir='ltr'>Sed</span> <span class='ocrx_word' id='word_1_26' title='bbox 570 503 659 532; x_wconf 90' lang='lat' dir='ltr'>non</span> <span class='ocrx_word' id='word_1_27' title='bbox 683 487 813 532; x_wconf 87' lang='lat' dir='ltr'>debet</span> <span class='ocrx_word' id='word_1_28' title='bbox 838 498 898 533; x_wconf 83' lang='lat' dir='ltr'>tot</span> <span class='ocrx_word' id='word_1_29' title='bbox 928 499 1234 555; x_wconf 77' lang='lat' dir='ltr'>tantorumque</span> <span class='ocrx_word' id='word_1_30' title='bbox 1255 497 1448 559; x_wconf 85' lang='lat' dir='ltr'>populo-</span> 
     </span>
     <span class='ocr_line' id='line_1_5' title="bbox 71 558 1448 628; baseline 0.005 -24"><span class='ocrx_word' id='word_1_31' title='bbox 71 575 171 604; x_wconf 86' lang='lat' dir='ltr'>rum</span> <span class='ocrx_word' id='word_1_32' title='bbox 206 558 384 604; x_wconf 79' lang='lat' dir='ltr'>salutem</span> <span class='ocrx_word' id='word_1_33' title='bbox 418 558 606 604; x_wconf 85' lang='lat' dir='ltr'>furiosus</span> <span class='ocrx_word' id='word_1_34' title='bbox 637 574 757 603; x_wconf 90' lang='lat' dir='ltr'>error</span> <span class='ocrx_word' id='word_1_35' title='bbox 780 558 1009 604; x_wconf 86' lang='lat' dir='ltr'>hominum</span> <span class='ocrx_word' id='word_1_36' title='bbox 1046 560 1259 624; x_wconf 85' lang='lat' dir='ltr'>impedire</span> <span class='ocrx_word' id='word_1_37' title='bbox 1293 583 1448 628; x_wconf 79' lang='lat' dir='ltr'>pauco-</span> 
     </span>
     <span class='ocr_line' id='line_1_6' title="bbox 71 628 1448 695; baseline 0.005 -21"><span class='ocrx_word' id='word_1_38' title='bbox 71 641 187 675; x_wconf 85' lang='lat' dir='ltr'>rum.</span> <span class='ocrx_word' id='word_1_39' title='bbox 214 629 333 686; x_wconf 87' lang='lat' dir='ltr'><strong>Quid</strong></span> <span class='ocrx_word' id='word_1_40' title='bbox 352 630 410 674; x_wconf 90' lang='lat' dir='ltr'>eis</span> <span class='ocrx_word' id='word_1_41' title='bbox 429 628 610 674; x_wconf 84' lang='lat' dir='ltr'>velimus</span> <span class='ocrx_word' id='word_1_42' title='bbox 629 645 717 673; x_wconf 88' lang='lat' dir='ltr'>non</span> <span class='ocrx_word' id='word_1_43' title='bbox 742 628 882 674; x_wconf 90' lang='lat' dir='ltr'>solum</span> <span class='ocrx_word' id='word_1_44' title='bbox 912 629 1023 675; x_wconf 88' lang='lat' dir='ltr'>Deus</span> <span class='ocrx_word' id='word_1_45' title='bbox 1042 642 1081 676; x_wconf 89' lang='lat' dir='ltr'>et</span> <span class='ocrx_word' id='word_1_46' title='bbox 1111 633 1344 695; x_wconf 79' lang='lat' dir='ltr'>prudentes</span> <span class='ocrx_word' id='word_1_47' title='bbox 1362 635 1448 680; x_wconf 82' lang='lat' dir='ltr'>ho-</span> 
     </span>
     <span class='ocr_line' id='line_1_7' title="bbox 70 699 1445 762; baseline 0.004 -16"><span class='ocrx_word' id='word_1_48' title='bbox 70 699 230 755; x_wconf 82' lang='lat' dir='ltr'>mines,</span> <span class='ocrx_word' id='word_1_49' title='bbox 259 700 540 745; x_wconf 83' lang='lat' dir='ltr'>verumetiam</span> <span class='ocrx_word' id='word_1_50' title='bbox 566 699 678 762; x_wconf 85' lang='lat' dir='ltr'>ipsi,</span> <span class='ocrx_word' id='word_1_51' title='bbox 716 716 815 744; x_wconf 86' lang='lat' dir='ltr'>cum</span> <span class='ocrx_word' id='word_1_52' title='bbox 854 701 938 745; x_wconf 89' lang='lat' dir='ltr'>sint</span> <span class='ocrx_word' id='word_1_53' title='bbox 964 701 1089 748; x_wconf 86' lang='lat' dir='ltr'>nobis</span> <span class='ocrx_word' id='word_1_54' title='bbox 1127 703 1408 752; x_wconf 83' lang='lat' dir='ltr'>inimicissimi</span> <span class='ocrx_word' id='word_1_55' title='bbox 1435 745 1445 761; x_wconf 79' lang='lat'>,</span> 
     </span>
     <span class='ocr_line' id='line_1_8' title="bbox 69 770 1437 839; baseline 0.005 -23"><span class='ocrx_word' id='word_1_56' title='bbox 69 771 275 818; x_wconf 83' lang='lat' dir='ltr'>sentiunt.</span> <span class='ocrx_word' id='word_1_57' title='bbox 311 774 425 816; x_wconf 89' lang='lat' dir='ltr'>Cum</span> <span class='ocrx_word' id='word_1_58' title='bbox 449 771 562 816; x_wconf 89' lang='lat' dir='ltr'>enim</span> <span class='ocrx_word' id='word_1_59' title='bbox 589 786 663 815; x_wconf 83' lang='lat' dir='ltr'>sua</span> <span class='ocrx_word' id='word_1_60' title='bbox 695 770 886 833; x_wconf 85' lang='lat' dir='ltr'>pernicie</span> <span class='ocrx_word' id='word_1_61' title='bbox 910 789 987 817; x_wconf 89' lang='lat' dir='ltr'>nos</span> <span class='ocrx_word' id='word_1_62' title='bbox 1015 773 1233 820; x_wconf 87' lang='lat' dir='ltr'>terrendos</span> <span class='ocrx_word' id='word_1_63' title='bbox 1255 786 1437 839; x_wconf 83' lang='lat' dir='ltr'>putant,</span> 
     </span>
     <span class='ocr_line' id='line_1_9' title="bbox 67 839 923 904; baseline 0.001 -18"><span class='ocrx_word' id='word_1_64' title='bbox 67 858 156 886; x_wconf 87' lang='lat' dir='ltr'>nou</span> <span class='ocrx_word' id='word_1_65' title='bbox 172 839 380 886; x_wconf 80' lang='lat' dir='ltr'>dubitant</span> <span class='ocrx_word' id='word_1_66' title='bbox 395 857 472 885; x_wconf 91' lang='lat' dir='ltr'>nos</span> <span class='ocrx_word' id='word_1_67' title='bbox 494 841 644 885; x_wconf 90' lang='lat' dir='ltr'>timere</span> <span class='ocrx_word' id='word_1_68' title='bbox 658 857 711 885; x_wconf 90' lang='lat' dir='ltr'>ne</span> <span class='ocrx_word' id='word_1_69' title='bbox 730 852 923 904; x_wconf 79' lang='lat' dir='ltr'>pereant.</span> 
     </span>
    </p>

    <p class='ocr_par' dir='ltr' id='par_1_3' title="bbox 50 911 1448 2602">
     <span class='ocr_line' id='line_1_10' title="bbox 134 911 1446 977; baseline 0.006 -21"><span class='ocrx_word' id='word_1_70' title='bbox 134 913 191 957; x_wconf 93' lang='grc' dir='ltr'>ΙΙ.</span> <span class='ocrx_word' id='word_1_71' title='bbox 211 911 296 956; x_wconf 86' lang='lat' dir='ltr'>Sed</span> <span class='ocrx_word' id='word_1_72' title='bbox 321 911 428 974; x_wconf 90' lang='lat' dir='ltr'>quid</span> <span class='ocrx_word' id='word_1_73' title='bbox 448 911 660 956; x_wconf 86' lang='lat' dir='ltr'>faciamus</span> <span class='ocrx_word' id='word_1_74' title='bbox 679 949 689 968; x_wconf 89' lang='lat'>,</span> <span class='ocrx_word' id='word_1_75' title='bbox 713 911 906 957; x_wconf 87' lang='lat' dir='ltr'>videntes</span> <span class='ocrx_word' id='word_1_76' title='bbox 923 913 1043 976; x_wconf 90' lang='lat' dir='ltr'>quod</span> <span class='ocrx_word' id='word_1_77' title='bbox 1064 914 1191 960; x_wconf 87' lang='lat' dir='ltr'>multi</span> <span class='ocrx_word' id='word_1_78' title='bbox 1210 916 1446 977; x_wconf 83' lang='lat' dir='ltr'>adjuvante</span> 
     </span>
     <span class='ocr_line' id='line_1_11' title="bbox 69 981 1444 1048; baseline 0.006 -22"><span class='ocrx_word' id='word_1_79' title='bbox 69 981 258 1027; x_wconf 88' lang='lat' dir='ltr'>Domino</span> <span class='ocrx_word' id='word_1_80' title='bbox 283 999 360 1045; x_wconf 90' lang='lat' dir='ltr'>per</span> <span class='ocrx_word' id='word_1_81' title='bbox 392 982 664 1027; x_wconf 81' lang='lat' dir='ltr'>occasionem</span> <span class='ocrx_word' id='word_1_82' title='bbox 692 993 877 1028; x_wconf 85' lang='lat' dir='ltr'>vestram</span> <span class='ocrx_word' id='word_1_83' title='bbox 906 984 1020 1028; x_wconf 85' lang='lat' dir='ltr'>viam</span> <span class='ocrx_word' id='word_1_84' title='bbox 1045 986 1165 1048; x_wconf 85' lang='lat' dir='ltr'>pacis</span> <span class='ocrx_word' id='word_1_85' title='bbox 1190 986 1444 1035; x_wconf 55' lang='lat' dir='ltr'>inveniant)</span> 
     </span>
     <span class='ocr_line' id='line_1_12' title="bbox 66 1052 1444 1116; baseline 0.007 -19"><span class='ocrx_word' id='word_1_86' title='bbox 66 1052 295 1116; x_wconf 85' lang='lat' dir='ltr'>Numquid</span> <span class='ocrx_word' id='word_1_87' title='bbox 325 1053 563 1116; x_wconf 86' lang='lat' dir='ltr'>prohibere</span> <span class='ocrx_word' id='word_1_88' title='bbox 597 1070 672 1099; x_wconf 88' lang='lat' dir='ltr'>vos</span> <span class='ocrx_word' id='word_1_89' title='bbox 703 1071 931 1116; x_wconf 87' lang='lat' dir='ltr'>possumus</span> <span class='ocrx_word' id='word_1_90' title='bbox 959 1055 1026 1101; x_wconf 89' lang='lat' dir='ltr'>vel</span> <span class='ocrx_word' id='word_1_91' title='bbox 1048 1055 1256 1104; x_wconf 88' lang='lat' dir='ltr'>debemus</span> <span class='ocrx_word' id='word_1_92' title='bbox 1279 1059 1334 1105; x_wconf 80' lang='lat' dir='ltr'>ab</span> <span class='ocrx_word' id='word_1_93' title='bbox 1360 1060 1444 1107; x_wconf 80' lang='lat' dir='ltr'>hac</span> 
     </span>
     <span class='ocr_line' id='line_1_13' title="bbox 64 1123 1440 1188; baseline 0.006 -20"><span class='ocrx_word' id='word_1_94' title='bbox 64 1124 242 1169; x_wconf 75' lang='lat' dir='ltr'>imitatis</span> <span class='ocrx_word' id='word_1_95' title='bbox 265 1123 474 1169; x_wconf 78' lang='lat' dir='ltr'>instantia</span> <span class='ocrx_word' id='word_1_96' title='bbox 495 1160 505 1179; x_wconf 94' lang='lat'>,</span> <span class='ocrx_word' id='word_1_97' title='bbox 534 1123 640 1168; x_wconf 89' lang='lat' dir='ltr'>dum</span> <span class='ocrx_word' id='word_1_98' title='bbox 665 1124 896 1169; x_wconf 89' lang='lat' dir='ltr'>metuimus</span> <span class='ocrx_word' id='word_1_99' title='bbox 919 1142 970 1170; x_wconf 87' lang='lat' dir='ltr'>ne</span> <span class='ocrx_word' id='word_1_100' title='bbox 985 1126 1166 1188; x_wconf 82' lang='lat' dir='ltr'>quidam</span> <span class='ocrx_word' id='word_1_101' title='bbox 1193 1127 1440 1188; x_wconf 86' lang='lat' dir='ltr'>durissimi,</span> 
     </span>
     <span class='ocr_line' id='line_1_14' title="bbox 62 1193 1442 1263; baseline 0.006 -24"><span class='ocrx_word' id='word_1_102' title='bbox 62 1194 169 1240; x_wconf 85' lang='lat' dir='ltr'>etin</span> <span class='ocrx_word' id='word_1_103' title='bbox 199 1210 241 1240; x_wconf 83' lang='lat' dir='ltr'>se</span> <span class='ocrx_word' id='word_1_104' title='bbox 263 1193 379 1257; x_wconf 90' lang='lat' dir='ltr'>ipsos</span> <span class='ocrx_word' id='word_1_105' title='bbox 402 1193 713 1247; x_wconf 87' lang='lat' dir='ltr'>crudelissimi,</span> <span class='ocrx_word' id='word_1_106' title='bbox 742 1211 829 1239; x_wconf 85' lang='lat' dir='ltr'>non</span> <span class='ocrx_word' id='word_1_107' title='bbox 862 1206 1036 1251; x_wconf 79' lang='lat' dir='ltr'>nostra,</span> <span class='ocrx_word' id='word_1_108' title='bbox 1064 1197 1137 1242; x_wconf 91' lang='lat' dir='ltr'>sed</span> <span class='ocrx_word' id='word_1_109' title='bbox 1159 1200 1340 1263; x_wconf 84' lang='lat' dir='ltr'>propria</span> <span class='ocrx_word' id='word_1_110' title='bbox 1369 1218 1442 1247; x_wconf 83' lang='lat' dir='ltr'>vo-</span> 
     </span>
     <span class='ocr_line' id='line_1_15' title="bbox 60 1263 1445 1334; baseline 0.004 -23"><span class='ocrx_word' id='word_1_111' title='bbox 60 1264 228 1311; x_wconf 85' lang='lat' dir='ltr'>luntate</span> <span class='ocrx_word' id='word_1_112' title='bbox 252 1278 293 1310; x_wconf 85' lang='lat' dir='ltr'>se</span> <span class='ocrx_word' id='word_1_113' title='bbox 327 1263 544 1327; x_wconf 75' lang='lat' dir='ltr'>perdant?</span> <span class='ocrx_word' id='word_1_114' title='bbox 581 1264 846 1326; x_wconf 80' lang='lat' dir='ltr'>Optaremus</span> <span class='ocrx_word' id='word_1_115' title='bbox 882 1265 1059 1327; x_wconf 87' lang='lat' dir='ltr'>quidem</span> <span class='ocrx_word' id='word_1_116' title='bbox 1088 1277 1135 1312; x_wconf 85' lang='lat' dir='ltr'>ut</span> <span class='ocrx_word' id='word_1_117' title='bbox 1160 1285 1336 1324; x_wconf 89' lang='lat' dir='ltr'>omnes,</span> <span class='ocrx_word' id='word_1_118' title='bbox 1369 1272 1445 1334; x_wconf 88' lang='lat' dir='ltr'>qui</span> 
     </span>
     <span class='ocr_line' id='line_1_16' title="bbox 60 1335 1446 1397; baseline 0.003 -16"><span class='ocrx_word' id='word_1_119' title='bbox 60 1346 213 1381; x_wconf 76' lang='lat' dir='ltr'>contra</span> <span class='ocrx_word' id='word_1_120' title='bbox 233 1335 459 1381; x_wconf 75' lang='lat' dir='ltr'>Christum</span> <span class='ocrx_word' id='word_1_121' title='bbox 479 1345 658 1397; x_wconf 81' lang='lat' dir='ltr'>portant</span> <span class='ocrx_word' id='word_1_122' title='bbox 675 1335 844 1394; x_wconf 82' lang='lat' dir='ltr'>signum</span> <span class='ocrx_word' id='word_1_123' title='bbox 865 1335 1046 1390; x_wconf 80' lang='lat' dir='ltr'>Christi,</span> <span class='ocrx_word' id='word_1_124' title='bbox 1069 1347 1109 1381; x_wconf 82' lang='lat' dir='ltr'>et</span> <span class='ocrx_word' id='word_1_125' title='bbox 1129 1349 1281 1384; x_wconf 81' lang='lat' dir='ltr'>contra</span> <span class='ocrx_word' id='word_1_126' title='bbox 1304 1340 1446 1385; x_wconf 78' lang='lat' dir='ltr'>Evan-</span> 
     </span>
     <span class='ocr_line' id='line_1_17' title="bbox 59 1405 1445 1470; baseline 0.004 -18"><span class='ocrx_word' id='word_1_127' title='bbox 59 1406 218 1467; x_wconf 84' lang='lat' dir='ltr'>gelium</span> <span class='ocrx_word' id='word_1_128' title='bbox 237 1406 290 1452; x_wconf 93' lang='lat' dir='ltr'>de</span> <span class='ocrx_word' id='word_1_129' title='bbox 312 1407 411 1470; x_wconf 90' lang='lat' dir='ltr'>ipso</span> <span class='ocrx_word' id='word_1_130' title='bbox 440 1405 675 1465; x_wconf 80' lang='lat' dir='ltr'>Evangelio</span> <span class='ocrx_word' id='word_1_131' title='bbox 696 1443 707 1461; x_wconf 83' lang='lat'>,</span> <span class='ocrx_word' id='word_1_132' title='bbox 729 1405 846 1468; x_wconf 87' lang='lat' dir='ltr'>quod</span> <span class='ocrx_word' id='word_1_133' title='bbox 865 1423 951 1450; x_wconf 88' lang='lat' dir='ltr'>non</span> <span class='ocrx_word' id='word_1_134' title='bbox 969 1407 1241 1467; x_wconf 85' lang='lat' dir='ltr'>intelligunt,</span> <span class='ocrx_word' id='word_1_135' title='bbox 1261 1408 1445 1470; x_wconf 80' lang='lat' dir='ltr'>glorian·</span> 
     </span>
     <span class='ocr_line' id='line_1_18' title="bbox 60 1475 1446 1543; baseline 0.004 -21"><span class='ocrx_word' id='word_1_136' title='bbox 60 1486 148 1532; x_wconf 83' lang='lat' dir='ltr'>tur,</span> <span class='ocrx_word' id='word_1_137' title='bbox 178 1494 200 1522; x_wconf 76' lang='lat' dir='ltr'>a</span> <span class='ocrx_word' id='word_1_138' title='bbox 222 1493 299 1522; x_wconf 85' lang='lat' dir='ltr'>sua</span> <span class='ocrx_word' id='word_1_139' title='bbox 320 1475 607 1539; x_wconf 82' lang='lat' dir='ltr'>perversitate</span> <span class='ocrx_word' id='word_1_140' title='bbox 625 1475 923 1531; x_wconf 84' lang='lat' dir='ltr'>discederent,</span> <span class='ocrx_word' id='word_1_141' title='bbox 952 1488 994 1521; x_wconf 90' lang='lat' dir='ltr'>et</span> <span class='ocrx_word' id='word_1_142' title='bbox 1028 1478 1257 1525; x_wconf 88' lang='lat' dir='ltr'>nobiscum</span> <span class='ocrx_word' id='word_1_143' title='bbox 1281 1481 1327 1526; x_wconf 94' lang='lat' dir='ltr'>in</span> <span class='ocrx_word' id='word_1_144' title='bbox 1353 1485 1446 1543; x_wconf 88' lang='lat' dir='ltr'>ejus</span> 
     </span>
     <span class='ocr_line' id='line_1_19' title="bbox 57 1546 1448 1617; baseline 0.004 -23"><span class='ocrx_word' id='word_1_145' title='bbox 57 1549 224 1595; x_wconf 82' lang='lat' dir='ltr'>unitate</span> <span class='ocrx_word' id='word_1_146' title='bbox 241 1547 494 1608; x_wconf 84' lang='lat' dir='ltr'>gauderent.</span> <span class='ocrx_word' id='word_1_147' title='bbox 522 1546 607 1591; x_wconf 85' lang='lat' dir='ltr'>Sed</span> <span class='ocrx_word' id='word_1_148' title='bbox 624 1548 828 1610; x_wconf 80' lang='lat' dir='ltr'>quoniam</span> <span class='ocrx_word' id='word_1_149' title='bbox 853 1548 966 1593; x_wconf 88' lang='lat' dir='ltr'>Deus</span> <span class='ocrx_word' id='word_1_150' title='bbox 988 1549 1160 1595; x_wconf 83' lang='lat' dir='ltr'>occulta</span> <span class='ocrx_word' id='word_1_151' title='bbox 1181 1551 1282 1597; x_wconf 83' lang='lat' dir='ltr'>satis</span> <span class='ocrx_word' id='word_1_152' title='bbox 1300 1552 1448 1617; x_wconf 88' lang='lat' dir='ltr'>dispo-</span> 
     </span>
     <span class='ocr_line' id='line_1_20' title="bbox 57 1617 1443 1686; baseline 0.004 -21"><span class='ocrx_word' id='word_1_153' title='bbox 57 1619 238 1673; x_wconf 86' lang='lat' dir='ltr'>sitione,</span> <span class='ocrx_word' id='word_1_154' title='bbox 268 1617 338 1664; x_wconf 87' lang='lat' dir='ltr'>sed</span> <span class='ocrx_word' id='word_1_155' title='bbox 370 1628 512 1662; x_wconf 86' lang='lat' dir='ltr'>tamen</span> <span class='ocrx_word' id='word_1_156' title='bbox 536 1620 655 1676; x_wconf 86' lang='lat' dir='ltr'>justa</span> <span class='ocrx_word' id='word_1_157' title='bbox 675 1654 686 1673; x_wconf 92' lang='lat'>,</span> <span class='ocrx_word' id='word_1_158' title='bbox 713 1617 950 1663; x_wconf 88' lang='lat' dir='ltr'>nonnullos</span> <span class='ocrx_word' id='word_1_159' title='bbox 977 1635 1128 1664; x_wconf 86' lang='lat' dir='ltr'>eorum</span> <span class='ocrx_word' id='word_1_160' title='bbox 1152 1622 1296 1683; x_wconf 90' lang='lat' dir='ltr'>poenis</span> <span class='ocrx_word' id='word_1_161' title='bbox 1322 1641 1443 1686; x_wconf 84' lang='lat' dir='ltr'>prae-</span> 
     </span>
     <span class='ocr_line' id='line_1_21' title="bbox 56 1687 1439 1755; baseline 0.004 -20"><span class='ocrx_word' id='word_1_162' title='bbox 56 1689 287 1735; x_wconf 85' lang='lat' dir='ltr'>destinavit</span> <span class='ocrx_word' id='word_1_163' title='bbox 306 1687 531 1743; x_wconf 83' lang='lat' dir='ltr'>extremis,</span> <span class='ocrx_word' id='word_1_164' title='bbox 570 1688 728 1750; x_wconf 88' lang='lat' dir='ltr'>procul</span> <span class='ocrx_word' id='word_1_165' title='bbox 761 1687 900 1733; x_wconf 84' lang='lat' dir='ltr'>dubio</span> <span class='ocrx_word' id='word_1_166' title='bbox 928 1688 1079 1734; x_wconf 87' lang='lat' dir='ltr'>melius</span> <span class='ocrx_word' id='word_1_167' title='bbox 1102 1690 1439 1755; x_wconf 77' lang='lat' dir='ltr'>incomparabili</span> 
     </span>
     <span class='ocr_line' id='line_1_22' title="bbox 55 1758 1443 1827; baseline 0.003 -21"><span class='ocrx_word' id='word_1_168' title='bbox 55 1760 362 1806; x_wconf 83' lang='lat' dir='ltr'>numerositate</span> <span class='ocrx_word' id='word_1_169' title='bbox 379 1758 582 1822; x_wconf 86' lang='lat' dir='ltr'>plurimis</span> <span class='ocrx_word' id='word_1_170' title='bbox 604 1759 659 1803; x_wconf 86' lang='lat' dir='ltr'>ab</span> <span class='ocrx_word' id='word_1_171' title='bbox 681 1758 752 1804; x_wconf 81' lang='lat' dir='ltr'>illa</span> <span class='ocrx_word' id='word_1_172' title='bbox 769 1759 971 1821; x_wconf 76' lang='lat' dir='ltr'>pestifera</span> <span class='ocrx_word' id='word_1_173' title='bbox 989 1759 1199 1806; x_wconf 81' lang='lat' dir='ltr'>divisione</span> <span class='ocrx_word' id='word_1_174' title='bbox 1216 1773 1256 1806; x_wconf 88' lang='lat' dir='ltr'>et</span> <span class='ocrx_word' id='word_1_175' title='bbox 1270 1762 1443 1827; x_wconf 82' lang='lat' dir='ltr'>disper-</span> 
     </span>
     <span class='ocr_line' id='line_1_23' title="bbox 54 1829 1440 1893; baseline 0.003 -16"><span class='ocrx_word' id='word_1_176' title='bbox 54 1832 170 1877; x_wconf 88' lang='lat' dir='ltr'>sione</span> <span class='ocrx_word' id='word_1_177' title='bbox 189 1829 490 1890; x_wconf 84' lang='lat' dir='ltr'>redintegratis</span> <span class='ocrx_word' id='word_1_178' title='bbox 523 1839 652 1892; x_wconf 83' lang='lat' dir='ltr'>atque</span> <span class='ocrx_word' id='word_1_179' title='bbox 685 1829 877 1874; x_wconf 82' lang='lat' dir='ltr'>collectis</span> <span class='ocrx_word' id='word_1_180' title='bbox 895 1867 906 1882; x_wconf 84' lang='lat'>,</span> <span class='ocrx_word' id='word_1_181' title='bbox 947 1830 1128 1892; x_wconf 82' lang='lat' dir='ltr'>quidam</span> <span class='ocrx_word' id='word_1_182' title='bbox 1157 1833 1243 1877; x_wconf 91' lang='lat' dir='ltr'>suis</span> <span class='ocrx_word' id='word_1_183' title='bbox 1266 1834 1440 1893; x_wconf 82' lang='lat' dir='ltr'>ignibus</span> 
     </span>
     <span class='ocr_line' id='line_1_24' title="bbox 54 1901 1437 1966; baseline 0.002 -18"><span class='ocrx_word' id='word_1_184' title='bbox 54 1913 263 1966; x_wconf 88' lang='lat' dir='ltr'>pereunt,</span> <span class='ocrx_word' id='word_1_185' title='bbox 295 1917 429 1965; x_wconf 73' lang='lat' dir='ltr'>quam</span> <span class='ocrx_word' id='word_1_186' title='bbox 464 1901 629 1963; x_wconf 81' lang='lat' dir='ltr'>pariter</span> <span class='ocrx_word' id='word_1_187' title='bbox 660 1901 845 1945; x_wconf 81' lang='lat' dir='ltr'>universi</span> <span class='ocrx_word' id='word_1_188' title='bbox 871 1901 1142 1962; x_wconf 85' lang='lat' dir='ltr'>sempiternis</span> <span class='ocrx_word' id='word_1_189' title='bbox 1171 1903 1346 1962; x_wconf 84' lang='lat' dir='ltr'>ignibus</span> <span class='ocrx_word' id='word_1_190' title='bbox 1370 1923 1437 1965; x_wconf 78' lang='lat' dir='ltr'>ge—</span> 
     </span>
     <span class='ocr_line' id='line_1_25' title="bbox 52 1970 1436 2030; baseline 0.002 -11"><span class='ocrx_word' id='word_1_191' title='bbox 52 1973 297 2019; x_wconf 85' lang='lat' dir='ltr'>hennarum</span> <span class='ocrx_word' id='word_1_192' title='bbox 328 1971 482 2016; x_wconf 88' lang='lat' dir='ltr'>merito</span> <span class='ocrx_word' id='word_1_193' title='bbox 525 1970 743 2030; x_wconf 82' lang='lat' dir='ltr'>sacrilegae</span> <span class='ocrx_word' id='word_1_194' title='bbox 779 1971 1054 2016; x_wconf 74' lang='lat' dir='ltr'>dissensionis</span> <span class='ocrx_word' id='word_1_195' title='bbox 1091 1973 1324 2021; x_wconf 85' lang='lat' dir='ltr'>ardebunt.</span> <span class='ocrx_word' id='word_1_196' title='bbox 1363 1977 1436 2023; x_wconf 80' lang='lat' dir='ltr'>Sic</span> 
     </span>
     <span class='ocr_line' id='line_1_26' title="bbox 53 2041 1433 2107; baseline 0.002 -18"><span class='ocrx_word' id='word_1_197' title='bbox 53 2045 167 2090; x_wconf 90' lang='lat' dir='ltr'>enim</span> <span class='ocrx_word' id='word_1_198' title='bbox 192 2052 420 2107; x_wconf 84' lang='lat' dir='ltr'>pereuntes</span> <span class='ocrx_word' id='word_1_199' title='bbox 453 2041 556 2087; x_wconf 91' lang='lat' dir='ltr'>istos</span> <span class='ocrx_word' id='word_1_200' title='bbox 581 2041 699 2086; x_wconf 85' lang='lat' dir='ltr'>dolet</span> <span class='ocrx_word' id='word_1_201' title='bbox 727 2041 944 2097; x_wconf 80' lang='lat' dir='ltr'>Ecclesia,</span> <span class='ocrx_word' id='word_1_202' title='bbox 975 2043 1346 2104; x_wconf 81' lang='lat' dir='ltr'>quemadmodum</span> <span class='ocrx_word' id='word_1_203' title='bbox 1371 2064 1433 2093; x_wconf 85' lang='lat' dir='ltr'>re-</span> 
     </span>
     <span class='ocr_line' id='line_1_27' title="bbox 51 2112 1433 2173; baseline 0.002 -12"><span class='ocrx_word' id='word_1_204' title='bbox 51 2115 209 2161; x_wconf 87' lang='lat' dir='ltr'>bellem</span> <span class='ocrx_word' id='word_1_205' title='bbox 242 2114 383 2160; x_wconf 90' lang='lat' dir='ltr'>filium</span> <span class='ocrx_word' id='word_1_206' title='bbox 408 2123 582 2158; x_wconf 85' lang='lat' dir='ltr'>sanctus</span> <span class='ocrx_word' id='word_1_207' title='bbox 619 2112 788 2169; x_wconf 80' lang='lat' dir='ltr'>David,</span> <span class='ocrx_word' id='word_1_208' title='bbox 825 2113 878 2158; x_wconf 91' lang='lat' dir='ltr'>de</span> <span class='ocrx_word' id='word_1_209' title='bbox 904 2117 1029 2173; x_wconf 78' lang='lat' dir='ltr'>cujus</span> <span class='ocrx_word' id='word_1_210' title='bbox 1052 2112 1188 2160; x_wconf 81' lang='lat' dir='ltr'>salute</span> <span class='ocrx_word' id='word_1_211' title='bbox 1222 2118 1433 2164; x_wconf 81' lang='lat' dir='ltr'>servanda</span> 
     </span>
     <span class='ocr_line' id='line_1_28' title="bbox 53 2183 1430 2234; baseline 0.001 -2"><span class='ocrx_word' id='word_1_212' title='bbox 53 2186 237 2232; x_wconf 89' lang='lat' dir='ltr'>sollicita</span> <span class='ocrx_word' id='word_1_213' title='bbox 260 2184 496 2230; x_wconf 86' lang='lat' dir='ltr'>dilectione</span> <span class='ocrx_word' id='word_1_214' title='bbox 535 2183 862 2230; x_wconf 41' lang='lat' dir='ltr'>mandaverat&amp;</span> <span class='ocrx_word' id='word_1_215' title='bbox 903 2185 1014 2228; x_wconf 55' lang='lat' dir='ltr'>Bam</span> <span class='ocrx_word' id='word_1_216' title='bbox 1049 2200 1146 2228; x_wconf 84' lang='lat' dir='ltr'>eum</span> <span class='ocrx_word' id='word_1_217' title='bbox 1178 2187 1331 2232; x_wconf 87' lang='lat' dir='ltr'>merito</span> <span class='ocrx_word' id='word_1_218' title='bbox 1359 2205 1430 2234; x_wconf 90' lang='lat' dir='ltr'>ne-</span> 
     </span>
     <span class='ocr_line' id='line_1_29' title="bbox 50 2255 1430 2320; baseline 0.002 -17"><span class='ocrx_word' id='word_1_219' title='bbox 50 2256 196 2303; x_wconf 84' lang='lat' dir='ltr'>fandae</span> <span class='ocrx_word' id='word_1_220' title='bbox 228 2255 465 2320; x_wconf 85' lang='lat' dir='ltr'>impietatis</span> <span class='ocrx_word' id='word_1_221' title='bbox 498 2255 734 2300; x_wconf 82' lang='lat' dir='ltr'>extinctum</span> <span class='ocrx_word' id='word_1_222' title='bbox 754 2292 765 2310; x_wconf 94' lang='lat'>,</span> <span class='ocrx_word' id='word_1_223' title='bbox 793 2256 925 2300; x_wconf 78' lang='lat' dir='ltr'>etiam</span> <span class='ocrx_word' id='word_1_224' title='bbox 955 2271 1057 2300; x_wconf 86' lang='lat' dir='ltr'>cum</span> <span class='ocrx_word' id='word_1_225' title='bbox 1090 2256 1334 2303; x_wconf 87' lang='lat' dir='ltr'>testimonio</span> <span class='ocrx_word' id='word_1_226' title='bbox 1369 2259 1430 2306; x_wconf 79' lang='lat' dir='ltr'>la-</span> 
     </span>
     <span class='ocr_line' id='line_1_30' title="bbox 51 2327 1428 2393; baseline 0.002 -19"><span class='ocrx_word' id='word_1_227' title='bbox 51 2328 388 2393; x_wconf 77' lang='lat' dir='ltr'>crymosaevocis</span> <span class='ocrx_word' id='word_1_228' title='bbox 406 2327 632 2385; x_wconf 82' lang='lat' dir='ltr'>ingemuit.</span> <span class='ocrx_word' id='word_1_229' title='bbox 655 2327 962 2373; x_wconf 77' lang='lat' dir='ltr'>Verumtamen</span> <span class='ocrx_word' id='word_1_230' title='bbox 983 2327 1173 2389; x_wconf 86' lang='lat' dir='ltr'>superbo</span> <span class='ocrx_word' id='word_1_231' title='bbox 1185 2339 1225 2372; x_wconf 86' lang='lat' dir='ltr'>et</span> <span class='ocrx_word' id='word_1_232' title='bbox 1238 2330 1428 2390; x_wconf 82' lang='lat' dir='ltr'>maligno</span> 
     </span>
     <span class='ocr_line' id='line_1_31' title="bbox 51 2396 1429 2460; baseline 0.001 -14"><span class='ocrx_word' id='word_1_233' title='bbox 51 2399 295 2445; x_wconf 84' lang='lat' dir='ltr'>discedente</span> <span class='ocrx_word' id='word_1_234' title='bbox 313 2397 520 2444; x_wconf 90' lang='lat' dir='ltr'>inlocum</span> <span class='ocrx_word' id='word_1_235' title='bbox 543 2414 668 2442; x_wconf 90' lang='lat' dir='ltr'>suum</span> <span class='ocrx_word' id='word_1_236' title='bbox 686 2435 696 2452; x_wconf 85' lang='lat'><strong>‚</strong></span> <span class='ocrx_word' id='word_1_237' title='bbox 715 2397 908 2460; x_wconf 85' lang='lat' dir='ltr'>populus</span> <span class='ocrx_word' id='word_1_238' title='bbox 932 2396 1009 2441; x_wconf 92' lang='lat' dir='ltr'>Dei</span> <span class='ocrx_word' id='word_1_239' title='bbox 1029 2433 1038 2451; x_wconf 93' lang='lat'>,</span> <span class='ocrx_word' id='word_1_240' title='bbox 1063 2397 1138 2459; x_wconf 79' lang='lat' dir='ltr'>qui</span> <span class='ocrx_word' id='word_1_241' title='bbox 1156 2397 1297 2444; x_wconf 80' lang='lat' dir='ltr'>fuerat</span> <span class='ocrx_word' id='word_1_242' title='bbox 1314 2400 1429 2447; x_wconf 87' lang='lat' dir='ltr'>illius</span> 
     </span>
     <span class='ocr_line' id='line_1_32' title="bbox 52 2467 1429 2534; baseline 0.001 -17"><span class='ocrx_word' id='word_1_243' title='bbox 52 2469 279 2534; x_wconf 77' lang='lat' dir='ltr'>tyrannide</span> <span class='ocrx_word' id='word_1_244' title='bbox 311 2467 504 2523; x_wconf 84' lang='lat' dir='ltr'>divisus,</span> <span class='ocrx_word' id='word_1_245' title='bbox 542 2468 720 2528; x_wconf 82' lang='lat' dir='ltr'>agnovit</span> <span class='ocrx_word' id='word_1_246' title='bbox 757 2484 900 2527; x_wconf 82' lang='lat' dir='ltr'>regem</span> <span class='ocrx_word' id='word_1_247' title='bbox 932 2483 1083 2520; x_wconf 79' lang='lat' dir='ltr'>suum3</span> <span class='ocrx_word' id='word_1_248' title='bbox 1118 2477 1159 2512; x_wconf 90' lang='lat' dir='ltr'>et</span> <span class='ocrx_word' id='word_1_249' title='bbox 1188 2468 1244 2514; x_wconf 88' lang='lat' dir='ltr'>de</span> <span class='ocrx_word' id='word_1_250' title='bbox 1277 2471 1429 2518; x_wconf 83' lang='lat' dir='ltr'>amisso</span> 
     </span>
     <span class='ocr_line' id='line_1_33' title="bbox 50 2536 1341 2602; baseline 0 -15"><span class='ocrx_word' id='word_1_251' title='bbox 50 2540 141 2587; x_wconf 90' lang='lat' dir='ltr'>filio</span> <span class='ocrx_word' id='word_1_252' title='bbox 160 2554 391 2586; x_wconf 80' lang='lat' dir='ltr'>moerorem</span> <span class='ocrx_word' id='word_1_253' title='bbox 410 2537 548 2601; x_wconf 85' lang='lat' dir='ltr'>patris</span> <span class='ocrx_word' id='word_1_254' title='bbox 564 2574 577 2597; x_wconf 92' lang='lat'>,</span> <span class='ocrx_word' id='word_1_255' title='bbox 604 2536 815 2602; x_wconf 84' lang='lat' dir='ltr'>perfectio</span> <span class='ocrx_word' id='word_1_256' title='bbox 833 2536 1055 2583; x_wconf 77' lang='lat' dir='ltr'>consolata</span> <span class='ocrx_word' id='word_1_257' title='bbox 1074 2547 1136 2583; x_wconf 87' lang='lat' dir='ltr'>est</span> <span class='ocrx_word' id='word_1_258' title='bbox 1149 2538 1341 2587; x_wconf 82' lang='lat' dir='ltr'>unitatis.</span> 
     </span>
    </p>
   </div>
   <div class='ocr_carea' id='block_1_3' title="bbox 98 2622 1294 2723">
    <p class='ocr_par' dir='ltr' id='par_1_4' title="bbox 98 2622 1294 2723">
     <span class='ocr_line' id='line_1_34' title="bbox 98 2622 412 2665; baseline -0.01 -9"><span class='ocrx_word' id='word_1_259' title='bbox 98 2623 110 2647; x_wconf 84' lang='lat'><strong>¹</strong></span> <span class='ocrx_word' id='word_1_260' title='bbox 128 2635 148 2656; x_wconf 82' lang='lat'><em>2</em></span> <span class='ocrx_word' id='word_1_261' title='bbox 165 2626 248 2665; x_wconf 85' lang='lat' dir='ltr'>Reg.</span> <span class='ocrx_word' id='word_1_262' title='bbox 266 2633 365 2662; x_wconf 78' lang='lat' dir='ltr'>xvni,</span> <span class='ocrx_word' id='word_1_263' title='bbox 380 2622 412 2653; x_wconf 82' lang='grc'>5.</span> 
     </span>
     <span class='ocr_line' id='line_1_35' title="bbox 1224 2691 1294 2723; baseline 0.043 -4"><span class='ocrx_word' id='word_1_264' title='bbox 1224 2692 1238 2720; x_wconf 82' lang='lat'>1</span> <span class='ocrx_word' id='word_1_265' title='bbox 1251 2691 1294 2723; x_wconf 87' lang='lat' dir='ltr'>O.</span> 
     </span>
    </p>
   </div>
  </div>
 </body>
</html>
