1769 3235
496 321 707 352 Et>1s‘t‘01‘.A
744 323 940 354 ccxxxii,
1317 313 1409 356 :305

35 393 227 440 salutatis
245 429 256 445 ‚
284 389 478 436 eamdem
501 387 682 433 salutem
714 388 943 434 nobiscum
976 389 1138 435 habere
1174 391 1348 437 nolitis?
1368 392 1414 438 Si

37 474 177 510 autem
210 461 421 508 fallaciter
457 468 586 522 atque
627 457 856 503 irridenter
893 459 992 505 haec
1024 461 1240 517 scribitis,
1276 462 1416 508 ita-ue

35 533 207 580 tandem
236 533 343 579 mihi
376 531 547 591 negotia
578 539 717 574 vestra
743 529 937 575 curanda
965 530 1191 593 imponitis
1214 569 1224 586 ‚
1265 543 1311 578 ut
1335 550 1417 578 no-

34 621 131 652 men
150 610 242 665 eJus
259 642 269 660 ‚
293 620 371 667 per
393 619 522 666 quem
543 599 709 664 aliquid
732 617 905 663 possum
926 636 935 656 ,
963 602 1157 648 audeatis
1186 620 1273 648 non
1294 621 1420 650 vene·

39 675 206 722 ratione
238 674 384 720 debita
412 671 606 718 attollere
628 708 638 724 ‚
666 671 739 716 sed
758 671 1037 717 insultatione
1059 673 1302 720 adulatoria
1322 692 1419 719 ven-

48 744 169 792 tilare
187 748 204 790 ,ὓ

109 816 190 862 llI.
210 815 366 860 Sciatis
387 831 471 869 tue,
487 813 745 868 clla1·issimi‚
759 813 1076 859 cumineffabili
1101 830 1182 877 pro
1203 815 1326 860 vobis
1344 827 1425 860 tre-

43 902 160 932 more
183 885 327 930 cordis
347 885 448 929 haec
473 883 631 928 dicere.
662 883 771 929 Novi
799 884 911 928 enini
937 895 1103 947 quanto
1124 885 1365 945 graviorem
1384 899 1425 931 ct

40 956 394 1022 perniciosiorem
436 972 609 1000 eausam
649 955 741 1000 sitis
777 955 976 1000 habituri
1018 956 1134 1019 apud
1184 958 1322 1002 Deum
1344 995 1354 1013 ,
1397 958 1431 1002 si

40 1027 200 1074 frustra
225 1027 351 1073 vobis
373 1027 472 1071 haec
497 1025 658 1072 dixero.
683 1026 844 1071 Omnia
866 1043 966 1088 quae
991 1027 1224 1090 praeteritis
1258 1037 1430 1091 tempo-

42 1099 164 1146 ribus
202 1116 303 1158 erga
341 1098 588 1143 humanum
624 1114 758 1156 genus
801 1102 982 1156 majores
1022 1098 1157 1144 nostri
1198 1109 1312 1158 gesta
1349 1116 1435 1144 esse

42 1171 354 1226 meminerunt,
396 1169 609 1232 nobisque
642 1168 948 1223 tradiderunt3
990 1170 1136 1215 onmia
1169 1171 1299 1215 etiam
1332 1186 1433 1233 quae

42 1260 119 1288 nos
136 1241 333 1288 videmus
353 1280 363 1296 ‚
393 1252 434 1286 et
456 1239 638 1304 posteris
662 1239 873 1285 tradimus
889 1278 898 1295 ,
920 1258 1021 1304 quae
1041 1252 1182 1286 tamen
1207 1241 1426 1304 pertinent

42 1312 96 1358 ad
126 1330 274 1359 veram
303 1312 554 1373 religionem
591 1310 875 1374 quaerendam
915 1322 956 1357 et
991 1311 1223 1357 tenendam
1244 1349 1254 1369 .—
1287 1311 1436 1357 diviua

43 1383 272 1447 Scriptura
298 1401 386 1429 non
413 1383 578 1438 tacuit3
605 1385 675 1428 sed
706 1384 763 1427 ita
791 1383 969 1429 omnino
996 1394 1156 1429 cuncta
1182 1394 1432 1439 transeunt,

42 1466 89 1501 ut
112 1454 348 1500 transitura
374 1471 459 1499 csse
488 1452 703 1517 praedicta
737 1464 851 1499 sunt.
886 1452 1051 1499 Videtis
1073 1466 1187 1499 certe
1214 1453 1431 1517 populum

43 1524 297 1571 Judaeorum
323 1524 520 1571 avulsum
543 1542 564 1569 a
585 1523 760 1569 sedibus
785 1524 872 1569 suis
891 1562 900 1579 ‚
926 1541 999 1587 per
1021 1542 1169 1569 omnes
1186 1523 1273 1569 fere
1300 1534 1432 1569 terras

41 1594 366 1642 disseminatum
394 1606 526 1658 atque
553 1594 775 1640 diffusum.
820 1595 873 1639 Et
908 1594 1028 1655 origo
1053 1594 1243 1653 ejusdem
1276 1593 1432 1658 populi

42 1675 84 1710 et
106 1664 373 1711 incrementa
396 1676 438 1710 et
471 1664 591 1724 regni
620 1664 789 1709 amissio
817 1675 857 1708 ‹=t
886 1682 965 1727 per
991 1676 1150 1709 cuncta
1184 1663 1395 1728 dispersio
1418 1703 1428 1720 ,

41 1735 153 1782 sicut
177 1737 418 1800 praedicta,
442 1736 503 1782 ita
527 1735 642 1781 facta
667 1747 781 1782 sunt.
817 1735 982 1781 Videtis
1005 1747 1120 1780 certe
1149 1752 1196 1780 cx
1234 1736 1330 1798 ipso
1353 1753 1431 1798 po-

41 1806 148 1869 pulo
173 1809 357 1853 verbum
380 1809 459 1853 Dei
478 1807 723 1870 Legemque
748 1805 1037 1868 prodeuntem
1071 1822 1148 1868 per
1181 1805 1428 1861 Christum,

42 1877 117 1940 qui
136 1895 184 1923 ex
206 1878 290 1924 illis
309 1877 570 1923 mirabiliter
593 1888 721 1922 natus
745 1887 805 1922 est
826 1914 835 1930 ‚
863 1877 1055 1922 omnium
1081 1876 1273 1935 gentium
1296 1876 1425 1921 fidem

42 1964 277 2011 occupasse
317 1959 446 2012 atque
491 1947 688 1993 tenuisse.
732 1948 795 1992 Ita
833 1947 931 1992 liaec
956 1948 1098 1992 omnia
1133 1947 1427 2010 praenuntiata

10 2016 250 2078 legimus,
296 2031 342 2065 ut
375 2018 586 2065 videmus.
623 2017 789 2064 Videtis
826 2028 941 2063 certe
979 2017 1137 2063 multos
1174 2018 1380 2081 praecisos
1408 2034 1428 2062 a

42 2088 187 2135 radice
203 2090 468 2136 Cliristianae
487 2090 700 2135 societatis
717 2127 726 2135 .
747 2105 847 2151 (snae
869 2106 945 2152 per
963 2088 1093 2134 Sedes
1118 2088 1424 2152 Apostolorum

42 2169 83 2204 et
107 2162 394 2207 successiones
419 2162 729 2224 episcoporum
765 2171 881 2205 certa
916 2177 994 2223 per
1020 2160 1169 2205 orbem
1204 2177 1425 2222 propaga-

44 2228 158 2275 tione
175 2232 455 2283 diffunditur,
483 2233 536 2278 de
557 2232 644 2277 sola
670 2234 804 2290 figura
837 2232 1011 2291 originis
1034 2269 1043 2278 .
1068 2232 1150 2276 sul)
1170 2231 1422 2275 Christiano

43 2301 234 2359 nomine,
251 2303 374 2367 quasi
403 2304 638 2349 arescentia
664 2315 874 2348 sarmenta
902 2302 1093 2361 gloriari⁷
1115 2319 1222 2365 quas
1243 2302 1425 2347 haereses

44 2382 84 2415 et
108 2372 341 2419 schismata
376 2375 652 2419 nominamus
684 2392 693 2418 z
732 2374 944 2437 przevisa,
983 2372 1222 2436 prtedictQ
1259 2374 1423 2436 scripta

43 2453 143 2488 sunt
169 2445 329 2490 onmia.
364 2445 528 2491 Videtis
569 2457 680 2491 certe
705 2445 1036 2490 simulacrorum
1069 2443 1227 2507 templa
1259 2444 1420 2507 partim

45 2513 133 2559 sine
160 2517 433 2578 reparatione
457 2516 647 2580 collapsa
667 2555 676 2572 ,
707 2518 864 2580 partim
895 2516 1059 2572 diruta,
1078 2516 1239 2580 partini
1258 2515 1422 2572 clausa,

45 2587 201 2646 partim
231 2587 273 2631 in
299 2604 398 2632 usus
425 2587 527 2633 alios
554 2599 823 2634 commutata
853 2606 863 2632 :
895 2588 1075 2651 ipsaque
1106 2587 1337 2634 simulacra
1355 2585 1424 2633 vel

45 2655 287 2715 confringi.-
323 2658 385 2702 vcl
423 2658 590 2704 int-cudi
614 2698 622 2705 .
655 2658 721 2705 vel
747 2657 940 2710 includi,
969 2658 1034 2705 vel
1061 2657 1220 2704 destrui
1251 2676 1260 2702 :
1296 2668 1423 2720 atque

179 2747 371 2778 immiti.
1230 2749 1285 2778 zo
