1769 3235
354 285 415 337 70
775 287 809 316 ὅ.
852 286 1097 317 AUGUSTINI
1133 287 1336 318 EPISCOPI
1762 265 1766 322 i

356 350 522 408 tendis,
563 368 663 399 cuni
700 369 858 398 asseras
891 369 979 398 non
1015 370 1063 398 ex
1101 353 1336 416 operibus,
1372 352 1444 399 sed
1471 370 1518 399 ex
1542 365 1724 401 vocante
1761 369 1769 404 η

356 421 524 468 dictum
545 439 630 468 esse
651 460 662 479 ‚
689 444 709 464 «
729 423 870 482 Major
896 423 1048 469 serviet
1071 424 1240 469 minori.
1271 424 1411 486 Moysi
1433 424 1546 470 enim
1577 424 1686 471 dicit
1708 462 1720 482 ,
1768 479 1769 484 ¹

355 492 540 557 »inquit
563 494 832 540 :Miserehor
861 494 933 540 cui
963 494 1160 539 misertus
1192 511 1265 539 ero
1284 531 1295 549 ‚
1322 504 1362 539 et
1384 495 1722 541 misericordiam
1761 500 1769 553 ξι,

353 583 374 606 »
394 564 618 627 pf'aestabo
639 565 712 610 cui
738 564 976 610 misericors
1000 564 1136 612 suero.
1166 565 1304 624 Igitur
1328 582 1413 610 non
1441 565 1624 611 volentis
1646 582 1723 612 ne-
1760 580 1763 596 ¹

351 655 372 676 »
392 650 479 698 que
497 635 711 680 currentis
733 672 744 691 ,
771 634 843 680 secl
866 635 1101 680 miserentis
1129 645 1189 680 est
1220 634 1311 681 Dei.
1334 655 1355 678 ³>
1374 635 1463 681 Ubi
1485 652 1603 681 nunc
1627 652 1723 681 me-

346 705 429 751 rita
446 741 457 759 ‚
480 705 559 750 ubi
583 722 714 768 opera
738 705 805 751 vel
835 705 1055 768 praeterita
1075 742 1085 760 ,
1106 705 1173 751 vel
1196 705 1341 751 futura
1363 715 1571 770 tanquam
1594 705 1723 752 liberi
1759 706 1768 722 ’

349 774 519 821 arbitrii
540 775 710 822 viribus
726 775 1350 839 adimpletavcladimplenda‘?
1363 776 1516 821 Nonne
1529 786 1722 839 apertam

343 844 531 908 protulit
569 845 800 908 Apostolus
836 846 890 892 de
922 845 1122 906 gratuitae
1156 846 1335 905 gratiae,
1378 846 1464 891 hoc
1499 856 1586 902 est,
1609 862 1724 893 verae
1758 864 1769 915 3¹

344 915 494 975 gratiae
514 916 893 962 commendatione
923 915 1209 962 sententiam?
1237 916 1390 962 Nonne
1419 915 1597 962 stultam
1619 915 1722 962 fecit
1758 933 1769 962 i

345 985 463 1031 Deus
482 985 789 1032 haereticorum
814 985 1105 1049 sapientiam?
1757 996 1760 1003 “

409 1056 612 1102 XXXVI.
645 1056 766 1113 Quid
791 1067 935 1101 autem
955 1056 1164 1114 agebatur
1185 1092 1196 1112 ,
1222 1066 1270 1101 ut
1291 1055 1378 1101 hoc
1397 1055 1632 1120 Apostolus
1648 1055 1722 1102 di·-
1756 1064 1769 1111 j.

342 1136 482 1181 ceret,
511 1136 559 1171 ut
591 1143 741 1172 eorum
767 1127 1038 1187 geminorum
1063 1137 1423 1172 commemoraret
1444 1126 1719 1190 exemplum?
1756 1134 1769 1183 f‘

343 1196 464 1253 Quid
499 1196 759 1260 persuadere
782 1197 1046 1242 moliebatur
1066 1200 1084 1243 Ξ)
1103 1197 1211 1261 quid
1234 1197 1452 1242 inculcare
1477 1197 1722 1260 cupiebat?
1755 1200 1769 1234 2:

343 1267 511 1330 Nempe
537 1266 624 1313 hoc
647 1267 801 1344 quod
790 1284 988 1331 ipsorum
1018 1278 1247 1331 oppugnat
1272 1268 1483 1323 amentia,
1510 1267 1629 1330 quod
1654 1283 1722 1314 su·
1753 1262 1769 1316 2,

341 1336 471 1400 perbi
489 1353 577 1382 non
599 1337 808 1415 capiunt,
832 1337 951 1400 quod
977 1354 1127 1401 sapere
1155 1337 1335 1394 nolunt,
1364 1358 1382 1378 «
1406 1338 1529 1394 Qui
1519 1354 1722 1398 ignoran-
1753 1351 1769 1387 ἧι

341 1418 442 1453 »tes
466 1408 548 1454 Dei
569 1408 805 1468 justitiam,
832 1419 873 1454 et
896 1425 1017 1455 suam
1036 1409 1224 1455 volentes
1251 1409 1526 1464 constituere,
1544 1408 1756 1468 ’μιεῐίῑίεεξ
1752 1426 1769 1459 1

341 1500 364 1521 >2
382 1478 465 1524 Dei
488 1494 577 1524 non
604 1489 708 1524 sunt
741 1478 1020 1538 subjecti1.›>
1047 1479 1145 1526 De
1134 1496 1229 1543 ipsa
1256 1478 1425 1543 quippe
1449 1478 1587 1540 gratia
1620 1479 1722 1525 satis
1751 1480 1769 1529 ti

344 1548 500 1609 agebat
520 1547 778 1611 ApostOIUS‚
803 1559 844 1594 et
868 1548 966 1594 ideo
992 1549 1290 1612 promissionis
1311 1550 1423 1595 filios
1445 1548 1722 1595 commenda·
1750 1564 1769 1600 ιι

342 1619 434 1667 bat.
468 1618 600 1675 Quod
635 1619 749 1664 enim
776 1619 996 1682 promittit
1029 1621 1169 1670 Deus
1208 1636 1296 1665 non
1334 1618 1438 1664 facit
1463 1618 1546 1665 nisi
1586 1621 1714 1667 Deus.
1749 1626 1769 1682 μ’

343 1689 491 1736 Habet
516 1706 707 1753 namque
726 1689 893 1754 aliquid
920 1691 1096 1736 rationis
1113 1701 1155 1736 et
1174 1707 1199 1735 v
1203 1690 1383 1745 eruatis,
1402 1701 1450 1736 ut
1466 1690 1601 1735 homo
1619 1707 1721 1753 pro-

343 1759 518 1815 mittat,
546 1770 589 1805 et
626 1759 792 1805 faciat:
841 1771 890 1806 ut
925 1772 1067 1807 autem
1105 1761 1240 1807 homo
1280 1760 1419 1806 facere
1453 1760 1571 1806 dicat
1598 1746 1752 1824 quod‘

340 1830 590 1893 promiserit
613 1830 729 1877 Deus
746 1831 976 1894 superba,
967 1832 1202 1895 impietatis
1221 1842 1283 1877 est
1299 1831 1513 1909 reprobus
1532 1847 1691 1878 sensus.
1748 1830 1751 1848 ⁵

407 1900 635 1947 XXXVII.
671 1900 995 1947 Commendans
1018 1919 1119 1962 ergo
1145 1901 1255 1948 filios
1280 1901 1605 1965 promissionis,
1632 1901 1720 1947 hoe

342 1970 537 2034 primum
556 1971 848 2031 significatum
867 1972 1079 2028 ostendit,
1096 1990 1175 2036 per
1198 1974 1318 2018 Isaac
1339 1972 1477 2018 filium
1508 1971 1714 2019 Abrahae.
1747 1964 1750 1979 ’

344 2041 601 2088 Evidentius
633 2060 821 2106 namque
845 2059 954 2107 opus
979 2043 1059 2089 Dei
1085 2053 1268 2106 apparet
1290 2044 1335 2089 in
1369 2060 1419 2088 eo
1438 2080 1448 2099 ,
1477 2060 1607 2106 quem
1631 2059 1719 2089 non

343 2113 494 2172 genuit
529 2114 711 2159 usitatus
741 2114 849 2160 ordo
883 2125 1053 2160 naturae
1083 2114 1135 2160 de
1165 2114 1383 2160 sterilibus
1416 2114 1656 2160 visceribus
1679 2118 1748 2166 eti

343 2194 561 2230 senectute
588 2184 821 2241 confectis,
854 2196 903 2231 ut
921 2186 967 2231 in
990 2185 1088 2231 filiis
1113 2185 1214 2241 Dei,
1241 2185 1321 2248 qui
1338 2184 1473 2230 futuri
1504 2200 1719 2247 praenun-
1744 2210 1748 2241 ς

340 2254 567 2302 tiabantur
582 2293 592 2312 ‚
618 2255 704 2302 hoc
734 2267 839 2302 esset
861 2256 1032 2317 signum
1051 2256 1188 2302 divini
1209 2257 1350 2319 operis
1366 2293 1375 2311 ‚
1400 2273 1487 2301 non
1510 2255 1711 2302 humani.

341 2345 362 2367 ε(
381 2326 433 2370 In
452 2327 572 2372 Isaac
588 2364 598 2383 ‚
625 2327 797 2391 inquit,
829 2329 1062 2374 vocabitur
1087 2327 1167 2372 tibi
1192 2344 1362 2383 semen3
1385 2327 1471 2372 hoc
1507 2338 1568 2372 est
1589 2363 1600 2382 ‚
1628 2343 1716 2372 non
1741 2343 1746 2382 ,ζ

343 2417 364 2438 »
384 2396 460 2459 qui
480 2396 559 2443 filii
583 2398 725 2443 carnis
742 2435 753 2453 ,
777 2398 805 2444 ii
830 2398 908 2444 filii
935 2399 1011 2444 Dei
1032 2436 1042 2453 ‚
1063 2398 1135 2444 sed
1157 2398 1236 2443 filii
1261 2397 1557 2460 promissionis
1574 2396 1716 2460 depu-
1741 2401 1745 2434 ἑ

342 2486 363 2508 »
383 2476 529 2513 tantur
557 2467 603 2513 in
638 2485 795 2515 semen.
827 2469 1128 2515 Promissionis
1151 2469 1264 2514 enim
1296 2468 1479 2513 verbum
1505 2467 1590 2512 hoc
1617 2477 1678 2513 est
1702 2484 1712 2512 :
1740 2481 1744 2500 ³

341 2559 362 2580 n
383 2536 451 2584 Ad
476 2537 562 2584 hoc
587 2549 760 2602 tempus
778 2539 971 2594 veniam,
997 2550 1038 2586 et
1055 2540 1135 2585 erit
1155 2540 1273 2585 Sarae
1294 2537 1420 2585 filius,
1456 2539 1555 2584 Non
1574 2536 1714 2584 solum
1740 2563 1760 2598 3v

389 2623 399 2644 ¹
419 2623 512 2655 Rom.
532 2632 563 2661 x,
585 2623 615 2655 3.
