1769 3235
513 266 726 298 EPisrotA
762 268 910 299 ccxlv.
1308 252 1400 299 203

10 328 13 399 3
33 333 192 380 credite
216 333 374 380 divinis
393 333 604 396 eloquiis,
624 333 726 396 quia
751 343 793 378 et
813 332 1001 379 liberum
1033 344 1094 379 est
1117 333 1308 381 hominis
1333 353 1405 381 ar-

10 449 11 456 ,
32 404 232 461 binium,
256 415 298 450 et
320 404 454 464 gratia
481 403 584 460 Dei,
605 403 694 448 sine
718 406 844 462 cujus
867 402 1084 462 adjutorio
1118 404 1305 450 liberum
1338 422 1405 451 ar-

0 472 13 525 ῚΞ
32 474 212 524 bitrium
237 492 315 521 nec
347 474 541 520 converti
568 483 708 536 potest
735 472 789 518 ad
819 473 956 518 Deum
979 510 989 529 ,
1017 490 1096 519 nec
1119 475 1331 536 proficere
1359 476 1404 520 in

9 567 12 603 ¹.
34 545 135 591 Deo.
161 546 218 590 Et
238 544 357 609 quod
379 545 451 608 pie
477 543 674 599 creditis,
702 554 751 589 ut
767 544 899 589 etiam
923 544 1139 607 sapienter
1159 545 1405 605 intelligatis

9 670 11 673 ι
33 625 161 661 orate.
192 616 248 661 Et
267 614 321 660 ad
344 615 430 660 hoc
452 615 595 678 ipsum
614 615 729 659 enim
745 651 755 670 ,
789 613 835 659 id
855 624 944 669 est,
970 624 1019 659 ut
1040 615 1254 677 sapienter
1272 615 1404 660 intel-

31 684 214 747 ligamus
231 721 242 741 ,
271 695 330 730 est
348 685 498 748 utique
523 684 709 730 liberum
732 684 977 731 arbitrium.
1012 684 1103 729 Msi
1125 686 1237 730 enim
1265 685 1405 732 libero

8 763 13 817 ζ-
33 754 212 800 arbitrio
233 754 567 814 intelligeremus
586 764 714 818 atque
736 771 769 799 s
759 759 1014 817 meremus,
1041 771 1127 799 non
1151 754 1276 799 nobis
1294 765 1407 832 prec-

32 825 248 888 ciperetur
278 824 449 870 dicente
483 824 739 888 Scriptura,
779 846 797 866 α
822 824 1055 884 Intelligite
1083 840 1183 884 ergo
1207 825 1285 888 qui
1306 824 1407 869 insi-

8 887 234 958 Sapientes
270 895 369 941 estis
405 896 450 941 in
487 895 675 960 populo,
703 907 744 941 et
776 895 896 941 stulti
920 895 1155 959 aliquando
1176 894 1346 958 sapite1
1353 932 1362 942 .

8 974 9 1031 J
33 965 124 1012 Eo
112 981 207 1029 lpso
226 966 393 1030 quippe
414 983 501 1030 quo
523 971 797 1030 praeceptum
816 977 857 1011 et
886 966 1149 1029 imperatum
1177 976 1238 1011 est
1269 976 1318 1011 ut
1344 966 1408 1010 in-

7 1035 9 1092 j
31 1035 274 1096 telligamus
292 1047 421 1100 atque
438 1037 656 1099 sapiamus
674 1074 684 1092 ‚
711 1036 956 1082 obedientia
976 1046 1118 1082 nostra
1142 1035 1379 1099 requiritur
1394 1073 1406 1092 ,

7 1107 9 1136 ³
31 1122 128 1170 quae
154 1106 274 1151 nulla
301 1117 445 1170 potest
467 1124 553 1152 esse
577 1108 666 1152 sine
694 1107 833 1152 libero
859 1107 1058 1154 arbitrio.
1098 1105 1182 1152 Sed
1202 1107 1235 1152 si
1268 1117 1410 1169 posset

6 1177 116 1224 ihoc
138 1176 284 1240 ipsum
315 1177 404 1222 sine
440 1176 657 1236 adjutorio
698 1177 777 1222 Dei
801 1178 951 1237 gratiae
986 1178 1078 1222 fieri
1111 1194 1190 1239 per
1221 1176 1407 1222 liberum

6 1268 9 1307 3
31 1246 260 1294 arbitrium
280 1279 291 1304 ,
320 1257 369 1293 ut
389 1247 725 1307 intelligeremus
744 1257 873 1311 atque
890 1263 1157 1311 saperemus,
1179 1258 1265 1292 non
1287 1246 1409 1292 dice-

6 1316 8 1337 ³
30 1327 148 1365 retur
181 1319 273 1364 Deo
289 1355 300 1374 ,
339 1339 360 1359 α
379 1319 446 1363 Da
480 1318 592 1364 mihi
624 1318 924 1375 intellectum,
951 1328 991 1363 et
1014 1317 1179 1363 discam
1204 1316 1409 1362 mandata

6 1388 205 1445 intua2,
227 1409 248 1430 »
285 1405 426 1452 neque
461 1382 506 1434 in
547 1388 781 1450 Evangelio
822 1389 1034 1453 scriptum
1075 1397 1211 1445 esset,
1239 1409 1259 1429 α
1283 1389 1409 1433 'lunc

6 1483 7 1528 3
30 1475 52 1502 n
75 1459 246 1522 aperuit
271 1454 356 1505 illis
378 1475 547 1506 sensum
573 1470 622 1506 ut
644 1459 935 1540 intelligerent
960 1459 1212 1523 Scripturas
1227 1458 1275 1487 ³·
1265 1479 1311 1504 .›>
1331 1474 1411 1504 nec

28 1529 219 1575 Jacobus
252 1530 471 1609 apostolus
495 1530 686 1587 diceret,
720 1551 739 1573 c<
759 1532 803 1577 Si
835 1532 933 1595 quis
957 1540 1099 1576 autem
1130 1540 1321 1576 vestrum
1344 1529 1409 1575 in—

6 1613 52 1643 ὴ
72 1599 190 1660 diget
208 1601 447 1664 sapientia,
480 1602 674 1666 postulet
696 1620 718 1648 a
739 1604 860 1658 Deo,
894 1602 970 1666 qui
990 1601 1065 1647 dat
1100 1601 1306 1647 omnibus
1340 1600 1410 1646 af-

5 1646 8 1746 3
31 1684 53 1714 ·»
73 1670 280 1730 fluenter,
301 1682 342 1719 et
374 1689 463 1719 non
493 1674 791 1738 improperat,
819 1685 860 1719 et
891 1674 1075 1720 dabitur
1099 1672 1183 1720 eil&
1211 1695 1229 1715 υ
1251 1673 1410 1718 Potens

5 1748 89 1808 3est
107 1752 251 1788 autem
277 1743 518 1800 Dominus,
543 1745 679 1809 quiet
698 1744 824 1791 vobis
849 1744 981 1790 donet
1004 1754 1046 1790 et
1076 1743 1232 1799 nobiS,
1271 1753 1321 1789 ut
1356 1742 1409 1788 de

4 1827 8 1887 3
30 1823 166 1860 vestra
185 1830 295 1877 pace
311 1825 353 1860 et
368 1815 441 1879 pia
464 1816 744 1862 consensione
772 1816 938 1862 nuntiis
962 1814 1196 1861 celerrimis
1223 1813 1409 1874 gaudea-

5 1892 139 1945 3mus.
169 1884 320 1931 Saluto
354 1902 463 1942 vos,
501 1903 589 1932 non
623 1887 763 1933 solum
800 1903 896 1932 meo
931 1886 1140 1942 nomine,
1175 1884 1248 1931 sed
1278 1884 1409 1930 etiam

4 1954 212 2011 3fi¹atrum
247 1958 325 2021 qui
368 1975 538 2004 mecum
575 1969 676 2005 sunt
698 1996 708 2015 ,
751 1970 793 2005 et
828 1975 933 2019 rogo
963 1968 1013 2004 ut
1036 1974 1118 2022 pro
1145 1956 1273 2003 nobis
1299 1972 1409 2002 con-

30 2025 220 2073 corditer
243 2036 370 2092 atque
387 2028 598 2076 instanter
621 2030 764 2079 oretis.
792 2029 857 2076 Sit
881 2029 1110 2075 vobiscum
1137 2027 1367 2074 Dominus.

5 2101 8 2166 ἰ
79 2118 91 2142 ¹
111 2111 193 2152 Psai.
209 2130 303 2163 xcui,
325 2118 435 2153 8.--2
453 2119 500 2152 Id.
522 2132 635 2158 cxvm,
658 2123 734 2154 125.
757 2140 797 2145 —
819 2118 833 2144 3
851 2121 929 2154 Luc.
950 2132 1016 2159 xxv,
1032 2122 1089 2157 45.
1107 2137 1152 2143 —
1167 2116 1181 2142 ⁴¹
1206 2119 1302 2151 Joau.
1329 2130 1356 2155 1,
1375 2119 1408 2150 5.

4 2177 7 2205 l

4 2217 7 2307 l
