1769 3235
465 305 867 338 RETRACTATIONUM
902 308 988 338 mn.
1032 307 1082 339 11.
1353 290 1410 336 55
1423 301 1440 336 1

83 389 184 419 cum
209 372 422 436 episcopis
449 390 596 418 eorum
617 373 853 418 habuimus
872 410 882 428 ‚
910 391 961 418 ne
985 374 1042 418 ab
1062 373 1119 418 eis
1142 372 1451 419 seducerentur

83 443 276 489 ulterius.
308 444 394 489 Ubi
423 443 625 506 respondi
650 444 777 487 ctiam
805 444 1067 506 quibusdam
1088 444 1353 489 vanitatibus
1380 459 1450 488 eo-

82 529 177 557 rum
203 530 300 575 quae
333 513 386 559 ad
423 531 500 558 nos
536 513 760 576 pervenire
792 524 1030 575 potuerunt
1053 551 1062 569 ‚
1104 531 1210 576 quas
1239 514 1344 558 victi
1372 512 1452 558 ubi

83 593 282 645 poterant
301 619 310 636 ‚
341 593 382 627 et
418 582 639 645 quomodo
664 593 864 644 poterant
884 584 1172 644 jactitabant;
1201 594 1356 646 praeter
1375 582 1449 627 illa

85 668 186 714 quae
209 652 295 697 dixi
316 652 369 697 de
392 653 530 698 Gestis
551 652 793 697 collationis
810 689 821 708 ‚
851 653 965 698 unde
989 653 1094 715 quid
1116 664 1259 698 actum
1281 654 1336 699 sit
1352 653 1449 698 bre-

85 724 194 768 viter
213 734 473 769 nosceretur.
512 723 652 768 Multo
674 733 817 768 autem
843 723 1017 769 brevius
1038 723 1082 768 id
1107 724 1172 783 egi
1193 725 1236 769 in
1263 723 1453 787 quadam

87 792 139 837 ad
162 792 333 837 eosdem
358 810 504 839 rursus
529 793 723 856 epistola.
753 793 837 839 Sed
864 794 966 857 quia
1001 793 1046 838 in
1075 794 1260 839 concilio
1296 794 1453 840 Numi-

86 861 173 907 diae
195 863 398 908 omnibus
418 864 496 926 qui
520 863 584 908 ibi
614 880 783 909 eramus
805 864 893 910 hoc
924 864 1015 909 fieri
1041 863 1238 927 placuit,
1275 880 1364 908 non
1396 873 1458 908 est

87 932 132 977 in
153 932 343 995 epistolis
375 934 492 980 meis.
530 933 602 979 Sic
625 935 791 998 quippe
812 934 997 997 incipit:
1028 934 1258 995 blrlwanns
1277 950 1424 978 senex
1441 969 1454 990 ‚

95 1004 391 1060 Valentinus,
418 1005 743 1062 Innocentius,
767 1007 1082 1062 Allaxz‘tninus,
1116 1006 1459 1068 ()])ί(ιίιι.ς,Αιι-

84 1078 304 1136 gustinzcs
324 1111 335 1130 ‚
372 1075 621 1129 Donatus,
660 1086 707 1121 et
737 1078 896 1121 caeteri
930 1077 1138 1139 episcopi
1175 1075 1233 1120 cle
1264 1075 1460 1119 concilio

89 1147 307 1190 Zet-tensi
337 1145 404 1190 acl
432 1147 724 1191 Donatistas.
759 1146 843 1191 Hic
877 1146 990 1192 liber
1013 1145 1074 1192 sic
1103 1145 1294 1210 incipit:
1328 1143 1459 1205 Quid

39 1247 47 1257 .
91 1215 247 1261 adletae
263 1252 275 1273 ,
300 1219 568 1262 Donatistce
584 1254 595 1273 ‚
625 1217 920 1264 seducimini.

90 1377 454 1391 xmmwuw-mm
462 1379 705 1392 mmm-M
712 1380 763 1392 §u
777 1371 1469 1395 mssmQR-flmmfflmmmdmm

611 1486 788 1531 CAPUT
818 1487 929 1531 XLI.

425 1616 489 1658 De
513 1608 712 1658 Videndo
733 1616 842 1665 Deo,
870 1614 978 1657 liber
1002 1630 1128 1658 unus.

145 1741 227 1787 'DE
261 1741 478 1787 Viclendo
518 1747 616 1786 Deo
650 1741 801 1804 scripsi
830 1740 1019 1796 librum,
1069 1740 1148 1785 ubi
1187 1739 1240 1785 de
1281 1740 1466 1804 spiritali

95 1829 278 1875 corpore
302 1812 423 1875 quod
461 1812 540 1857 erit
567 1812 611 1857 in
649 1811 963 1857 resurrectione
1000 1822 1251 1856 sanctorum
1289 1811 1469 1875 inquisi-

95 1883 254 1928 tionem
284 1882 600 1942 diligentiorem
630 1881 803 1938 distuli,
840 1892 987 1927 utrum
1011 1881 1080 1926 vel
1109 1881 1330 1944 quomodo
1355 1883 1470 1928 Deus

95 1952 172 2016 qui
195 1952 372 2016 spiritus
390 1963 468 2010 est,
494 1953 622 1998 etiam
642 1970 720 2016 per
737 1969 897 2015 corpus
922 1952 1004 1997 tale
1026 1951 1225 1998 videatur
1248 1970 1258 1997 ε
1281 1952 1353 1998 sed
1375 1970 1468 1999 eam

95 2033 245 2087 postea
272 2023 559 2087 quaestionem
588 2040 688 2069 sane
719 2022 1022 2069 difficillimam
1055 2023 1100 2067 in
1133 2022 1366 2069 novissimo
1388 2058 1399 2080 ‚
1423 2021 1470 2068 id

97 2105 160 2141 est
182 2132 192 2151 ‚
218 2095 265 2140 in
287 2095 491 2141 vicesimo
512 2105 552 2141 et
581 2096 772 2141 secundo
798 2095 914 2141 libro
937 2094 992 2140 de
1020 2094 1207 2140 Civitate
1230 2094 1310 2140 Dei
1334 2131 1345 2151 ‚
1371 2095 1471 2141 satis

97 2176 312 2229 quantum
353 2165 542 2211 arbitror
572 2165 798 2229 explicavi.
841 2165 994 2212 Inveni
1029 2165 1158 2211 etiam
1198 2165 1245 2211 in
1277 2164 1472 2228 quodam

97 2247 245 2282 nostro
263 2235 414 2282 codice
430 2273 441 2293 ,
473 2237 519 2282 in
543 2254 631 2300 quo
656 2247 698 2283 et
719 2236 799 2282 iste
823 2236 933 2283 liber
949 2246 1038 2293 est,
1063 2235 1255 2300 quodam
1275 2252 1471 2283 commo-

98 2308 308 2354 nitorium
338 2325 362 2352 a
386 2324 456 2353 me
478 2307 645 2354 factum
673 2307 728 2354 de
745 2308 831 2357 hac
855 2324 900 2353 re
923 2307 979 2353 ad
1003 2307 1260 2371 episcopum
1287 2307 1468 2353 Siccen-

100 2395 188 2425 sem
234 2378 593 2425 Fortunatianum
619 2416 630 2435 ‚
676 2378 796 2442 quod
842 2379 887 2425 in
926 2377 1241 2441 opusculorum
1275 2394 1471 2423 meorum

100 2448 316 2506 indiculo,
337 2466 416 2494 nec
434 2449 706 2506 interlibros‚
733 2465 812 2495 nec
828 2449 939 2495 inter
959 2448 1158 2512 epistolas
1173 2457 1234 2494 est
1254 2458 1469 2494 notatum.

103 2520 189 2568 Hic
207 2519 321 2565 liber
343 2520 403 2564 sic
419 2519 578 2583 incipit
601 2538 612 2566 ς
639 2525 821 2568 Memor
835 2521 994 2567 debiti.
1016 2519 1132 2566 lllud
1151 2530 1293 2565 autem
1309 2556 1320 2576 ‚
1342 2522 1473 2564 Sient

97 2607 301 2655 praesens
324 2594 496 2653 rogavi,
