1769 3235
339 286 424 332 186
753 302 787 330 s.
833 301 1076 331 Auens-rim
1114 302 1318 333 EPISCOPI
1741 251 1746 360 3

340 367 446 411 fiant
470 382 682 429 pauperes
707 365 917 413 delicatae.
949 367 1074 413 Sanae
1094 368 1467 431 quemadmodum
1491 379 1708 430 aegrotan-
1753 377 1758 384 '

337 448 396 482 tes
419 454 585 482 necesse
623 438 789 482 'hahent
824 439 966 483 minus
995 440 1218 503 accipere,
1261 458 1314 485 ne
1353 451 1610 499 graventur-3
1645 440 1707 487 ita
1752 434 1754 439 ’

336 518 434 570 post
453 508 753 567 {egritudinem
777 508 836 552 sic
858 508 1097 554 tractandae
1117 521 1216 554 sunt
1238 520 1284 555 ut
1307 510 1434 555 citius
1451 520 1710 567 recreentur,

335 578 499 624 etiamsi
527 578 578 623 de
616 578 863 623 humillima
889 579 1032 624 saeculi
1065 590 1322 642 paupertate
1345 591 1580 636 venerunt,
1611 591 1710 626 tan-

334 666 466 712 quam
489 649 574 694 hoe
594 649 677 694 illis
704 649 936 695 contulerit
955 651 1168 696 recentior
1193 650 1435 710 aegritudo,
1460 651 1580 714 quod
1593 651 1711 697 divi-
1742 657 1752 711 ι’

337 720 456 764 tibus
482 721 671 764 anterior
695 720 979 766 consuetudo.
1006 720 1089 765 Sed
1105 737 1204 765 cum
1230 721 1340 766 vires
1356 721 1561 783 pristinas
1583 739 1712 785 repa·
1750 734 1751 737 ’

337 789 555 845 raverint‚
591 790 770 835 redeant
804 790 858 835 ad
897 790 1131 835 feliciorem
1160 790 1521 837 consuetudinem
1557 808 1676 837 suam
1697 827 1710 847 ‚
1752 795 1757 818 ³·

339 877 439 923 quae
453 860 635 906 famulas
661 861 741 906 Dei
766 871 887 906 tanto
908 860 1095 924 amplius
1120 860 1268 912 decet,
1296 872 1462 924 quanto
1483 861 1626 907 minus
1641 862 1715 908 in-

339 930 488 991 digent
512 949 521 975 :
550 949 628 977 nec
654 931 717 976 ibi
734 948 801 976 eas
827 942 966 976 teneat
985 930 1292 990 voluntasjam
1308 941 1499 990 vegetas,
1525 947 1714 995 quoue-

340 1001 509 1046 cessitas
532 1000 692 1046 levaret
718 1001 924 1046 infirmas.
956 999 1049 1045 lllae
1069 1017 1110 1045 se
1133 1000 1373 1046 existiment
1394 1000 1595 1056 ditiores,
1613 1016 1715 1064 quae
1750 1013 1752 1018 ·

336 1071 497 1117 fuerint
522 1072 566 1116 in
588 1071 836 1117 sustinenda
857 1072 1070 1134 parcitate
1096 1070 1308 1117 fortiores.
1338 1071 1491 1116 Melius
1519 1081 1580 1118 est
1599 1071 1715 1117 enim

343 1141 487 1187 minus
504 1159 624 1201 egere
644 1179 653 1197 ‚
676 1159 807 1205 quam
833 1143 931 1205 plus
949 1142 1126 1189 habere.
1743 1148 1765 1204 3

406 1214 457 1260 X.
495 1215 592 1259 Non
608 1214 662 1258 sit
686 1214 892 1258 notabilis
913 1213 1093 1258 habitus
1111 1224 1264 1267 vester,
1294 1228 1372 1257 nec
1401 1211 1561 1257 affectis
1583 1211 1715 1257 vesti-

340 1284 423 1329 bus
444 1285 616 1347 placere
631 1321 641 1339 ,
665 1284 735 1329 sed
756 1284 963 1333 moribus(
995 1286 1085 1330 Nec
1109 1284 1194 1329 sint
1211 1283 1338 1329 vobis
1360 1293 1450 1327 tam
1477 1293 1620 1327 tenera
1640 1298 1716 1327 ca·
1743 1295 1752 1346 ξ

343 1355 481 1417 pitum
509 1356 698 1413 tegmina
727 1365 774 1399 ut
797 1354 946 1399 retiola
967 1355 1117 1400 subter
1153 1363 1407 1417 appareant.
1443 1351 1638 1415 Capillos
1667 1368 1716 1397 ex
1742 1349 1753 1423 3

339 1425 459 1470 nulla
479 1436 601 1488 parte
626 1425 766 1470 nudos
797 1425 1020 1481 habeatis,
1048 1442 1127 1471 nec,
1157 1425 1260 1470 foris
1285 1423 1352 1470 vel
1371 1433 1548 1486 spargat
1576 1422 1717 1482 negli-
1750 1439 1751 1474 j

339 1495 482 1554 gentia
499 1533 509 1549 ,
538 1495 605 1540 vel
630 1506 867 1558 componat
886 1495 1114 1542 industria.
1146 1494 1336 1551 Quando
1359 1492 1620 1556 proceditis,
1655 1492 1717 1538 si—

342 1565 433 1611 mul
467 1565 686 1610 ambulate
710 1583 719 1610 :
747 1582 848 1610 cum
887 1566 1087 1611 veneritis
1116 1582 1205 1629 quo
1231 1564 1327 1619 itis,
1359 1563 1491 1609 simul
1515 1572 1635 1609 state.
1666 1563 1717 1607 In

336 1636 530 1690 incessu,
553 1636 595 1680 in
626 1646 739 1681 statu
754 1674 764 1686 ,
788 1635 833 1680 111
861 1635 1044 1693 habitu,
1066 1636 1111 1681 in
1136 1636 1341 1681 omnibus
1362 1634 1554 1679 motibus
1567 1632 1718 1680 vestris

341 1706 454 1752 nihil
487 1708 562 1752 fiat
587 1706 707 1769 quod
737 1706 890 1752 illiciat
922 1711 1180 1769 cujusquam
1206 1705 1461 1759 libidinem,
1492 1703 1564 1750 sed
1595 1703 1718 1768 quod

342 1789 526 1824 vestram
546 1779 693 1824 deceat
718 1779 1003 1824 sanctitatem.
1031 1778 1163 1824 Oculi
1190 1777 1316 1823 vestri
1336 1775 1652 1836 etsijaciuntur
1673 1775 1718 1820 in

343 1848 530 1912 aliquem
549 1886 560 1904 ‚
584 1850 772 1908 figantur
785 1849 829 1894 in
855 1849 1085 1894 neminem.
1116 1850 1264 1911 Neque
1281 1847 1394 1893 enim
1414 1846 1592 1910 quando
1610 1862 1719 1909 pro-
1748 1884 1750 1893 ,

342 1919 518 1973 ceditis‚
547 1921 660 1966 viros
683 1919 825 1965 videre
847 1920 1175 1983 prohibemini,
1200 1919 1275 1966 sed
1300 1928 1504 1982 appetere
1522 1953 1533 1973 ‚
1561 1927 1637 1963 aut
1661 1916 1718 1962 ab
1746 1919 1759 1955 1

342 1991 446 2054 ipsis
472 1992 618 2054 appeti
646 1990 765 2036 velle.
801 1992 889 2035 Nec
908 1990 998 2035 solo
1023 2001 1165 2044 tactu,
1195 1991 1269 2038 sessl
1295 1991 1448 2036 affectu
1473 2004 1646 2052 quoque
1677 1997 1720 2033 et
1745 2006 1760 2082 τὲ

342 2072 519 2125 aspectu
555 2062 793 2124 appetitur,
830 2073 872 2106 et
910 2063 1081 2125 appetit
1105 2062 1298 2108 foemina.
1345 2061 1435 2105 Nec
1469 2059 1625 2105 dicatis
1643 2075 1720 2105 vos
1745 2077 1758 2093 ¹·

340 2133 503 2178 habere
525 2133 689 2178 animos
714 2131 924 2194 pudicos,
961 2132 995 2176 si
1026 2132 1222 2176 habeatis
1250 2132 1400 2177 oculos
1433 2128 1715 2193 impudicos:
1764 2180 1765 2183 Ἴ

341 2204 442 2266 quia
468 2202 720 2265 impudicus
746 2202 897 2247 oculus
929 2202 1142 2265 impudici
1177 2202 1321 2247 cordis
1357 2213 1417 2247 est
1445 2200 1640 2246 nuntius.
1667 2200 1720 2244 Et

342 2290 442 2319 eum
467 2290 508 2317 se
531 2271 717 2319 invicem
736 2272 820 2318 sibi
845 2272 972 2317 etiam
999 2283 1165 2318 tacente
1190 2273 1335 2331 lingua
1358 2281 1596 2334 conspectu
1617 2286 1719 2316 mus-

341 2355 416 2389 tuo
435 2343 567 2388 corda
589 2343 791 2388 nuntiant
811 2342 1056 2405 impudica,
1081 2353 1122 2388 et
1139 2342 1379 2388 secundum
1400 2340 1720 2403 concupiscem-
1758 2362 1761 2367 ¹

340 2415 443 2460 tiam
463 2415 604 2459 carnis
625 2414 833 2460 alterutro
863 2414 1136 2459 delectantur
1164 2414 1341 2464 ardore,
1382 2415 1511 2459 etiam
1543 2411 1719 2457 intactis

339 2485 396 2531 ab
416 2485 643 2531 immunda
671 2485 905 2531 violatione
926 2486 1186 2548 corporibus
1213 2485 1327 2545 fugit
1349 2484 1524 2531 castitas
1545 2482 1640 2545 ipsa
1662 2481 1718 2528 de
1742 2543 1747 2552 Ι

336 2556 545 2603 moribus.
581 2557 669 2602 “Nee
701 2567 855 2619 putare
875 2556 1005 2601 debet
1030 2573 1129 2619 qua:
1159 2558 1203 2601 in
1233 2556 1475 2602 masculum
1496 2553 1590 2613 figit
1606 2569 1718 2598 ocur
1740 2553 1758 2635 3

333 2628 445 2685 lum,
466 2638 508 2674 et
525 2627 640 2674 illius
656 2628 700 2673 in
718 2628 910 2690 seipsam
929 2626 1072 2687 diligit
1089 2628 1219 2673 fixum
1237 2664 1246 2680 ‚
1269 2644 1357 2673 non
1375 2626 1432 2672 ab
1447 2623 1541 2671 aliis
1559 2622 1714 2678 videri,

1747 2231 1752 2243 t

1748 2446 1754 2454 ι

1765 2703 1769 2731 1

1740 2640 1747 2712 1

1740 2770 1746 2906 3

1741 2714 1746 2751 3

1741 2923 1746 2937 1

1763 3060 1769 3069 r

1763 3080 1769 3092 ί

1764 3099 1767 3111 Ι
