1769 3235
338 267 430 315 356
757 282 791 312 5.
834 281 1079 312 mensum
1114 280 1318 312 nmscom

339 365 386 393 ea
408 384 418 401 ‚
444 364 497 392 ne
515 347 634 410 quod
655 364 700 393 ex
721 358 844 393 utero
866 365 943 394 suo
962 360 1001 395 te
1018 350 1182 409 genuit,
1208 347 1346 411 pluris
1373 347 1555 410 pendat,
1575 366 1708 413 quam

337 416 455 480 quod
474 434 520 462 ex
540 428 660 463 utero
687 418 894 464 Ecclesiae
916 420 1059 479 genita
1078 430 1138 465 est
1157 430 1315 464 tecum.
1338 417 1468 474 Quod
1495 430 1636 465 autem
1657 420 1711 467 de

337 499 474 533 matre
499 488 613 544 dixi,
643 488 728 534 hoc
749 489 802 535 de
827 489 899 535 tali
924 501 1080 535 caetera
1104 487 1436 567 propinquitate
1459 489 1710 550 intelligen-

334 559 441 605 dum
468 570 543 606 est.
575 561 672 606 Hoc
699 561 828 606 etiam
860 562 1044 624 quisque
1080 561 1133 606 de
1165 561 1306 605 anima
1341 577 1416 606 sua
1445 561 1633 620 cogitet,
1662 573 1710 608 ut

334 629 461 675 etiam
492 631 536 675 in
557 629 651 693 ipsa
670 631 891 693 privatum
918 633 1116 677 affectum
1137 630 1304 686 oderit,
1331 631 1406 693 qui
1436 631 1591 694 procul
1619 632 1710 679 du-

332 699 407 745 bio
434 701 685 763 temporalis
713 712 775 747 est
811 719 822 746 ι
861 701 1012 761 diligat
1044 711 1183 746 autem
1210 700 1254 745 in
1279 717 1327 745 ea
1355 702 1708 749 communionem

332 771 668 835 societatemque
694 771 813 818 illam
836 808 847 828 ‚
886 772 938 817 de
961 789 1047 834 qua
1072 771 1238 816 dictum
1274 781 1359 824 est,
1386 792 1404 811 «
1434 771 1537 816 Erat
1559 771 1644 817 illis
1664 773 1708 818 in

327 863 350 884 »
378 845 518 889 Deum
540 844 684 889 anima
711 860 794 889 una
816 854 857 888 et
877 860 952 888 cor
975 859 1109 887 unum
1128 841 1160 888 1.
1190 864 1210 884 υ
1237 843 1309 888 Sic
1329 841 1442 886 enim
1469 843 1612 888 anima
1637 853 1708 889 tua
1756 854 1761 904 j

330 930 418 958 non
444 925 506 958 est
528 913 709 976 propria
728 951 738 969 ‚
772 912 845 958 sed
881 913 1075 957 omnium
1102 912 1284 957 fratrum
1304 950 1315 968 ‚
1353 929 1540 975 quorum
1577 913 1707 959 etiam
1756 924 1761 974 ξ

329 985 484 1029 animae
521 995 606 1029 tuae
629 994 729 1029 sunt
752 1021 762 1040 ‚
796 983 862 1029 vel
900 984 1046 1047 potius
1081 1000 1269 1047 quorum
1306 984 1461 1029 animae
1495 1000 1596 1029 cum
1635 995 1708 1030 tua
1756 993 1759 1039 ζ

326 1072 412 1100 non
437 1055 618 1108 animae,
641 1054 713 1099 sed
739 1054 882 1099 anima
910 1071 996 1100 una
1017 1064 1101 1110 est,
1137 1054 1303 1099 Christi
1333 1053 1487 1108 unica,
1522 1071 1623 1117 quae
1653 1053 1707 1101 de
1756 1047 1760 1101 ἶ

326 1142 457 1170 manu
491 1126 608 1170 canis
642 1138 690 1170 ut.
725 1136 919 1178 eruatur,
957 1136 1160 1171 cantatur
1189 1125 1232 1170 in
1263 1124 1492 1171 Psalmis2.
1519 1124 1627 1170 lude
1651 1124 1705 1170 ad
1756 1139 1760 1163 2

351 1206 628 1258 ontemptum
649 1195 798 1240 mortis
822 1194 1027 1241 facillime
1049 1195 1316 1258 pervenitur.

389 1267 438 1313 V.
480 1267 569 1311 Nec
602 1276 880 1311 succenseant
913 1276 1114 1329 parentes
1149 1265 1235 1311 hoc
1275 1265 1516 1328 praecipere
1542 1265 1704 1311 Domi-

323 1357 450 1395 num,
474 1350 523 1385 ut
539 1355 608 1384 eos
634 1336 869 1392 oderimus,
890 1337 1068 1401 quando
1094 1337 1219 1382 nobis
1239 1337 1326 1382 hoc
1349 1336 1402 1382 de
1433 1337 1573 1382 anima
1599 1353 1703 1382 nos-

325 1422 388 1457 tra
413 1409 686 1474 praecipitur.
735 1409 846 1454 Nam
880 1409 993 1454 sicut
1027 1424 1145 1453 nunc
1176 1407 1230 1453 de
1263 1407 1405 1453 anima
1427 1408 1626 1466 jubetur,
1655 1418 1704 1453 ut

322 1498 418 1527 eam
452 1490 631 1543 propter
672 1478 899 1524 Christum
936 1495 1036 1524 cum
1072 1477 1328 1540 parentibus
1361 1476 1612 1523 oderimus:
1640 1477 1701 1524 ita

323 1551 444 1615 quod
467 1551 548 1596 alio
573 1550 669 1595 loco
694 1549 746 1595 de
768 1550 911 1594 anima
935 1549 1049 1594 idem
1078 1549 1290 1593 Dominus
1315 1548 1448 1603 dicit,
1478 1548 1523 1593 in
1547 1565 1702 1611 paren-

324 1634 385 1669 tes
422 1637 596 1685 qnoque
636 1631 777 1683 potest
813 1619 1199 1679 congruentissime
1233 1619 1463 1665 convenire
1505 1637 1516 1664 ε
1556 1640 1576 1660 c<
1616 1620 1702 1676 Qui

325 1715 346 1735 »
371 1704 511 1747 amat,
549 1691 717 1755 inquit,
751 1691 935 1736 animam
969 1707 1089 1735 suain
1110 1727 1120 1743 ,
1148 1690 1300 1752 perdet
1331 1707 1425 1734 eam
1444 1689 1477 1736 3.
1505 1710 1526 1730 »
1548 1690 1700 1735 Dicam

325 1765 453 1811 etiam
476 1763 676 1816 fidenter,
701 1761 788 1817 Qui
824 1773 937 1806 amat
962 1772 1159 1824 parentes
1183 1778 1280 1806 suos
1300 1796 1309 1814 ‚
1340 1759 1493 1823 perdet
1516 1777 1599 1807 eos.
1638 1761 1702 1807 De

325 1836 465 1882 anima
479 1834 645 1897 quippe
660 1832 748 1877 hoc
763 1832 824 1877 ibi
840 1831 978 1877 dixit«
995 1831 1168 1886 Oderit,
1188 1853 1208 1872 »
1225 1831 1343 1895 quod
1364 1832 1435 1877 li‘ic
1450 1852 1469 1872 α
1490 1830 1661 1877 Perdet.
1679 1851 1700 1872 ))

325 1907 450 1953 Sicut
469 1915 612 1950 autem
635 1903 732 1948 haec
751 1913 1044 1965 praeceptum,
1066 1919 1154 1964 quo
1174 1902 1354 1965 perdere
1370 1901 1580 1961 jubemur
1601 1902 1698 1948 ani-

321 1994 436 2022 mam
459 1986 670 2029 nostram,
699 1990 786 2018 non
811 1972 865 2018 ad
888 1972 933 2018 id
959 1972 1070 2018 valet
1095 1984 1141 2017 ut
1165 1990 1207 2018 se
1231 1972 1415 2036 quisque
1449 1972 1695 2028 interimat,

323 2047 443 2112 quod
479 2045 737 2109 inexpiabile
770 2043 886 2089 nefas
912 2054 999 2099 est3
1036 2055 1078 2088 et
1104 2054 1249 2089 tamen
1270 2043 1381 2089 valet
1408 2053 1459 2088 ut'
1477 2043 1700 2089 interimat

324 2119 366 2163 in
392 2135 433 2163 se
459 2116 677 2162 carnalem
713 2115 867 2160 animae
902 2115 1101 2159 affectum
1119 2151 1129 2168 ‚
1156 2130 1243 2176 quo
1266 2130 1364 2159 cum
1384 2112 1699 2176 impedimento

323 2189 485 2234 futurae
508 2187 609 2232 vitae
646 2202 834 2249 praesens
866 2185 951 2230 vita
976 2184 1193 2237 delectat;
1226 2184 1313 2228 hoc
1348 2193 1409 2228 est
1443 2184 1556 2228 enim
1576 2183 1697 2247 quod

323 2259 491 2304 dictum
511 2268 590 2313 est,
616 2278 635 2297 c<
658 2255 814 2302 Oderit
832 2255 1017 2300 animani
1035 2272 1182 2307 suam,
1206 2264 1298 2308 ›>et‚
1322 2254 1515 2299 «Perdet
1537 2271 1659 2299 eam:
1677 2277 1696 2297 ›>

321 2329 438 2392 quoi
472 2340 614 2374 tamen
646 2325 867 2386 diligendo
904 2326 994 2379 fit;
1032 2323 1390 2388 quandoquidem
1431 2324 1697 2387 apertissime

318 2402 513 2446 fructum
551 2397 743 2458 ejusdem
779 2396 936 2441 animae
977 2395 1284 2458 acquirendae
1321 2412 1365 2441 in
1391 2395 1542 2440 eodem
1575 2411 1695 2458 prae-

320 2482 447 2534 cepto
466 2478 776 2515 commemorat
796 2466 966 2521 dicens,
998 2487 1017 2507 «
1046 2467 1133 2523 Qui
1163 2465 1398 2529 perdiderit
1427 2483 1521 2511 eam
1545 2467 1590 2511 in
1614 2466 1695 2511 isto

313 2564 333 2584 >2
353 2541 539 2597 saeculo,
576 2540 619 2585 in
650 2538 784 2585 vitam
814 2549 1019 2583 aeternam
1055 2537 1246 2583 inveniet
1272 2554 1394 2583 eam:
1422 2558 1442 2579 ›>
1465 2537 1524 2582 ita
1546 2536 1599 2582 de
1616 2553 1694 2600 pa-

359 2626 368 2646 ¹
391 2628 464 2656 Act.
490 2637 536 2665 xv,
556 2625 610 2656 32.
629 2639 673 2645 -
692 2621 707 2644 ⁴²
723 2622 790 2653 Psal
821 2633 891 2660 xxx,
907 2633 964 2656 αι.
982 2640 1023 2646 --
1041 2619 1054 2643 3
1071 2623 1322 2660 Joan.x11‚2.5.
