1769 3235
344 227 407 288 94
753 239 788 269 S.
830 238 1075 269 AUGUSTINI
1109 237 1312 269 EPISCOPI

343 304 434 350 huc
457 313 600 364 gentes
623 302 712 348 sine
735 302 903 348 Christi
930 302 1158 362 Evangelio
1174 338 1184 357 ‚
1210 300 1393 348 fideliter
1411 301 1710 358 renuntietur:
1746 312 1747 316 ’

344 375 484 421 multo
502 374 644 419 minus
670 373 865 419 existimo
892 371 937 418 in
963 372 1200 435 Scripturis
1228 389 1351 435 posse
1371 371 1711 435 comprehendi,
1745 392 1749 407 ·

345 454 509 508 quanta
527 459 662 505 usque
682 442 736 488 ad
765 443 895 488 finem
914 441 1061 487 futura
1081 442 1165 487 sint
1192 452 1384 504 tempora
1399 477 1411 497 ‚
1430 440 1716 504 quandoqui-
1744 439 1750 490 ἔ

349 515 447 582 dein
463 515 509 561 in
533 514 590 559 eis
612 513 792 572 legimus
816 530 827 558 :
851 535 870 554 «
899 514 1034 559 Nemo
1055 523 1194 576 potest
1212 528 1468 572 cognoscere
1486 522 1684 575 tempora
1701 547 1713 567 ,
1745 535 1750 582 ἐ

348 606 369 628 »
391 601 493 649 quae
513 586 641 629 Pater
665 583 809 646 posuit
833 583 878 628 in
896 600 971 629 sua
992 593 1218 646 potestate.
1241 603 1261 624 υ
1281 581 1406 627 Εηᾶε
1430 581 1464 627 si
1476 584 1568 641 jam
1590 580 1719 627 nobis
1745 587 1750 638 ξ

345 653 582 701 certissime
602 652 851 698 nuntiatum
883 652 1030 699 fuisset
1053 654 1098 699 in
1125 651 1328 698 omnibus
1347 651 1546 711 gentibus
1571 654 1717 698 Evan-
1745 651 1750 707 ξ

347 724 504 787 gelium
521 722 780 787 praedicari,
807 740 886 768 nec
903 723 964 769 sic
984 739 1206 787 possemus
1219 722 1361 768 dicere
1378 731 1592 784 quantum
1606 731 1721 766 tem—
1746 712 1750 728 ‘

347 795 466 859 poris
488 803 726 840 remaneret
743 809 877 856 usque
897 792 951 838 ad
969 794 1126 847 finem3
1151 791 1223 839 sed
1249 792 1381 851 magis
1399 792 1722 854 magisquejam
1747 785 1749 841 f

350 865 647 928 propinquare
683 862 836 908 merito
872 862 1127 909 diceremus.
1167 862 1260 908 Nisi
1284 861 1380 924 quis
1406 860 1517 907 forte
1538 875 1723 923 respon-

350 934 450 980 <leat
466 970 477 989 ‚
519 943 639 978 tanta
681 932 897 978 celeritate
940 933 1181 996 praedicato
1226 929 1460 990 Evangelio
1505 930 1725 976 Romanas
1746 951 1751 996 ζ

352 1014 496 1064 gentes
520 1013 561 1047 et
586 1001 815 1065 plerasque
838 1002 1048 1048 barbaras
1072 1011 1311 1064 occupatas
1327 1037 1340 1056 ‚
1376 1010 1505 1062 atque
1526 999 1586 1047 ita
1607 1014 1726 1045 non-
1747 1024 1752 1063 3

352 1073 492 1119 nullas
517 1089 604 1116 non
629 1072 840 1134 paulatim
861 1109 872 1126 ‚
905 1072 979 1118 sed
999 1072 1146 1118 subito
1171 1070 1226 1117 ad
1251 1070 1384 1116 fidem
1410 1069 1576 1118 Christi
1597 1068 1752 1116 fuisse·

354 1159 580 1190 conversas
597 1179 607 1196 ‚
644 1153 690 1187 ut
714 1159 803 1188 non
825 1143 879 1189 sit
896 1142 1154 1189 incredibile
1179 1141 1331 1205 paucis
1360 1141 1481 1187 annis
1498 1177 1509 1196 ,
1533 1140 1611 1186 etsi
1638 1155 1726 1186 non
1748 1151 1752 1195 j.

354 1214 456 1261 vitae
482 1223 639 1260 nostrae
668 1214 745 1276 qui
761 1217 852 1273 jam
874 1214 1094 1260 senuimus
1110 1251 1121 1270 ‚
1151 1224 1267 1260 certe
1279 1216 1494 1272 juvenum
1517 1210 1594 1275 qui
1619 1226 1726 1256 ven-
1747 1209 1751 1262 ζ

355 1287 444 1330 turi
468 1294 570 1329 sunt
594 1282 646 1328 acl
667 1295 883 1329 senectam
899 1321 910 1340 ,
934 1285 1152 1330 universas
1170 1283 1349 1330 omnino
1370 1281 1560 1327 residuas
1584 1289 1728 1339 gentes
1748 1281 1752 1344 j

357 1354 590 1413 Evangelio
619 1370 744 1416 posse
779 1354 1005 1417 compleri.
1046 1354 1130 1400 Sed
1151 1355 1184 1400 si
1214 1355 1275 1400 ita
1298 1352 1406 1408 erit,
1432 1351 1604 1399 facilius
1622 1366 1728 1397 cum

357 1424 522 1471 factum
557 1424 689 1468 fuerit
719 1424 898 1486 probari
928 1424 1186 1488 experiendo
1204 1461 1214 1481 ,
1240 1439 1376 1487 quam
1399 1420 1580 1482 legendo
1605 1430 1727 1467 ante-

355 1510 486 1558 quam
510 1494 585 1540 fiat
601 1492 786 1538 inveniri
806 1504 963 1556 potest.

421 1564 472 1610 V.
503 1563 598 1608 Hoc
628 1580 696 1609 me
719 1564 935 1627 compulit
959 1564 1102 1611 dicere
1132 1565 1361 1626 cujusdam
1389 1564 1566 1628 opinio,
1594 1578 1728 1626 quem

355 1635 583 1699 presbyter
615 1650 790 1697 quoque
826 1635 1120 1698 Hieronymus
1145 1636 1397 1682 temeritatis
1429 1644 1578 1690 notat,
1605 1633 1727 1696 quod

359 1722 485 1752 ausus
507 1704 636 1749 fuerit
672 1704 862 1750 Danielis
903 1706 1212 1753 Hebdomadas
1244 1707 1300 1752 de
1339 1707 1527 1752 adventu
1560 1704 1729 1750 Christi

358 1777 506 1821 futuro
522 1811 532 1829 ‚
568 1791 656 1818 non
676 1773 729 1818 de
754 1778 978 1837 praeterito
996 1794 1205 1839 exponere
1220 1776 1253 1824 1.
1281 1776 1326 1822 Si
1347 1775 1456 1840 quid
1479 1785 1624 1820 autem
1644 1791 1728 1838 pro

357 1846 520 1892 meritis
538 1845 786 1907 potioribus
811 1857 974 1893 sanctae
999 1848 1238 1894 humilitati
1260 1847 1403 1894 cordis
1426 1846 1490 1893 tui
1516 1846 1752 1892 Dominus·

358 1916 512 1963 melius
532 1914 736 1961 revelavit
755 1916 842 1962 sive
866 1918 1118 1964 revelaverit
1135 1956 1145 1975 ‚
1162 1929 1264 1982 peto
1282 1919 1514 1964 nobiscum
1532 1934 1728 1964 commu·-
1749 1932 1752 1944 ·

358 1987 504 2033 nicare
522 1985 708 2045 digneris
723 2022 734 2041 ,
755 1996 797 2031 et
810 1986 909 2032 haec
929 1999 1075 2034 nostra
1094 1989 1304 2052 rescripta
1321 1989 1382 2034 sic
1399 1989 1617 2052 accipere,
1636 1999 1729 2034 tan·

358 2074 489 2120 quam
516 2055 704 2100 hominis
723 2092 734 2111 ‚
765 2056 843 2119 qui
874 2057 1047 2104 mallem
1083 2059 1260 2122 quidem
1289 2076 1440 2104 eorum
1460 2096 1471 2116 ‚
1496 2075 1597 2123 quae
1621 2076 1643 2104 a
1662 2075 1730 2105 me

358 2126 599 2190 inquisisti,
620 2125 782 2171 habere
803 2128 1024 2174 scientiam
1043 2146 1175 2192 quam
1191 2130 1480 2190 ignorantiam
1500 2147 1513 2175 2
1534 2129 1608 2175 sed
1627 2129 1731 2193 quia

359 2197 407 2244 id
431 2196 626 2242 nondum
652 2196 802 2258 potui,
832 2198 966 2258 magis
988 2199 1099 2259 eligo
1125 2211 1296 2246 cautam
1313 2201 1601 2261 ignorantiam
1619 2206 1754 2267 con-f

359 2268 473 2315 fiteri
487 2304 499 2325 ,
522 2284 655 2331 quarn
672 2267 822 2314 falsam
840 2269 1064 2316 scientiam
1092 2272 1304 2335 profiteri.

1748 2269 1754 2303 ἶ

408 2367 419 2390 ¹
441 2369 477 2399 In
490 2369 561 2399 Dan
591 2378 635 2399 ix.
1748 2337 1753 2396 i

1748 2400 1755 2488 ἓ

1750 2541 1753 2558 s

1751 2560 1753 2575 1
