1769 3235
312 299 406 356 436
734 313 771 342 s.
814 309 1061 342 mensum
1095 309 1300 340 Episcopi

317 377 471 425 melius
493 392 625 440 quam
651 392 770 422 mens
811 386 852 421 et
887 376 997 420 ratio
1021 393 1032 420 :
1070 374 1143 421 sed
1174 391 1259 421 non
1286 374 1522 421 secundum
1546 376 1685 438 ipsam
1731 378 1735 419 l

314 448 444 494 debet
469 448 636 502 vivere,
667 447 743 510 qui
768 447 891 491 beate
913 446 1006 491 vult
1027 446 1194 499 vivere;
1226 445 1416 508 alioquin
1448 445 1688 492 seeundum

315 518 539 564 hominem
557 517 686 569 vivit,
705 534 803 562 cum
825 516 1062 563 secundum
1092 518 1228 562 Deum
1252 515 1486 561 vivendum
1525 518 1578 561 sit
1600 553 1610 572 ‚
1645 527 1693 563 ut
1734 523 1736 543 ²

316 589 453 652 possit
476 587 530 633 ad
557 587 870 633 beatitudinem
890 587 1115 650 pervenire
1141 604 1151 630 ε
1179 596 1360 648 propter
1383 603 1511 649 quam
1540 603 1694 632 conse·

317 657 534 722 quendam
559 674 647 703 non
667 675 710 704 se
731 658 824 721 ipsa
851 657 981 703 debet
1009 673 1095 702 esse
1124 667 1346 712 contenta,
1369 657 1441 702 sed
1466 658 1555 703 Deo
1579 674 1696 703 mens
1736 653 1756 708 ἶῖ

315 740 462 775 nostra
479 727 705 774 subdenda
718 739 793 775 est.
821 729 927 773 Item
950 726 1215 789 respondens
1239 727 1294 781 ci,
1318 743 1416 772 cum
1436 744 1524 791 quo
1542 728 1692 790 dispu-
1737 727 1755 792 {¹

316 799 514 855 tabatur‚
542 802 635 844 Hz‘c
651 798 829 861 plazze,
861 797 1060 860 inquam,
1082 814 1177 842 non
1206 814 1348 843 erras.
1382 799 1526 856 Quod
1544 809 1595 843 let
1614 798 1700 843 tibi
1738 819 1757 831 Δ·

318 887 452 914 omen
473 870 534 914 sic
553 868 620 913 acl
635 869 834 930 reliqua,
856 867 1054 912 libenter·
1073 872 1346 930 optaverim.
1370 868 1467 913 Hoc
1485 868 1587 913 licet
1611 883 1699 913 non
1755 873 1757 881 ’

313 939 447 994 serio,
475 938 547 984 sed
578 942 680 997 joco
705 937 871 982 dictum
897 937 967 993 sit,
997 938 1153 982 nollem
1193 948 1336 982 tamen
1366 955 1415 982 eo
1443 938 1575 982 verbo
1615 937 1692 984 uti.
1740 935 1743 954 ²

323 1009 494 1056 Omen}
513 1009 680 1085 quippe
700 1024 767 1053 me
780 1007 926 1067 lenisse
943 1024 1030 1053 non
1044 1007 1205 1062 recolo,
1220 1008 1308 1053 sive
1325 1007 1369 1052 iu
1385 1008 1560 1053 sacris]
1566 1007 1699 1052 itteris
1741 1036 1759 1071 '.

318 1079 495 1135 nostris,
523 1078 609 1124 sive
633 1078 677 1123 in
704 1094 899 1123 sermone
919 1081 1177 1141 quusquam
1198 1077 1475 1123 ecclesiastici
1497 1077 1698 1140 disputa·
1743 1074 1760 1115 ,2

323 1149 463 1194 toris·
491 1147 692 1212 quamvis
718 1147 986 1193 abominatio
1016 1148 1116 1194 inde
1140 1147 1193 1193 sit
1213 1147 1348 1204 dicta,
1367 1148 1530 1212 quaein
1545 1146 1702 1194 divinis
1744 1145 1745 1182 ἶ

320 1219 467 1265 Libris
490 1219 659 1265 assidue
683 1219 914 1282 reperitur.

386 1291 470 1335 ΠΙ.
491 1291 541 1335 ln
559 1289 749 1335 secundo
762 1301 903 1335 autem
922 1289 1035 1335 libro
1047 1306 1223 1352 prorsus
1239 1289 1385 1352 inepta
1405 1299 1521 1335 estet
1539 1288 1698 1335 insulsa
1744 1302 1747 1341 ζ

322 1359 396 1405 illa
409 1360 534 1423 quasi
554 1359 701 1405 fabula
726 1359 779 1405 de
798 1359 1062 1405 l'la'localz‘a
1079 1371 1123 1404 ec
1134 1360 1466 1422 Philosophia,
1483 1359 1599 1423 quod
1613 1362 1709 1405 sint
1745 1375 1748 1426 ’ὲ

318 1445 561 1492 get-mame
574 1440 620 1473 et
643 1430 809 1474 eodem
823 1441 1029 1492 parente
1046 1440 1325 1492 procreatae.
1353 1431 1440 1474 Aut
1465 1430 1577 1475 enim
1598 1429 1706 1492 phi-

323 1499 479 1545 localia
496 1515 598 1562 quae
615 1498 795 1554 dicitur,
819 1499 988 1544 nonnisi
1006 1500 1050 1544 in
1071 1499 1194 1559 nugis
1220 1509 1298 1554 est,
1342 1509 1383 1544 et
1413 1499 1471 1544 ob
1493 1498 1579 1545 hoc
1601 1499 1709 1561 phi-
1746 1499 1749 1527 '·

323 1569 539 1633 losopliiae
553 1569 673 1614 nulla
696 1569 863 1615 ratione
880 1587 1082 1629 germana
1106 1587 1116 1614 ε
1141 1580 1215 1614 aut
1232 1569 1264 1614 si
1281 1580 1511 1632 propterea
1542 1584 1603 1614 est
1621 1569 1709 1615 hoc
1748 1589 1755 1604 v

320 1657 481 1686 nomen
501 1638 808 1684 honorandum
833 1641 936 1702 quia
962 1639 1095 1684 latine
1133 1640 1486 1702 interpretatum,
1519 1655 1710 1685 amorem

329 1710 544 1770 significat
579 1709 952 1772 pulchritudinis,
989 1720 1030 1754 et
1054 1721 1116 1755 est
1139 1727 1238 1755 vera
1262 1728 1311 1756 ac
1345 1727 1513 1755 summa
1537 1710 1712 1773 sapien·
1749 1732 1752 1771 ᾗ

330 1781 404 1826 tioe
432 1779 742 1843 pulchritud0‚
771 1780 921 1825 eadem
950 1780 1042 1843 ipsa
1059 1781 1183 1826 estin
1206 1782 1335 1826 rebus
1359 1780 1712 1843 incorporalibus
1750 1808 1752 1829 ι

334 1861 463 1914 atque
510 1850 690 1896 summis
721 1850 960 1913 philocalia
985 1868 1085 1914 quae
1109 1851 1412 1914 philosophia,
1442 1868 1582 1914 neque
1624 1850 1714 1896 ullo
1750 1878 1753 1915 3

337 1921 470 1967 modo
489 1931 591 1966 sunt
624 1921 747 1983 quasi
782 1938 945 1966 sorores
964 1921 1080 1968 duae.
1113 1922 1211 1967 Alio
1239 1922 1336 1967 loco
1371 1921 1425 1967 de
1445 1922 1589 1967 animo
1612 1938 1712 1967 eum

335 2008 529 2050 agerem,
559 1990 646 2037 dixi
674 2008 685 2035 :
713 1992 933 2036 Securior
951 1993 1188 2038 rediturus
1217 1996 1266 2037 c‘lz
1297 1992 1467 2037 coelam
1488 1991 1520 2038 ².
1569 1992 1716 2037 lturus
1752 1992 1755 2045 Ξ

338 2073 500 2118 autem,
524 2078 656 2125 quam
680 2062 915 2107 rediturus
933 2061 1129 2108 dixissem
1150 2064 1359 2118 securius,
1391 2071 1574 2125 propter
1609 2078 1678 2107 eos
1701 2097 1713 2119 ,

335 2131 413 2196 qui
433 2141 591 2194 putant
618 2130 786 2176 animos
808 2131 1024 2177 humanos
1037 2149 1118 2195 pro
1148 2132 1308 2178 meritis
1327 2141 1718 2196 peccatorumsuo-

343 2218 440 2247 rum
459 2201 512 2246 de
531 2200 646 2246 coelo
668 2199 810 2264 lapsos
828 2202 915 2247 sive
930 2201 1136 2262 dejectos,
1160 2202 1205 2248 in
1224 2219 1407 2266 corpora
1424 2202 1503 2248 ista
1528 2200 1716 2247 detrudi.

344 2270 429 2316 Sed
449 2271 535 2316 hoe
549 2287 626 2331 ego
651 2282 885 2333 propterea
905 2289 993 2317 non
1020 2271 1221 2318 dubitavi
1241 2272 1402 2328 dicere,
1429 2272 1505 2335 qui
1526 2271 1586 2317 ita
1609 2270 1714 2327 dixi,
1754 2275 1757 2317 -ἶ

341 2343 388 2386 in
407 2341 599 2396 coelum,
621 2350 827 2404 tanquam
848 2340 1054 2395 dicerem,
1079 2341 1145 2386 ad
1160 2346 1332 2398 Deum,
1347 2342 1525 2405 quiejus
1541 2351 1602 2388 est
1618 2356 1719 2387 auc-

393 2450 404 2470 1
427 2450 527 2478 Omen
547 2453 651 2479 tamen
669 2447 800 2489 legimus
817 2449 834 2478 3
853 2450 931 2490 Reg.
950 2460 1006 2490 xx,
1031 2450 1085 2480 33.
1101 2450 1141 2480 At
1154 2451 1186 2479 S.
1203 2447 1399 2490 Augustinus
1415 2449 1463 2480 vel
1478 2459 1544 2480 non
1556 2448 1673 2490 legerat
1687 2448 1720 2480 in

345 2504 492 2535 versione
505 2527 513 2539 ,
536 2514 599 2545 qua
623 2502 793 2542 utebatur3
811 2504 859 2534 vel
876 2504 951 2546 quia
967 2514 1072 2535 sermo
1094 2503 1139 2535 ibi
1160 2510 1205 2535 est
1218 2503 1257 2534 de
1272 2504 1401 2546 paganis
1417 2504 1505 2546 viris,
1526 2503 1651 2546 profani
1666 2514 1720 2535 vo·
1756 2491 1759 2530 l

342 2558 448 2590 cabuli
465 2569 552 2589 usum
568 2558 643 2589 inde
659 2558 906 2601 approbandum
923 2570 988 2591 esse
1005 2569 1071 2590 non
1087 2559 1291 2592 existimavit.
1308 2576 1348 2582 —
1367 2557 1384 2581 2
1401 2559 1595 2598 Platonicos,
1612 2567 1647 2591 ut
1666 2559 1721 2590 vi-

342 2615 418 2644 dere
432 2622 479 2644 ese
493 2614 547 2645 lib.
572 2624 609 2644 12
628 2614 668 2643 de
690 2614 780 2645 Civie.
795 2626 822 2646 c.
840 2616 896 2648 26.
