<?xml version="1.0" encoding="UTF-8"?>
<!DOCTYPE html PUBLIC "-//W3C//DTD XHTML 1.0 Transitional//EN"
    "http://www.w3.org/TR/xhtml1/DTD/xhtml1-transitional.dtd">
<html xmlns="http://www.w3.org/1999/xhtml" xml:lang="en" lang="en">
 <head>
  <title>
</title>
<meta http-equiv="Content-Type" content="text/html;charset=utf-8" />
  <meta name='ocr-system' content='tesseract 3.04.00' />
  <meta name='ocr-capabilities' content='ocr_page ocr_carea ocr_par ocr_line ocrx_word'/>
</head>
<body>
  <div class='ocr_page' id='page_1' title='image "./operaomniaaccura41auguuoft/operaomniaaccura41auguuoft_0551.png"; bbox 0 0 1769 3235; ppageno 0'>
   <div class='ocr_carea' id='block_1_1' title="bbox 26 287 1394 501">
    <p class='ocr_par' dir='ltr' id='par_1_1' title="bbox 26 287 1394 501">
     <span class='ocr_line' id='line_1_1' title="bbox 393 287 1387 336; baseline 0.005 -5"><span class='ocrx_word' id='word_1_1' title='bbox 393 299 791 333; x_wconf 65' lang='lat' dir='ltr'>ammom-nonum</span> <span class='ocrx_word' id='word_1_2' title='bbox 829 302 914 332; x_wconf 73' lang='lat' dir='ltr'>tin.</span> <span class='ocrx_word' id='word_1_3' title='bbox 960 303 1006 333; x_wconf 81' lang='lat' dir='ltr'>n.</span> <span class='ocrx_word' id='word_1_4' title='bbox 1304 287 1387 336; x_wconf 76' lang='lat'>531</span> 
     </span>
     <span class='ocr_line' id='line_1_2' title="bbox 29 368 1394 432; baseline 0.003 -18"><span class='ocrx_word' id='word_1_5' title='bbox 29 368 154 414; x_wconf 76' lang='lat' dir='ltr'>illius</span> <span class='ocrx_word' id='word_1_6' title='bbox 184 370 395 431; x_wconf 70' lang='lat' dir='ltr'>expiavit</span> <span class='ocrx_word' id='word_1_7' title='bbox 407 385 425 422; x_wconf 91' lang='lat'>‚·</span> <span class='ocrx_word' id='word_1_8' title='bbox 448 382 526 429; x_wconf 84' lang='lat' dir='ltr'>per</span> <span class='ocrx_word' id='word_1_9' title='bbox 553 370 678 426; x_wconf 87' lang='lat' dir='ltr'>cujus</span> <span class='ocrx_word' id='word_1_10' title='bbox 703 368 890 413; x_wconf 87' lang='lat' dir='ltr'>nominis</span> <span class='ocrx_word' id='word_1_11' title='bbox 914 369 1182 432; x_wconf 85' lang='lat' dir='ltr'>Prophetam</span> <span class='ocrx_word' id='word_1_12' title='bbox 1203 405 1214 426; x_wconf 92' lang='lat'><em>‚</em></span> <span class='ocrx_word' id='word_1_13' title='bbox 1249 369 1394 418; x_wconf 86' lang='lat' dir='ltr'><strong>dicere</strong></span> 
     </span>
     <span class='ocr_line' id='line_1_3' title="bbox 26 435 1393 501; baseline 0.004 -17"><span class='ocrx_word' id='word_1_14' title='bbox 26 436 187 496; x_wconf 77' lang='lat' dir='ltr'>debui3</span> <span class='ocrx_word' id='word_1_15' title='bbox 211 454 265 483; x_wconf 88' lang='lat' dir='ltr'>ne</span> <span class='ocrx_word' id='word_1_16' title='bbox 289 446 519 501; x_wconf 81' lang='lat' dir='ltr'>putaretur</span> <span class='ocrx_word' id='word_1_17' title='bbox 545 435 660 481; x_wconf 90' lang='lat' dir='ltr'>idem</span> <span class='ocrx_word' id='word_1_18' title='bbox 685 436 815 483; x_wconf 85' lang='lat' dir='ltr'>fuisse</span> <span class='ocrx_word' id='word_1_19' title='bbox 834 438 984 494; x_wconf 87' lang='lat' dir='ltr'>homo,</span> <span class='ocrx_word' id='word_1_20' title='bbox 1009 455 1107 485; x_wconf 89' lang='lat' dir='ltr'>cum</span> <span class='ocrx_word' id='word_1_21' title='bbox 1127 439 1233 487; x_wconf 85' lang='lat' dir='ltr'>alter</span> <span class='ocrx_word' id='word_1_22' title='bbox 1250 441 1393 499; x_wconf 87' lang='lat' dir='ltr'>fuerit,</span> 
     </span>
    </p>
   </div>
   <div class='ocr_carea' id='block_1_2' title="bbox 26 507 1398 626">
    <p class='ocr_par' dir='ltr' id='par_1_2' title="bbox 26 507 1398 626">
     <span class='ocr_line' id='line_1_4' title="bbox 26 507 1398 576; baseline 0.001 -20"><span class='ocrx_word' id='word_1_23' title='bbox 26 509 224 573; x_wconf 86' lang='lat' dir='ltr'>quamvis</span> <span class='ocrx_word' id='word_1_24' title='bbox 250 519 292 554; x_wconf 89' lang='lat' dir='ltr'>ct</span> <span class='ocrx_word' id='word_1_25' title='bbox 322 508 414 572; x_wconf 88' lang='lat' dir='ltr'>ipse</span> <span class='ocrx_word' id='word_1_26' title='bbox 445 507 532 553; x_wconf 91' lang='lat' dir='ltr'>hoc</span> <span class='ocrx_word' id='word_1_27' title='bbox 565 518 809 554; x_wconf 81' lang='lat' dir='ltr'>vocaretur.</span> <span class='ocrx_word' id='word_1_28' title='bbox 851 508 948 555; x_wconf 90' lang='lat' dir='ltr'>Hoc</span> <span class='ocrx_word' id='word_1_29' title='bbox 972 526 1084 572; x_wconf 87' lang='lat' dir='ltr'>opus</span> <span class='ocrx_word' id='word_1_30' title='bbox 1114 510 1174 557; x_wconf 82' lang='lat' dir='ltr'>sic</span> <span class='ocrx_word' id='word_1_31' title='bbox 1209 511 1398 576; x_wconf 77' lang='lat' dir='ltr'>incipit:</span> 
     </span>
     <span class='ocr_line' id='line_1_5' title="bbox 27 579 876 626; baseline -0.001 0"><span class='ocrx_word' id='word_1_32' title='bbox 27 584 159 626; x_wconf 77' lang='lat' dir='ltr'>Inter</span> <span class='ocrx_word' id='word_1_33' title='bbox 177 596 338 625; x_wconf 80' lang='lat' dir='ltr'>omnes</span> <span class='ocrx_word' id='word_1_34' title='bbox 361 579 547 624; x_wconf 75' lang='lat' dir='ltr'>divinas</span> <span class='ocrx_word' id='word_1_35' title='bbox 569 582 876 625; x_wconf 76' lang='lat' dir='ltr'><em>auctoritates.</em></span> 
     </span>
    </p>
   </div>
   <div class='ocr_carea' id='block_1_3' title="bbox 32 744 1379 761">
    <p class='ocr_par' dir='ltr' id='par_1_3' title="bbox 32 744 1379 761">
     <span class='ocr_line' id='line_1_6' title="bbox 32 744 1379 761; baseline 0.001 -2"><span class='ocrx_word' id='word_1_36' title='bbox 32 744 1379 761; x_wconf 46' lang='lat' dir='ltr'>mmmmmmmmmmwsmmzwzssswzwnmmwffmnx</span> 
     </span>
    </p>
   </div>
   <div class='ocr_carea' id='block_1_4' title="bbox 546 857 887 901">
    <p class='ocr_par' dir='ltr' id='par_1_4' title="bbox 546 857 887 901">
     <span class='ocr_line' id='line_1_7' title="bbox 546 857 887 901; baseline -0.003 -1"><span class='ocrx_word' id='word_1_37' title='bbox 546 858 722 901; x_wconf 87' lang='lat' dir='ltr'>CAPUT</span> <span class='ocrx_word' id='word_1_38' title='bbox 755 857 887 900; x_wconf 82' lang='lat' dir='ltr'><strong>XVII.</strong></span> 
     </span>
    </p>
   </div>
   <div class='ocr_carea' id='block_1_5' title="bbox 208 979 1234 1035">
    <p class='ocr_par' dir='ltr' id='par_1_5' title="bbox 208 979 1234 1035">
     <span class='ocr_line' id='line_1_8' title="bbox 208 979 1234 1035; baseline 0.001 -11"><span class='ocrx_word' id='word_1_39' title='bbox 208 982 374 1024; x_wconf 74' lang='lat' dir='ltr'>Contra</span> <span class='ocrx_word' id='word_1_40' title='bbox 400 980 626 1035; x_wconf 77' lang='lat' dir='ltr'>epistolam</span> <span class='ocrx_word' id='word_1_41' title='bbox 656 980 973 1027; x_wconf 78' lang='lat' dir='ltr'>Parmeniani‚</span> <span class='ocrx_word' id='word_1_42' title='bbox 1006 979 1112 1022; x_wconf 71' lang='lat' dir='ltr'>libri</span> <span class='ocrx_word' id='word_1_43' title='bbox 1139 990 1234 1026; x_wconf 71' lang='lat' dir='ltr'>tres.</span> 
     </span>
    </p>
   </div>
   <div class='ocr_carea' id='block_1_6' title="bbox 0 1108 1417 2306">
    <p class='ocr_par' dir='ltr' id='par_1_6' title="bbox 0 1108 1408 1245">
     <span class='ocr_line' id='line_1_9' title="bbox 0 1108 1408 1173; baseline 0.001 -17"><span class='ocrx_word' id='word_1_44' title='bbox 0 1120 2 1173; x_wconf 54' lang='grc' dir='ltr'>ᾗ</span> <span class='ocrx_word' id='word_1_45' title='bbox 94 1111 145 1157; x_wconf 83' lang='grc' dir='ltr'>ΙΝ</span> <span class='ocrx_word' id='word_1_46' title='bbox 172 1110 316 1156; x_wconf 87' lang='lat' dir='ltr'>tribus</span> <span class='ocrx_word' id='word_1_47' title='bbox 339 1109 464 1156; x_wconf 82' lang='lat' dir='ltr'>libris</span> <span class='ocrx_word' id='word_1_48' title='bbox 481 1119 646 1154; x_wconf 75' lang='lat' dir='ltr'>contra</span> <span class='ocrx_word' id='word_1_49' title='bbox 664 1108 927 1169; x_wconf 72' lang='lat' dir='ltr'>Epe&#39;stolmtz</span> <span class='ocrx_word' id='word_1_50' title='bbox 956 1112 1292 1170; x_wconf 70' lang='lat' dir='ltr'>Parme-niam,</span> <span class='ocrx_word' id='word_1_51' title='bbox 1313 1115 1408 1158; x_wconf 90' lang='lat' dir='ltr'>Do-</span> 
     </span>
     <span class='ocr_line' id='line_1_10' title="bbox 32 1178 1408 1245; baseline 0 -16"><span class='ocrx_word' id='word_1_52' title='bbox 32 1182 290 1229; x_wconf 76' lang='lat' dir='ltr'>natistarum</span> <span class='ocrx_word' id='word_1_53' title='bbox 315 1179 670 1241; x_wconf 75' lang='lat' dir='ltr'>Carthaginensis</span> <span class='ocrx_word' id='word_1_54' title='bbox 706 1178 901 1242; x_wconf 82' lang='lat' dir='ltr'>episcopi</span> <span class='ocrx_word' id='word_1_55' title='bbox 940 1182 1281 1245; x_wconf 85' lang='lat' dir='ltr'>successorisque</span> <span class='ocrx_word' id='word_1_56' title='bbox 1311 1183 1408 1230; x_wconf 91' lang='lat' dir='ltr'>Do-</span> 
     </span>
    </p>

    <p class='ocr_par' dir='ltr' id='par_1_7' title="bbox 0 1248 1417 2306">
     <span class='ocr_line' id='line_1_11' title="bbox 0 1248 1411 1315; baseline -0.001 -17"><span class='ocrx_word' id='word_1_57' title='bbox 0 1280 1 1291; x_wconf 40' lang='lat'><em>*</em></span> <span class='ocrx_word' id='word_1_58' title='bbox 33 1251 153 1309; x_wconf 85' lang='lat' dir='ltr'>nati,</span> <span class='ocrx_word' id='word_1_59' title='bbox 195 1250 378 1315; x_wconf 76' lang='lat' dir='ltr'>quaestio</span> <span class='ocrx_word' id='word_1_60' title='bbox 423 1267 581 1310; x_wconf 79' lang='lat' dir='ltr'>magna</span> <span class='ocrx_word' id='word_1_61' title='bbox 627 1259 821 1293; x_wconf 75' lang='lat' dir='ltr'>versatur</span> <span class='ocrx_word' id='word_1_62' title='bbox 857 1259 898 1294; x_wconf 91' lang='lat' dir='ltr'>et</span> <span class='ocrx_word' id='word_1_63' title='bbox 939 1248 1144 1307; x_wconf 67' lang='lat' dir='ltr'>solvitur,</span> <span class='ocrx_word' id='word_1_64' title='bbox 1180 1252 1335 1298; x_wconf 85' lang='lat' dir='ltr'><strong>Utrum</strong></span> <span class='ocrx_word' id='word_1_65' title='bbox 1365 1252 1411 1298; x_wconf 89' lang='lat' dir='ltr'>in</span> 
     </span>
     <span class='ocr_line' id='line_1_12' title="bbox 33 1318 1414 1369; baseline -0.003 0"><span class='ocrx_word' id='word_1_66' title='bbox 33 1322 197 1369; x_wconf 84' lang='lat' dir='ltr'>unitate</span> <span class='ocrx_word' id='word_1_67' title='bbox 216 1332 259 1368; x_wconf 88' lang='lat' dir='ltr'>et</span> <span class='ocrx_word' id='word_1_68' title='bbox 287 1320 541 1368; x_wconf 86' lang='lat' dir='ltr'>eorumdem</span> <span class='ocrx_word' id='word_1_69' title='bbox 571 1318 879 1365; x_wconf 89' lang='lat' dir='ltr'>communione</span> <span class='ocrx_word' id='word_1_70' title='bbox 918 1331 1287 1367; x_wconf 80' lang='lat' dir='ltr'>sacramentorum</span> <span class='ocrx_word' id='word_1_71' title='bbox 1312 1321 1414 1367; x_wconf 85' lang='lat' dir='ltr'>mali</span> 
     </span>
     <span class='ocr_line' id='line_1_13' title="bbox 33 1387 1412 1454; baseline -0.001 -14"><span class='ocrx_word' id='word_1_72' title='bbox 33 1393 329 1440; x_wconf 82' lang='lat' dir='ltr'>contaminent</span> <span class='ocrx_word' id='word_1_73' title='bbox 349 1393 514 1447; x_wconf 87' lang='lat' dir='ltr'>bonos,</span> <span class='ocrx_word' id='word_1_74' title='bbox 548 1400 589 1436; x_wconf 83' lang='lat' dir='ltr'>et</span> <span class='ocrx_word' id='word_1_75' title='bbox 610 1387 982 1454; x_wconf 80' lang='lat' dir='ltr'>quemadmodum</span> <span class='ocrx_word' id='word_1_76' title='bbox 1008 1406 1091 1434; x_wconf 87' lang='lat' dir='ltr'>non</span> <span class='ocrx_word' id='word_1_77' title='bbox 1116 1393 1412 1438; x_wconf 81' lang='lat' dir='ltr'>contaminent</span> 
     </span>
     <span class='ocr_line' id='line_1_14' title="bbox 33 1458 1410 1528; baseline -0.003 -18"><span class='ocrx_word' id='word_1_78' title='bbox 33 1463 311 1528; x_wconf 83' lang='lat' dir='ltr'>disputatur,</span> <span class='ocrx_word' id='word_1_79' title='bbox 338 1472 526 1527; x_wconf 84' lang='lat' dir='ltr'>propter</span> <span class='ocrx_word' id='word_1_80' title='bbox 552 1459 788 1506; x_wconf 74' lang='lat' dir='ltr'>Ecclesiam</span> <span class='ocrx_word' id='word_1_81' title='bbox 825 1469 915 1503; x_wconf 88' lang='lat' dir='ltr'>toto</span> <span class='ocrx_word' id='word_1_82' title='bbox 945 1459 1051 1505; x_wconf 84' lang='lat' dir='ltr'>orbe</span> <span class='ocrx_word' id='word_1_83' title='bbox 1078 1458 1280 1506; x_wconf 83' lang='lat' dir='ltr'>diffusam</span> <span class='ocrx_word' id='word_1_84' title='bbox 1298 1497 1309 1517; x_wconf 91' lang='lat'><strong>,</strong></span> <span class='ocrx_word' id='word_1_85' title='bbox 1338 1465 1410 1508; x_wconf 86' lang='lat' dir='ltr'>cui</span> 
     </span>
     <span class='ocr_line' id='line_1_15' title="bbox 34 1531 1415 1593; baseline -0.002 -10"><span class='ocrx_word' id='word_1_86' title='bbox 34 1535 343 1583; x_wconf 83' lang='lat' dir='ltr'>calumniando</span> <span class='ocrx_word' id='word_1_87' title='bbox 369 1534 556 1580; x_wconf 80' lang='lat' dir='ltr'>schisma</span> <span class='ocrx_word' id='word_1_88' title='bbox 598 1531 806 1578; x_wconf 78' lang='lat' dir='ltr'>fecerunt.</span> <span class='ocrx_word' id='word_1_89' title='bbox 838 1531 890 1575; x_wconf 91' lang='lat' dir='ltr'>In</span> <span class='ocrx_word' id='word_1_90' title='bbox 924 1546 1110 1593; x_wconf 85' lang='lat' dir='ltr'>quorum</span> <span class='ocrx_word' id='word_1_91' title='bbox 1138 1531 1253 1579; x_wconf 87' lang='lat' dir='ltr'>libro</span> <span class='ocrx_word' id='word_1_92' title='bbox 1289 1533 1415 1580; x_wconf 84' lang='lat' dir='ltr'>tertio</span> 
     </span>
     <span class='ocr_line' id='line_1_16' title="bbox 33 1600 1416 1668; baseline -0.004 -14"><span class='ocrx_word' id='word_1_93' title='bbox 33 1624 134 1654; x_wconf 89' lang='lat' dir='ltr'>cum</span> <span class='ocrx_word' id='word_1_94' title='bbox 173 1606 454 1653; x_wconf 83' lang='lat' dir='ltr'>dissereretur</span> <span class='ocrx_word' id='word_1_95' title='bbox 475 1639 486 1660; x_wconf 90' lang='lat'>‚</span> <span class='ocrx_word' id='word_1_96' title='bbox 517 1601 742 1668; x_wconf 85' lang='lat' dir='ltr'>quomodo</span> <span class='ocrx_word' id='word_1_97' title='bbox 781 1600 840 1645; x_wconf 89' lang='lat' dir='ltr'>sic</span> <span class='ocrx_word' id='word_1_98' title='bbox 868 1600 1172 1664; x_wconf 86' lang='lat' dir='ltr'>accipiendum</span> <span class='ocrx_word' id='word_1_99' title='bbox 1201 1602 1321 1667; x_wconf 91' lang='lat' dir='ltr'>quod</span> <span class='ocrx_word' id='word_1_100' title='bbox 1358 1603 1416 1649; x_wconf 87' lang='lat' dir='ltr'>ait</span> 
     </span>
     <span class='ocr_line' id='line_1_17' title="bbox 36 1670 1413 1742; baseline -0.004 -18"><span class='ocrx_word' id='word_1_101' title='bbox 36 1676 285 1742; x_wconf 82' lang='lat' dir='ltr'>Apostolus,</span> <span class='ocrx_word' id='word_1_102' title='bbox 304 1698 324 1719; x_wconf 91' lang='lat'>«</span> <span class='ocrx_word' id='word_1_103' title='bbox 351 1674 522 1722; x_wconf 83' lang='lat' dir='ltr'>Auferte</span> <span class='ocrx_word' id='word_1_104' title='bbox 544 1671 705 1718; x_wconf 83' lang='lat' dir='ltr'>malum</span> <span class='ocrx_word' id='word_1_105' title='bbox 725 1688 772 1716; x_wconf 85' lang='lat' dir='ltr'>ex</span> <span class='ocrx_word' id='word_1_106' title='bbox 797 1670 920 1715; x_wconf 78' lang='lat' dir='ltr'>vobis</span> <span class='ocrx_word' id='word_1_107' title='bbox 940 1670 1092 1733; x_wconf 78' lang='lat' dir='ltr'>ipsis1‚</span> <span class='ocrx_word' id='word_1_108' title='bbox 1120 1694 1138 1712; x_wconf 67' lang='lat' dir='ltr'>n</span> <span class='ocrx_word' id='word_1_109' title='bbox 1166 1672 1274 1719; x_wconf 85' lang='lat' dir='ltr'>illud</span> <span class='ocrx_word' id='word_1_110' title='bbox 1291 1673 1413 1737; x_wconf 90' lang='lat' dir='ltr'>quod</span> 
     </span>
     <span class='ocr_line' id='line_1_18' title="bbox 34 1739 1413 1808; baseline -0.004 -14"><span class='ocrx_word' id='word_1_111' title='bbox 34 1747 144 1805; x_wconf 86' lang='lat' dir='ltr'>dixi,</span> <span class='ocrx_word' id='word_1_112' title='bbox 172 1759 223 1794; x_wconf 77' lang='lat' dir='ltr'>ac</span> <span class='ocrx_word' id='word_1_113' title='bbox 243 1765 303 1793; x_wconf 65' lang='lat' dir='ltr'>ex</span> <span class='ocrx_word' id='word_1_114' title='bbox 334 1765 382 1792; x_wconf 81' lang='lat' dir='ltr'>se</span> <span class='ocrx_word' id='word_1_115' title='bbox 410 1749 508 1808; x_wconf 74' lang='lat' dir='ltr'>ipso</span> <span class='ocrx_word' id='word_1_116' title='bbox 547 1744 748 1807; x_wconf 75' lang='lat' dir='ltr'>quisque</span> <span class='ocrx_word' id='word_1_117' title='bbox 787 1739 972 1800; x_wconf 60' lang='lat' dir='ltr'>(usserat</span> <span class='ocrx_word' id='word_1_118' title='bbox 1008 1742 1187 1786; x_wconf 72' lang='lat' dir='ltr'>malam</span> <span class='ocrx_word' id='word_1_119' title='bbox 1205 1778 1216 1798; x_wconf 91' lang='lat'><strong><em>‚</em></strong></span> <span class='ocrx_word' id='word_1_120' title='bbox 1244 1759 1333 1791; x_wconf 89' lang='lat' dir='ltr'>non</span> <span class='ocrx_word' id='word_1_121' title='bbox 1353 1743 1413 1791; x_wconf 84' lang='lat' dir='ltr'>sic</span> 
     </span>
     <span class='ocr_line' id='line_1_19' title="bbox 33 1809 1411 1880; baseline -0.004 -16"><span class='ocrx_word' id='word_1_122' title='bbox 33 1835 120 1864; x_wconf 87' lang='lat' dir='ltr'>esse</span> <span class='ocrx_word' id='word_1_123' title='bbox 141 1816 494 1880; x_wconf 81' lang='lat' dir='ltr'>intelligendum,</span> <span class='ocrx_word' id='word_1_124' title='bbox 519 1813 593 1861; x_wconf 83' lang='lat' dir='ltr'>sed</span> <span class='ocrx_word' id='word_1_125' title='bbox 627 1812 688 1857; x_wconf 91' lang='lat' dir='ltr'>sic</span> <span class='ocrx_word' id='word_1_126' title='bbox 715 1812 860 1875; x_wconf 86' lang='lat' dir='ltr'>potius</span> <span class='ocrx_word' id='word_1_127' title='bbox 887 1821 933 1856; x_wconf 90' lang='lat' dir='ltr'>ut</span> <span class='ocrx_word' id='word_1_128' title='bbox 968 1809 1101 1857; x_wconf 87' lang='lat' dir='ltr'>homo</span> <span class='ocrx_word' id='word_1_129' title='bbox 1126 1811 1265 1857; x_wconf 84' lang='lat' dir='ltr'>malus</span> <span class='ocrx_word' id='word_1_130' title='bbox 1289 1812 1411 1863; x_wconf 81' lang='lat' dir='ltr'>aufe-</span> 
     </span>
     <span class='ocr_line' id='line_1_20' title="bbox 33 1880 1417 1945; baseline -0.004 -10"><span class='ocrx_word' id='word_1_131' title='bbox 33 1899 156 1935; x_wconf 84' lang='lat' dir='ltr'>ratur</span> <span class='ocrx_word' id='word_1_132' title='bbox 182 1906 230 1934; x_wconf 85' lang='lat' dir='ltr'>ex</span> <span class='ocrx_word' id='word_1_133' title='bbox 266 1886 526 1935; x_wconf 86' lang='lat' dir='ltr'>hominibus</span> <span class='ocrx_word' id='word_1_134' title='bbox 559 1882 686 1928; x_wconf 85' lang='lat' dir='ltr'>bonis</span> <span class='ocrx_word' id='word_1_135' title='bbox 705 1919 715 1933; x_wconf 83' lang='grc'>,</span> <span class='ocrx_word' id='word_1_136' title='bbox 744 1880 864 1945; x_wconf 87' lang='lat' dir='ltr'>quod</span> <span class='ocrx_word' id='word_1_137' title='bbox 904 1881 952 1925; x_wconf 81' lang='lat' dir='ltr'>fit</span> <span class='ocrx_word' id='word_1_138' title='bbox 980 1898 1058 1944; x_wconf 86' lang='lat' dir='ltr'>per</span> <span class='ocrx_word' id='word_1_139' title='bbox 1081 1881 1417 1930; x_wconf 75' lang='lat' dir='ltr'>eeclesiasticam</span> 
     </span>
     <span class='ocr_line' id='line_1_21' title="bbox 34 1950 1413 2022; baseline -0.005 -17"><span class='ocrx_word' id='word_1_140' title='bbox 34 1957 312 2022; x_wconf 79' lang='lat' dir='ltr'>disciplinam</span> <span class='ocrx_word' id='word_1_141' title='bbox 331 1994 341 2013; x_wconf 92' lang='lat'>,</span> <span class='ocrx_word' id='word_1_142' title='bbox 368 1957 471 2002; x_wconf 82' lang='lat' dir='ltr'>satis</span> <span class='ocrx_word' id='word_1_143' title='bbox 492 1955 649 2000; x_wconf 80' lang='lat' dir='ltr'>Graeca</span> <span class='ocrx_word' id='word_1_144' title='bbox 668 1952 814 2011; x_wconf 83' lang='lat' dir='ltr'>lingua</span> <span class='ocrx_word' id='word_1_145' title='bbox 840 1950 1030 2004; x_wconf 82' lang='lat' dir='ltr'>indicat3</span> <span class='ocrx_word' id='word_1_146' title='bbox 1056 1950 1132 1996; x_wconf 76' lang='lat' dir='ltr'>ubi</span> <span class='ocrx_word' id='word_1_147' title='bbox 1149 1953 1238 1997; x_wconf 89' lang='lat' dir='ltr'>sine</span> <span class='ocrx_word' id='word_1_148' title='bbox 1265 1953 1385 1998; x_wconf 82' lang='lat' dir='ltr'>ambi</span> <span class='ocrx_word' id='word_1_149' title='bbox 1407 1984 1413 1988; x_wconf 90' lang='lat'><em>-</em></span> 
     </span>
     <span class='ocr_line' id='line_1_22' title="bbox 36 2020 1416 2093; baseline -0.005 -19"><span class='ocrx_word' id='word_1_150' title='bbox 36 2028 196 2089; x_wconf 85' lang='lat' dir='ltr'>guitate</span> <span class='ocrx_word' id='word_1_151' title='bbox 223 2027 437 2093; x_wconf 86' lang='lat' dir='ltr'>scriptum</span> <span class='ocrx_word' id='word_1_152' title='bbox 456 2034 518 2070; x_wconf 88' lang='lat' dir='ltr'>est</span> <span class='ocrx_word' id='word_1_153' title='bbox 540 2060 550 2078; x_wconf 88' lang='lat'>‚</span> <span class='ocrx_word' id='word_1_154' title='bbox 588 2032 635 2067; x_wconf 87' lang='lat' dir='ltr'>ut</span> <span class='ocrx_word' id='word_1_155' title='bbox 660 2020 956 2080; x_wconf 65' lang='lat' dir='ltr'>intelligatur,</span> <span class='ocrx_word' id='word_1_156' title='bbox 981 2020 1103 2065; x_wconf 88' lang='lat' dir='ltr'>hunc</span> <span class='ocrx_word' id='word_1_157' title='bbox 1122 2020 1310 2077; x_wconf 82' lang='lat' dir='ltr'>malum,</span> <span class='ocrx_word' id='word_1_158' title='bbox 1328 2039 1416 2067; x_wconf 88' lang='lat' dir='ltr'>non</span> 
     </span>
     <span class='ocr_line' id='line_1_23' title="bbox 37 2089 1417 2158; baseline -0.006 -14"><span class='ocrx_word' id='word_1_159' title='bbox 37 2099 123 2146; x_wconf 90' lang='lat' dir='ltr'>hoc</span> <span class='ocrx_word' id='word_1_160' title='bbox 147 2098 344 2145; x_wconf 79' lang='lat' dir='ltr'>malum2</span> <span class='ocrx_word' id='word_1_161' title='bbox 370 2114 380 2141; x_wconf 90' lang='lat'><strong>:</strong></span> <span class='ocrx_word' id='word_1_162' title='bbox 420 2095 620 2158; x_wconf 76' lang='lat' dir='ltr'>quamvis</span> <span class='ocrx_word' id='word_1_163' title='bbox 643 2103 683 2135; x_wconf 83' lang='lat' dir='ltr'>et</span> <span class='ocrx_word' id='word_1_164' title='bbox 721 2089 963 2137; x_wconf 85' lang='lat' dir='ltr'>secundum</span> <span class='ocrx_word' id='word_1_165' title='bbox 995 2090 1124 2135; x_wconf 83' lang='lat' dir='ltr'>istum</span> <span class='ocrx_word' id='word_1_166' title='bbox 1151 2090 1417 2140; x_wconf 83' lang='lat' dir='ltr'>intellectum</span> 
     </span>
     <span class='ocr_line' id='line_1_24' title="bbox 39 2160 1416 2234; baseline -0.007 -18"><span class='ocrx_word' id='word_1_167' title='bbox 39 2169 334 2234; x_wconf 82' lang='lat' dir='ltr'>responderim</span> <span class='ocrx_word' id='word_1_168' title='bbox 359 2165 663 2213; x_wconf 68' lang='lat' dir='ltr'>Parmeniano.</span> <span class='ocrx_word' id='word_1_169' title='bbox 700 2162 795 2207; x_wconf 80' lang='lat' dir='ltr'>Hoc</span> <span class='ocrx_word' id='word_1_170' title='bbox 821 2177 934 2224; x_wconf 84' lang='lat' dir='ltr'>opus</span> <span class='ocrx_word' id='word_1_171' title='bbox 962 2160 1022 2206; x_wconf 89' lang='lat' dir='ltr'>sic</span> <span class='ocrx_word' id='word_1_172' title='bbox 1049 2160 1235 2227; x_wconf 78' lang='lat' dir='ltr'>incipit:</span> <span class='ocrx_word' id='word_1_173' title='bbox 1263 2163 1416 2208; x_wconf 72' lang='lat' dir='ltr'><em>Malla</em></span> 
     </span>
     <span class='ocr_line' id='line_1_25' title="bbox 41 2237 941 2306; baseline -0.011 -18"><span class='ocrx_word' id='word_1_174' title='bbox 41 2242 232 2306; x_wconf 72' lang='lat' dir='ltr'>quidem</span> <span class='ocrx_word' id='word_1_175' title='bbox 255 2240 377 2285; x_wconf 75' lang='lat' dir='ltr'>alcas</span> <span class='ocrx_word' id='word_1_176' title='bbox 402 2238 619 2283; x_wconf 52' lang='lat' dir='ltr'>(alvers-us</span> <span class='ocrx_word' id='word_1_177' title='bbox 645 2237 941 2279; x_wconf 42' lang='lat' dir='ltr'>Domnulus.</span> 
     </span>
    </p>
   </div>
   <div class='ocr_carea' id='block_1_7' title="bbox 92 2339 774 2388">
    <p class='ocr_par' dir='ltr' id='par_1_8' title="bbox 92 2339 774 2388">
     <span class='ocr_line' id='line_1_26' title="bbox 92 2339 774 2388; baseline -0.018 -7"><span class='ocrx_word' id='word_1_178' title='bbox 92 2349 100 2368; x_wconf 86' lang='lat'><strong>¹</strong></span> <span class='ocrx_word' id='word_1_179' title='bbox 129 2357 141 2378; x_wconf 75' lang='grc' dir='ltr'>Ι</span> <span class='ocrx_word' id='word_1_180' title='bbox 160 2349 235 2380; x_wconf 80' lang='lat' dir='ltr'>Cor.</span> <span class='ocrx_word' id='word_1_181' title='bbox 256 2359 290 2388; x_wconf 76' lang='lat' dir='ltr'>V,</span> <span class='ocrx_word' id='word_1_182' title='bbox 312 2348 363 2377; x_wconf 64' lang='grc' dir='ltr'>ιδ.</span> <span class='ocrx_word' id='word_1_183' title='bbox 381 2342 454 2368; x_wconf 74' lang='lat'>—2</span> <span class='ocrx_word' id='word_1_184' title='bbox 472 2344 530 2374; x_wconf 74' lang='lat' dir='ltr'>Gr.</span> <span class='ocrx_word' id='word_1_185' title='bbox 547 2340 605 2371; x_wconf 65' lang='grc' dir='ltr'>Τὸν</span> <span class='ocrx_word' id='word_1_186' title='bbox 626 2339 774 2379; x_wconf 72' lang='grc' dir='ltr'>πονηρὶν.</span> 
     </span>
    </p>
   </div>
   <div class='ocr_carea' id='block_1_8' title="bbox 1218 2693 1294 2748">
    <p class='ocr_par' dir='ltr' id='par_1_9' title="bbox 1218 2693 1294 2748">
     <span class='ocr_line' id='line_1_27' title="bbox 1218 2693 1294 2748; baseline 0.013 -13"><span class='ocrx_word' id='word_1_187' title='bbox 1218 2693 1294 2748; x_wconf 69' lang='lat'>34.</span> 
     </span>
    </p>
   </div>
  </div>
 </body>
</html>
