1769 3235
308 290 398 337 302
697 297 732 328 s,
776 294 1021 328 mensum
1057 295 1261 328 1-:P1scor1

306 367 539 415 evadamus
562 363 697 424 hujus
727 361 882 409 muudi
916 362 1243 426 periculosiores
1279 360 1514 407 blanditias
1544 376 1674 426 quam
1738 359 1740 362 ’

311 437 542 491 molestias,
568 434 650 480 nisi
670 450 772 479 cum
794 450 878 496 pax
898 437 988 493 ejus
1001 433 1054 478 ad
1072 433 1158 478 hoc
1182 433 1375 496 proficit,
1398 432 1515 495 quod
1533 434 1675 497 Apos-

313 509 426 554 tolus
449 523 570 553 orare
591 522 670 551 nos
693 505 891 558 monuit,
921 505 1013 550 «Ut
1037 505 1227 567 quietam
1248 504 1382 549 vitam
1408 514 1449 549 et
1465 503 1671 566 tranquil·

310 579 397 627 lam
419 593 596 637 agamus
619 576 665 620 in
688 576 806 620 omni
825 576 983 639 pietate
1002 585 1043 619 et
1063 574 1276 619 charitate
1289 573 1353 621 1.»
1373 575 1418 620 Si
1436 574 1548 620 enim
1568 574 1678 620 desit
1744 568 1748 580 '

314 650 451 714 pietas
474 659 517 693 et
546 647 760 702 charitas,
793 645 901 709 quid
926 656 986 690 est
1010 646 1065 690 ab
1090 644 1198 700 illis,
1222 655 1264 689 et
1285 662 1306 689 a
1332 647 1498 691 caeteris
1531 644 1687 690 mundi
1746 665 1750 681 ·

318 719 443 766 malis
459 716 752 781 tranquillitas
775 727 817 760 et
841 715 962 779 quies
980 752 990 764 .
1023 715 1105 760 nisi
1134 713 1318 760 luxuriae
1345 716 1689 779 perditionisque

318 791 515 836 materies
532 825 543 844 ‚
571 789 657 833 sive
679 787 1012 833 invitamentum
1037 785 1124 830 sive
1161 788 1476 845 adiumentum.
1512 787 1570 832 Ut
1590 802 1690 846 ergo

321 862 560 908 habeamus
578 859 770 923 quietam
798 869 840 903 et
866 856 1144 920 tranquillam
1160 856 1312 913 vitam>
1336 858 1379 902 in
1404 858 1692 921 omnipietate

320 943 364 978 et
382 932 596 978 charitate
611 967 622 986 ,
648 929 768 992 quod
795 945 872 973 nos
891 945 972 990 pro
992 927 1141 982 vobis,
1169 937 1287 972 orate
1307 945 1388 991 pro
1404 929 1531 974 nobis
1551 948 1562 982 ;
1588 927 1692 973 ubi-

322 1019 512 1065 cumque
537 1002 659 1055 estis‚
704 1000 975 1062 ubicumque
1007 1014 1186 1045 sumus:
1223 1014 1437 1063 nusquam
1460 999 1575 1045 enim
1605 1014 1696 1044 non

322 1083 408 1129 est,
437 1076 560 1132 cujus
589 1085 750 1117 sumus,

389 1144 489 1190 Vll.
521 1142 621 1188 Misi
659 1152 700 1187 et
732 1140 836 1186 alios
856 1140 1022 1197 libros,
1052 1155 1161 1203 quos
1183 1156 1272 1186 non
1308 1139 1485 1203 petisti,
1524 1156 1577 1186 ne
1612 1138 1699 1186 hoc

329 1213 632 1261 tantummodo
657 1213 839 1259 facerem
861 1212 979 1276 quod
1002 1212 1176 1276 petisti,
1203 1214 1390 1272 Belide
1416 1229 1563 1257 rerum
1591 1228 1701 1275 qtcoe

327 1304 422 1333 non
440 1285 579 1332 viden
588 1295 679 1341 lar,
710 1285 1049 1348 Depczlc'entia,
1076 1287 1152 1328 De
1170 1286 1475 1339 continentia,
1500 1288 1572 1329 De
1581 1299 1702 1347 pro-

329 1359 556 1410 videntia,
570 1366 610 1402 et
635 1372 769 1401 unum
793 1354 1000 1415 grandem
1014 1359 1085 1400 De
1101 1353 1202 1414 sicle
1226 1365 1272 1399 et
1290 1371 1373 1416 spe
1393 1365 1438 1399 ec
1459 1355 1701 1399 charitate.

331 1429 422 1475 Hos
455 1443 602 1473 omnes
635 1426 669 1472 si
697 1426 802 1471 dum
836 1442 878 1471 es
900 1426 1014 1470 intra
1055 1424 1249 1471 Africam
1274 1424 1451 1485 legeris,
1484 1424 1706 1485 judicium

331 1509 456 1544 tuum
488 1499 610 1543 mitte
631 1496 685 1542 de
716 1496 801 1542 illis
820 1532 831 1551 ‚
868 1507 943 1541 aut
977 1495 1099 1540 mitte
1123 1495 1249 1540 nobis
1269 1532 1280 1551 ‚
1318 1505 1392 1540 aut
1422 1511 1510 1558 quo
1538 1495 1665 1540 nobis
1685 1512 1708 1541 a

335 1569 525 1616 Domino
548 1569 680 1614 fratre
706 1566 881 1613 Aurelio
899 1567 1116 1622 mittatur,
1141 1566 1206 1611 ibi
1228 1565 1426 1611 dimitte:
1456 1581 1708 1629 quanquam

335 1650 378 1686 et
403 1640 671 1702 ubicumque
688 1637 820 1683 fueris
839 1653 1061 1700 speramus
1084 1635 1184 1681 inde
1208 1635 1369 1682 litteras
1399 1647 1518 1691 tuas,
1539 1647 1581 1680 et
1606 1635 1710 1680 hinc

336 1709 501 1756 tudum
524 1725 751 1773 possumus
774 1718 935 1753 nostra.
968 1707 1147 1770 Suscepi
1164 1707 1400 1767 gratissime
1419 1723 1520 1771 quae
1538 1705 1707 1761 misisti,

337 1781 417 1826 ubi
436 1791 478 1825 et
501 1780 684 1825 salutem
704 1795 841 1823 meam
867 1778 1066 1840 quamvis
1090 1777 1362 1841 corporalem
1380 1814 1390 1831 ‚
1414 1776 1621 1841 quoniam
1651 1775 1713 1822 vis

339 1868 406 1897 me
427 1851 576 1915 utique
595 1851 684 1896 sine
700 1848 1014 1912 impedimento
1030 1848 1156 1894 malae
1169 1847 1430 1893 valetudinis
1442 1849 1530 1893 Deo
1547 1862 1714 1903 vacare,

341 1932 383 1966 et
404 1922 723 1967 bibliothecam
744 1930 934 1964 nostram
957 1956 968 1975 ‚
996 1929 1043 1964 ut
1059 1919 1144 1964 sint
1164 1918 1279 1964 unde
1301 1919 1405 1964 libri
1427 1918 1491 1964 vel
1508 1928 1717 1981 parentur

342 1992 410 2039 vel
426 2002 682 2056 reparentur
697 2028 707 2047 ,
738 1989 943 2050 adjuvare
963 1990 1166 2050 dignatus
1187 2007 1243 2037 es.
1271 1989 1503 2053 Rependat
1525 1989 1605 2034 tibi
1624 1989 1717 2034 Do-

344 2063 487 2108 minus
509 2074 550 2108 et
574 2063 649 2107 hic
675 2072 717 2106 et
736 2060 781 2106 in
804 2060 953 2105 futuro
978 2060 1139 2105 saeculo
1160 2061 1293 2116 bona,
1312 2077 1413 2124 quae
1435 2060 1596 2105 talibus
1607 2075 1717 2123 qua-

345 2133 429 2179 lem
448 2144 488 2179 te
510 2151 597 2179 esse
621 2131 762 2179 voluit
786 2131 1066 2194 praeparavit.
1095 2131 1258 2190 Pignus
1278 2131 1399 2194 pacis
1431 2129 1549 2194 apud
1583 2140 1624 2175 te
1648 2129 1721 2175 de-

345 2205 536 2268 positum
554 2241 564 2261 ‚
592 2216 876 2265 nostrumque
906 2201 1078 2264 utrique
1104 2201 1424 2258 dulcissimum,
1446 2202 1558 2247 sicut
1581 2211 1679 2247 ante
1699 2217 1722 2246 a

347 2293 416 2321 me
433 2275 608 2322 salutari
629 2311 638 2330 ‚
668 2275 726 2319 ita
747 2289 865 2319 nunc
883 2271 1105 2319 resalutari
1122 2282 1238 2337 peto.

397 2360 407 2384 Ι
434 2370 445 2390 1
462 2359 655 2398 Tim.11‚2.

1731 89 1738 240 l

1735 244 1746 358 ι,
