1769 3235
335 293 429 355 394
738 308 773 337 s.
818 305 1060 339 AUGUSTINI
1095 308 1295 338 Er1scor1

339 468 395 478 sus
402 467 457 478 »su
464 468 516 478 nt
523 469 576 479 “z
583 469 700 480 muz
708 470 760 479 zm·-
770 469 1067 480 msa-mmmmm*
1073 470 1128 480 ιιι
1135 469 1189 480 Μ
1197 469 1377 480 mutasses-
1384 471 1419 480 »s
1427 471 1434 477 κ
1447 469 1562 479 ιιιιςὶ
1570 469 1690 480 muns

765 587 1030 631 EPISTOLA
1065 587 1230 629 CCLXI
1249 587 1260 609 ¹
1272 619 1281 629 .

334 729 508 767 Domino
538 728 789 767 dilectissimo
820 736 858 766 et
890 728 929 765 in
963 727 1119 765 Clu-isto
1152 726 1400 777 praedicando
1422 757 1432 775 ,
1464 726 1711 778 nimiumque

389 791 637 831 desiderabili
653 791 767 830 fratri
788 792 948 836 Aumcr,
966 790 1207 827 Aucusrmus
1227 789 1266 826 in
1285 788 1458 827 Domino
1476 787 1656 826 salutem.

337 920 615 977 Augustinus
633 920 813 961 Audaci
830 930 1006 961 eoeczasat
1024 921 1324 977 occupationes
1340 936 1457 967 suas,
1474 921 1715 961 admonens

396 998 442 1030 ut
471 989 542 1029 vel
576 988 777 1029 intendat
804 988 1054 1030 evolvendis
1079 989 1213 1043 ipsius
1238 988 1364 1030 libris
1386 1021 1396 1034 ‚
1426 993 1495 1030 vel
1524 1001 1716 1044 prcesens

395 1057 553 1097 audiat
574 1056 718 1112 ipsum
739 1056 997 1112 loquentem.

402 1198 436 1244 Ι.
462 1198 646 1247 BREVEM
688 1196 929 1260 Epistolam
968 1207 1114 1250 tuam,
1149 1196 1223 1243 sed
1257 1197 1389 1261 plane
1416 1197 1715 1244 vehementem

340 1267 644 1327 flagitatricem
684 1267 866 1330 prolixae
900 1267 1110 1330 Epistolae
1134 1284 1260 1323 meae,
1308 1284 1394 1312 non
1426 1268 1604 1321 invitus,
1632 1267 1720 1312 imo
1750 1314 1753 1319 ,

342 1338 470 1383 etiam
491 1338 618 1383 laetus
643 1338 807 1401 accepi.
842 1338 940 1382 Non
953 1337 1074 1400 quod
1098 1337 1225 1383 facile
1247 1337 1483 1383 sufficerem
1507 1337 1720 1396 aviditati,
1750 1333 1756 1367 i

344 1408 417 1454 sed
439 1408 560 1471 quod
588 1408 827 1468 gratularer
842 1408 1048 1453 charitati
1069 1419 1178 1465 tuae3
1197 1409 1300 1472 quia
1323 1409 1401 1453 etsi
1421 1425 1509 1453 non
1545 1408 1599 1454 de
1622 1408 1722 1453 ido-

342 1496 421 1523 neo
433 1479 611 1541 expetis,
636 1479 803 1523 bonum
825 1489 887 1523 est
902 1489 1044 1524 tamen
1068 1478 1187 1542 quod
1203 1479 1380 1542 expetiS.
1403 1479 1456 1524 Et
1475 1479 1527 1524 ad
1547 1479 1721 1538 longam

343 1548 520 1611 quidem
560 1548 803 1611 Epistolam
848 1549 1214 1596 conscribendam
1257 1549 1392 1609 magis
1432 1549 1544 1594 mihi
1584 1549 1723 1594 otium

340 1636 471 1680 quam
500 1618 684 1664 facultas
726 1619 850 1675 defit,
874 1619 1216 1682 occupatissimo
1237 1619 1402 1665 scilicet
1425 1619 1726 1665 ecclesiasticis

345 1689 476 1741 curis,
498 1689 693 1752 aquibus
706 1689 910 1752 pauculae
924 1699 1172 1752 temporum
1199 1690 1324 1735 stillae
1338 1691 1407 1735 vix
1422 1700 1634 1743 recreant,
1659 1688 1726 1734 vel

347 1759 609 1819 cogitantem
631 1758 816 1822 aliquid,
843 1759 912 1805 vel
931 1777 979 1806 ea
1000 1777 1100 1823 quae
1124 1761 1259 1821 magis
1282 1771 1435 1821 urgent
1463 1772 1505 1807 et
1528 1760 1638 1806 mihi
1659 1759 1725 1805 vi-

349 1830 507 1876 dentur
515 1829 732 1909 ‘pluribus
767 1830 1002 1893 profutura
1037 1830 1312 1887 dictantem,
1336 1796 1428 1877 t>vel
1465 1832 1728 1877 reficientem

350 1901 546 1963 corporis
567 1901 677 1946 vires
711 1911 870 1946 nostrae
907 1901 1166 1947 necessarias
1201 1902 1412 1949 servituti.
1445 1903 1555 1948 Nam
1595 1901 1731 1947 verba
1762 1914 1769 1967 p

351 1987 440 2016 non
459 1970 633 2025 desunt,
674 1971 837 2034 quibus
875 1971 1012 2034 possit
1046 1971 1185 2017 multa
1209 1972 1362 2017 charta
1398 1971 1629 2035 compleri,
1657 1969 1730 2016 sed
1764 1978 1769 2013 ἰ

351 2041 472 2105 quod
491 2059 513 2086 a
528 2041 656 2087 nobis
678 2041 723 2086 in
750 2041 899 2087 eadem
919 2043 1128 2088 sermonis
1145 2043 1394 2106 prolixitate
1414 2042 1649 2097 desideras,
1676 2040 1731 2086 ad
1765 2049 1769 2105 ξ

352 2113 441 2158 hoc
457 2129 525 2158 me
547 2111 752 2158 idoneum
779 2129 867 2157 non
903 2129 990 2157 esse
1011 2112 1270 2176 respondeo.
1303 2115 1579 2159 Thesaurum
1618 2112 1731 2157 enim
1766 2107 1769 2150 ἷ

352 2183 576 2246 sapientiae
591 2193 632 2228 te
655 2182 914 2228 desiderasse
931 2182 1089 2237 dixisti,
1114 2183 1189 2229 sed
1204 2185 1345 2230 minus
1367 2183 1580 2247 accepisse
1602 2199 1732 2246 quam
1767 2180 1769 2235 ἶ

355 2253 546 2308 voluisti,
569 2270 671 2299 cum
693 2270 770 2313 ego
795 2270 842 2298 ex
870 2253 946 2299 illo
979 2254 1183 2299 thesauro
1215 2253 1572 2300 mendicabunda
1606 2269 1735 2317 prece
1768 2247 1769 2253 ¹

355 2324 656 2388 quotidianam
671 2324 826 2387 stipem
849 2341 1016 2385 rogem,
1042 2326 1195 2389 vixque
1214 2325 1458 2388 impetrem.

424 2396 482 2441 ΙΙ.
508 2416 528 2436 «
552 2394 794 2440 Oraculum
816 2406 959 2440 autem
978 2396 1103 2455 Legis
1126 2418 1144 2437 ›>
1164 2396 1389 2459 quomodo
1402 2412 1515 2449 sum,
1538 2394 1591 2440 de
1611 2398 1736 2455 cujus

358 2465 455 2510 latis
477 2475 606 2528 atque
633 2465 797 2510 abditis
818 2466 1115 2528 penetralibus
1132 2467 1276 2511 nescio
1311 2466 1436 2526 longe
1458 2466 1585 2529 plura
1604 2482 1736 2528 quam

363 2537 470 2590 scio,
500 2539 677 2599 ejusque
713 2535 980 2599 multiplices
1012 2537 1128 2582 sinus
1165 2553 1412 2600 opacosque
1433 2552 1618 2582 secessus
1656 2534 1737 2580 ad-

360 2640 364 2661 1.
409 2627 524 2659 ¹Alias
544 2637 616 2658 cxx„
643 2637 714 2670 quae
739 2632 846 2659 autem
878 2628 941 2659 261
971 2632 1062 2669 erat,
1086 2637 1171 2659 nunc
1199 2638 1275 2668 209.

359 2663 400 2672 ι...

1759 1745 1763 1804 ῑ

1760 1805 1764 1823 l
