1769 3235
559 288 771 320 EPISTOLA
807 290 967 321 chxn.
1358 293 1449 340 097

80 449 947 463 tnsmwmmmmmmmnsnztxxxuxxx
955 450 1006 461 ις,-
1015 452 1131 462 §aaut
1142 452 1177 461 ιι
1205 452 1385 462 ηινῃκω
1394 452 1452 463 νιν

504 566 772 611 EPISTOLA
807 567 993 610 CCLXII
1013 568 1043 610 ¹.

10 682 12 697 l

10 705 11 735 ἕ
76 702 251 741 Dominae
281 702 578 755 religiosissimae
614 701 702 741 filiae
733 701 909 740 ECDICIAE
941 703 1181 742 AncusriNth
1213 704 1254 742 in
1279 704 1453 745 Domino

671 763 854 804 salutem.

76 904 350 959 Augustinus
368 902 578 951 Ecdiciae,
595 917 689 957 qaoe
705 902 916 945 ‘nest-iente
933 904 1032 943 viro
1053 917 1146 953 suo,
1170 901 1284 944 bona
1305 918 1384 945 sua
1403 905 1452 944 in

133 971 450 1029 eleemosynam
479 970 793 1019 distribuerat,
831 981 869 1011 et
905 970 1134 1011 victualem
1156 970 1359 1012 habitum
1382 971 1452 1011 in-

133 1039 310 1089 duerat,
348 1040 660 1080 correctionem
691 1039 865 1080 adhibet
900 1054 1033 1092 quam
1062 1039 1356 1088 acerrimam,
1385 1040 1454 1080 in-

122 1108 320 1163 jungens
343 1116 388 1148 ut
411 1123 541 1163 super
562 1107 630 1148 his
655 1108 794 1163 faciat
815 1107 921 1148 satis
940 1107 1041 1148 viro
1063 1121 1151 1148 sao.

139 1248 174 1293 I.
202 1248 362 1294 Lsscrls
388 1247 540 1293 litteris
582 1249 834 1294 reverentiae
854 1259 961 1305 tuae,
998 1260 1041 1295 et
1073 1264 1220 1295 earum
1236 1249 1454 1313 perlatore

72 1318 333 1379 interrogato
351 1336 450 1381 quae
475 1319 782 1379 interroganda
802 1321 1042 1376 restabant,
1065 1320 1344 1366 vehementer
1368 1319 1453 1365 do-

71 1387 152 1443 lui,
182 1388 242 1434 sic
278 1400 316 1433 te
339 1388 522 1434 voluisse
547 1406 669 1449 agere
694 1406 793 1435 cum
818 1391 973 1435 marito
1001 1401 1049 1435 ut
1078 1389 1319 1435 aeclificium
1346 1407 1453 1435 con-

75 1457 286 1514 tinentiae,
307 1459 425 1521 quod
449 1459 492 1503 in
515 1463 668 1519 eojam
692 1460 887 1505 construi
906 1470 1121 1522 coeperat,
1143 1459 1298 1504 amissa
1312 1476 1454 1522 perse·

69 1529 261 1576 vetantia
284 1529 328 1574 in
344 1529 545 1575 adulterii
561 1530 733 1575 ruinam
759 1530 1307 1576 miserabiliterlaberetur.
1335 1531 1449 1575 Cum

0 1658 1 1662 Ἰ
73 1600 187 1645 enim
212 1600 425 1660 lugendus
454 1612 587 1655 esset,
630 1601 662 1646 si
704 1612 802 1664 post
839 1601 1150 1647 continentiam
1176 1610 1319 1646 votam
1345 1601 1453 1655 Deo,

67 1673 247 1733 jamque
265 1681 366 1716 actu
389 1670 484 1733 ipso
505 1671 788 1734 moribusque
807 1681 1050 1734 susceptam
1088 1680 1374 1716 reverteretur
1401 1670 1455 1715 ad

71 1741 268 1800 conjugis
289 1758 460 1786 carnem
482 1759 492 1786 ε
520 1753 686 1804 quanto
711 1744 844 1802 magis
874 1759 992 1787 nunc
1014 1742 1233 1787 demersus
1269 1742 1312 1785 in
1343 1740 1452 1785 inte-

73 1810 203 1855 ritum
228 1810 558 1873 profundiorem
578 1811 790 1871 lugendus
807 1822 886 1867 est,
916 1812 992 1874 qui
1020 1822 1107 1856 tam
1145 1810 1336 1872 abrupta
1361 1809 1454 1855 dis-

74 1879 286 1925 solutione
326 1880 596 1936 moechatur,
642 1882 776 1926 ilatus
809 1882 911 1935 tibi,
939 1881 1210 1944 perniciosus
1230 1880 1332 1933 sibi,
1360 1889 1455 1924 tan-

74 1966 205 2013 quam
230 1951 274 1996 in
299 1962 340 1996 te
360 1951 558 1997 acerbius
585 1952 752 2007 saeviat,
789 1952 822 1996 si
853 1952 945 2014 ipse
976 1954 1150 2014 pereat?
1179 1952 1272 1995 lloc
1312 1960 1454 1994 autem

72 2029 241 2065 tantum
265 2021 367 2066 mali
397 2021 574 2068 accidit.
593 2021 700 2067 dum
724 2033 772 2067 tu
803 2025 893 2099 ejus
934 2021 1129 2067 animum
1152 2037 1241 2066 non
1265 2036 1351 2082 qua
1381 2019 1454 2065 de-

71 2089 204 2136 buisti
230 2091 523 2136 moderatione
546 2092 740 2137 tractasti
769 2110 779 2136 :
809 2092 913 2155 quia
938 2092 1015 2137 etsi
1046 2090 1211 2137 carnali
1235 2090 1453 2135 consortio

67 2163 160 2220 jam
178 2179 225 2207 ex
239 2178 449 2207 consensu
467 2163 593 2208 vobis
613 2179 702 2207 non
720 2163 1040 2218 miscebamini,
1059 2162 1103 2207 in
1128 2160 1294 2207 caeteris
1315 2171 1457 2205 tamen

71 2232 201 2277 rebus
222 2231 664 2296 conjugaliobsequio
688 2233 783 2279 viro
801 2243 876 2277 tuo
893 2232 1048 2277 mulier
1066 2231 1223 2277 servire
1244 2229 1453 2284 debuisti,

74 2302 315 2365 praesertim
335 2319 435 2347 cum
455 2303 585 2348 ambo
604 2304 746 2348 essetis
762 2303 956 2347 membra
979 2302 1175 2365 corporis
1199 2300 1378 2346 Christi.
1404 2300 1462 2344 Et

75 2372 228 2435 utique
253 2372 287 2417 si
311 2372 517 2417 maritum
553 2372 772 2418 infidelem
814 2372 952 2417 fidelis
979 2371 1203 2417 habuisses
1219 2408 1228 2426 ,
1274 2386 1396 2429 agere
1420 2380 1461 2414 te

75 2442 400 2488 conversatione
421 2442 600 2488 subdita
627 2443 846 2506 oportuit,
875 2454 923 2487 ut
938 2458 1034 2487 eum
1066 2441 1259 2492 Domino
1278 2439 1462 2485 lucrare-

75 2513 150 2570 ris,
173 2513 286 2559 sieut
309 2513 507 2576 Apostoli
533 2524 798 2560 monuerunt
816 2513 849 2559 ².

123 2613 134 2637 ί
156 2614 245 2647 Alias
261 2625 373 2647 cxcix.
396 2625 468 2657 quae
489 2621 596 2647 autem
614 2615 680 2646 262
697 2619 786 2652 erat,
805 2624 890 2645 nunc
917 2625 997 2654 ¹229.
1022 2630 1065 2637 —
1091 2609 1107 2633 ²
1128 2624 1141 2643 1
1164 2612 1239 2645 Cor.
1253 2622 1312 2650 vu,
1332 2621 1365 2646 x.
