1769 3235
326 272 417 329 248
746 291 782 319 s.
826 285 1070 319 Auensrrm
1106 287 1313 320 Ei>1sco1=1

327 354 443 401 titer.
472 363 513 398 et
537 352 608 398 dic
630 354 719 398 Deo
737 352 855 416 quod
879 353 1010 399 babes
1032 354 1076 398 in
1095 355 1266 400 Psalmo
1289 392 1298 404 ,
1329 374 1348 395 α
1377 355 1440 401 De
1467 357 1699 404 necessati-

324 443 348 465 v
374 423 536 468 tatibus
571 423 676 469 meis
711 440 811 468 erue
845 423 958 469 me1.
986 446 1004 465 »
1044 425 1168 469 Tunc
1207 425 1319 470 enim
1358 426 1572 472 finiuntur
1608 429 1700 474 istae

327 494 597 539 necessitates
613 531 623 546 ,
664 493 841 556 quando
883 494 1122 539 vincuntur
1164 494 1250 540 illae
1291 495 1563 557 cupiditates.
1611 497 1700 553 Qui

324 563 542 609 exaudivit
565 573 627 619 te,
649 574 690 609 et
708 581 785 609 nos
804 581 884 626 pro
910 575 949 609 te
969 602 979 619 ,
1004 575 1051 609 ut
1068 565 1309 609 liberareris
1328 565 1381 610 de
1403 576 1465 610 tot
1485 567 1700 630 tantisque

319 633 528 695 periculis
561 634 799 679 visibilium
835 634 1218 697 corporaliumque
1238 635 1478 691 bellorum,
1510 637 1586 682 ubi
1612 638 1699 684 sola

320 706 399 750 ista
435 705 523 750 vita
563 705 828 768 quandoque
866 707 1057 752 finienda
1098 705 1390 768 periclitatur,
1434 708 1577 752 anima
1600 725 1701 754 vero

320 792 409 821 non
434 776 576 838 perit,
610 777 643 822 si
668 794 754 822 non
787 776 987 835 malignis
1014 776 1337 838 cupiditatibus
1361 778 1535 840 captiva
1556 790 1702 824 tenea-

322 857 424 900 tur3
449 846 541 910 ipse
561 858 602 893 te
617 848 814 893 exaudiet
833 858 879 893 ut
895 848 1118 892 interiores
1139 858 1180 892 et
1203 847 1445 893 invisibiles
1469 848 1635 906 hostes,
1656 850 1702 896 id

320 926 399 972 est,
428 916 543 979 ipsas
566 917 830 979 cupiditates
850 917 1127 962 invisibiliter
1149 927 1191 962 et
1214 917 1464 980 spiritaliter
1484 919 1704 976 vincas‚et

322 986 384 1032 sic
407 987 541 1032 utaris
575 988 663 1033 hoc
694 987 860 1033 mundo
893 998 1103 1051 tanquam
1138 1005 1226 1034 non
1258 999 1381 1034 utens
1402 1009 1413 1043 3
1438 1000 1486 1035 ut
1508 1007 1555 1035 ex
1577 991 1703 1036 bonis

321 1057 414 1117 eius
440 1057 558 1103 bona
590 1057 749 1116 facias,
793 1075 881 1104 non
916 1058 1057 1103 malus
1092 1059 1168 1103 fias
1204 1076 1215 1103 τ
1254 1058 1357 1121 quia
1387 1069 1429 1104 et
1463 1059 1558 1123 ipsa
1586 1060 1704 1106 bona

324 1138 425 1173 sunt
447 1165 458 1185 ,
497 1144 577 1173 nec
617 1128 778 1175 dantur
815 1129 1071 1175 hominibus
1111 1129 1193 1174 nisi
1229 1129 1285 1174 ab
1319 1129 1423 1186 illo,
1466 1131 1542 1193 qui
1570 1130 1706 1176 habet

325 1198 521 1244 omnium
558 1199 799 1246 coelestium
839 1210 881 1245 et
917 1200 1179 1245 terrestrium
1214 1210 1487 1262 potestatem.
1529 1201 1613 1247 Sed
1651 1218 1705 1246 ne

327 1278 541 1332 putentur
566 1270 678 1315 mala
693 1307 703 1325 ‚
738 1270 900 1316 dantur
917 1281 957 1315 et
977 1270 1103 1316 bonis
1126 1288 1137 1315 ι
1163 1287 1214 1314 ne
1233 1281 1444 1332 putentur
1464 1288 1618 1331 magna
1639 1271 1706 1317 vel

327 1356 494 1385 summa
523 1340 639 1386 bona
657 1378 668 1397 ,
697 1340 859 1386 dantur
888 1352 930 1386 et
955 1341 1092 1387 malis.
1126 1341 1323 1403 Itemque
1353 1340 1607 1388 auferuntur
1625 1342 1705 1388 ista

329 1420 373 1455 et
389 1409 517 1456 bonis
539 1421 587 1456 ut
611 1411 871 1474 probentur,
900 1422 942 1457 et
966 1411 1089 1456 malis
1115 1421 1164 1456 ut
1190 1410 1454 1458 crucientur.

395 1481 474 1527 XI.
518 1481 627 1538 Quis
665 1482 780 1528 enim
810 1482 998 1537 nesciat,
1036 1482 1132 1545 quis
1157 1482 1216 1527 ita
1241 1481 1295 1526 sit
1327 1481 1507 1539 stultus,
1537 1494 1585 1528 ut
1619 1500 1706 1529 non

324 1551 476 1597 -videat
497 1553 618 1616 quod
642 1553 756 1599 salus
779 1553 912 1612 hujus
937 1552 1131 1598 mortalis
1165 1552 1387 1615 corporis,
1418 1563 1461 1597 et
1485 1554 1706 1600 membro-

330 1638 428 1667 rum
455 1623 814 1686 corruptibilium
834 1624 992 1679 virtus,
1014 1634 1055 1668 et
1078 1623 1261 1668 victoria
1280 1622 1333 1668 de
1348 1622 1604 1670 hominibus
1625 1624 1706 1670 ini-

329 1693 471 1748 micis,
494 1704 536 1738 et
560 1694 703 1740 honor
718 1705 849 1757 atque
867 1694 1061 1757 potentia
1092 1693 1362 1757 temporalis,
1392 1704 1432 1739 et
1449 1705 1606 1741 caetera
1629 1695 1706 1741 ista

330 1763 448 1808 bona
468 1774 654 1821 terrena,
678 1775 719 1810 et
744 1765 873 1810 bonis
887 1764 1046 1810 dentur
1068 1775 1109 1810 et
1143 1764 1283 1820 malis,
1303 1775 1344 1809 et
1359 1764 1488 1810 bonis
1506 1765 1708 1811 auferan-

332 1843 405 1878 tur
419 1843 461 1878 et
479 1833 628 1880 malis?
647 1834 772 1880 Salus
790 1851 891 1880 vero
911 1835 1066 1880 animae
1085 1851 1184 1880 cum
1205 1834 1530 1881 immortalitate
1545 1853 1708 1900 corpo-

332 1904 409 1959 ris,
431 1905 862 1969 virtusquejustitiae‚
886 1917 928 1950 et
952 1907 1135 1952 victoria
1151 1906 1204 1952 de
1221 1906 1541 1969 cupiditatibus
1565 1908 1707 1953 inimi-

332 1974 412 2027 cis,
441 1986 483 2020 et
500 1975 635 2035 gloria
659 1987 700 2021 et
720 1976 864 2021 honor
893 1986 934 2021 et
959 1994 1041 2039 pax
1074 1977 1120 2022 in
1143 1987 1374 2034 aeternum,
1418 1994 1507 2023 non
1548 1978 1710 2024 dantur
1768 1999 1769 2022 1

332 2044 414 2090 nisi
434 2044 575 2091 bonis.
598 2046 685 2091 Ista
702 2063 802 2106 ergo
825 2046 973 2106 dilige,
997 2047 1077 2092 ista
1104 2047 1385 2110 concupisce,
1406 2048 1486 2094 ista
1505 2049 1709 2095 omnibus
1766 2074 1769 2084 ι

333 2114 475 2160 modis
494 2132 656 2178 quaere.
681 2118 868 2180 Propter
898 2116 997 2162 haec
1016 2118 1282 2181 acquirenda
1305 2129 1346 2163 et
1381 2118 1620 2164 obtinenda
1638 2119 1708 2165 fac
1746 2139 1766 2162 a·

334 2184 643 2248 eleemosynas,
666 2185 804 2232 funde
844 2188 1056 2233 orationes
1075 2225 1085 2243 ,
1123 2204 1267 2233 exerce
1283 2188 1464 2248 jejunia,
1493 2200 1705 2252 quantum
1764 2206 1769 2232 .’

331 2253 422 2300 sine
444 2254 618 2302 laesione
657 2257 851 2321 corporis
886 2258 948 2303 tui
987 2268 1124 2321 potes.
1154 2259 1275 2303 Bona
1315 2276 1415 2304 vero
1446 2259 1520 2305 illa
1545 2270 1708 2306 terrena

328 2325 418 2370 noli
439 2325 616 2386 diligere
637 2328 914 2392 quantalibet
936 2329 1019 2374 tibi
1046 2328 1285 2375 abundent.
1319 2329 1391 2375 Sic
1417 2329 1474 2375 eis
1501 2341 1636 2387 utere,
1660 2341 1709 2377 ut

327 2396 444 2441 bona
466 2398 604 2443 multa
623 2416 670 2444 ex
692 2399 793 2456 illis,
818 2400 988 2446 nullum
1019 2410 1162 2444 autem
1188 2400 1351 2445 malum
1376 2399 1507 2447 facias
1524 2413 1750 2468 propter

323 2465 412 2512 illa.
443 2466 604 2514 Omnia
627 2470 795 2535 quippe
817 2470 916 2516 talia
930 2469 1203 2534 perhibunt3
1227 2470 1299 2516 sed
1327 2471 1445 2516 bona
1466 2488 1598 2535 opera
1617 2489 1705 2518 non

330 2548 534 2599 pereunt,
554 2539 684 2586 etiam
698 2557 801 2606 quae
818 2540 871 2587 de
889 2540 1017 2587 bonis
1040 2541 1325 2605 pereuntibus
1349 2543 1476 2590 fiunt.

380 2618 492 2654 ιΡειιΙ.
508 2631 595 2660 xxiv,
618 2634 670 2660 17.
