1769 3235
352 273 443 319 208
771 288 805 315 S.
853 286 1092 317 Aer-,usum
1131 285 1332 317 Emscopi

352 352 574 411 ligendum
609 362 695 407 est,
724 352 803 397 nisi
835 353 937 416 quia
974 353 1062 416 ipse
1089 353 1191 398 fecit
1221 352 1310 397 vias
1333 350 1523 408 dextras,
1561 352 1606 398 id
1636 364 1718 409 est,

356 424 445 468 vias
475 424 721 485 justorum,
758 439 857 485 quse
891 434 990 468 sunt
1030 423 1178 486 utique
1211 439 1342 485 opera
1380 421 1495 467 bona
1516 459 1526 476 ,
1567 444 1586 463 «
1612 424 1723 479 Quae

357 513 378 534 »
406 493 672 556 praeparavit
711 493 849 538 Deus.
885 493 995 538 sicut
1034 493 1140 538 dicit
1178 491 1437 556 Apostolu5‚
1478 503 1525 538 ut
1563 493 1607 538 in
1641 493 1724 540 illis

353 584 375 604 >›
398 562 724 608 ambulemus'l?
754 584 772 604 n
793 563 892 609 Vias
917 575 1057 609 autem
1088 564 1278 609 sinistras
1298 580 1516 626 perversas
1534 600 1544 620 ‚
1566 563 1611 609 id
1635 575 1720 621 est,

353 633 444 678 vias
467 633 702 696 impiorum
720 671 730 690 2
752 651 838 678 non
858 634 1005 697 utique
1026 634 1174 680 novit.
1202 634 1303 697 quia
1324 650 1410 678 uon
1431 651 1498 678 eas
1516 633 1606 697 ipse
1626 634 1726 681 fecit

355 703 549 757 homini,
570 703 643 749 sed
663 704 796 749 homo
821 705 916 750 sibi.
939 707 1124 767 Propter
1152 703 1270 767 quod
1295 703 1430 749 dicit:
1452 725 1472 744 «
1493 703 1625 750 Odivi
1646 721 1725 750 au·-

361 795 381 815 »
409 784 493 819 tem
514 791 590 834 ego
612 792 832 837 perversas
850 776 938 820 vias
957 775 1193 828 malorum3
1212 775 1318 837 ipsae
1334 785 1434 819 sunt
1454 792 1476 819 a
1493 774 1686 822 sinistris,
1706 796 1727 817 ι)

424 847 521 891 Vll.
569 845 651 891 Sed
692 846 977 909 respondetur
1016 846 1141 891 nobis
1169 864 1179 890 ε
1207 847 1297 891 Cur
1332 862 1431 906 ergo
1462 845 1600 891 dixit:
1625 867 1645 886 «
1667 847 1727 892 Ne
1760 887 1763 894 .

358 939 377 958 »
403 916 590 961 declines
610 917 652 961 in
672 916 888 961 dexteram
916 934 1054 979 neque
1076 917 1119 961 in
1141 915 1354 962 sinistram
1378 933 1389 960 ι
1417 938 1436 957 >1
1461 932 1560 961 cum
1585 916 1728 979 potius
1760 940 1763 962 ι

358 986 499 1032 dicere
523 986 722 1032 debuisse
749 986 974 1032 videatur:
995 988 1109 1032 'sene
1133 986 1348 1032 dexteram
1371 1023 1380 1042 ‚
1403 997 1444 1032 et
1463 1003 1514 1031 ne
1543 985 1729 1032 declines
1760 1022 1763 1047 3

356 1056 401 1102 in
419 1057 635 1101 sinistram
653 1093 663 1111 ‚
685 1057 718 1101 si
736 1056 864 1102 bonae
888 1069 988 1102 sunt
1006 1057 1086 1102 viae
1105 1094 1115 1113 ,
1143 1074 1243 1120 quae
1263 1075 1284 1101 a
1304 1056 1459 1102 dextris
1479 1060 1606 1102 sunt?
1621 1061 1725 1112 Cur,
1760 1114 1762 1119 1

356 1137 562 1191 putamus
583 1164 593 1182 ‚
623 1127 703 1172 nisi
741 1127 843 1190 quia
880 1127 939 1173 ita
968 1128 1049 1173 viae
1081 1138 1181 1173 sunt
1214 1127 1366 1183 bonae,
1401 1143 1499 1189 quae
1525 1144 1547 1172 a
1577 1126 1731 1173 dextris

356 1206 481 1252 sunt,
520 1209 566 1243 ut
593 1199 636 1243 in
672 1197 886 1244 dexteram
923 1210 1062 1244 tamen
1094 1198 1309 1244 declinare
1342 1215 1428 1243 non
1461 1198 1513 1242 sit
1536 1198 1730 1244 bonum?

357 1267 584 1314 Declinare
610 1269 776 1331 quippe
808 1268 878 1313 ille
903 1279 963 1314 est
993 1268 1295 1328 intelligendus
1325 1268 1369 1313 in
1399 1267 1634 1323 dexteram,
1657 1268 1732 1332 qui
1759 1291 1762 1319 ;

356 1337 473 1384 bona
507 1339 598 1402 ipsa
624 1356 756 1401 opera
776 1376 785 1394 ‚
818 1356 918 1402 quae
944 1338 998 1384 ad
1032 1339 1121 1384 vias
1159 1339 1348 1384 dexteras
1377 1338 1623 1401 pertinent,
1651 1337 1733 1384 sibi

357 1409 452 1455 vult
483 1410 722 1469 assignare,
758 1427 846 1454 non
884 1411 989 1456 Deo.
1032 1410 1085 1454 Et
1118 1409 1215 1455 ideo
1240 1426 1340 1455 cum
1367 1409 1538 1454 dixisset
1564 1426 1574 1453 ε
1602 1408 1734 1454 «Vias
1760 1450 1761 1475 ἶ

359 1503 379 1523 »
405 1482 518 1526 enim
547 1497 646 1543 quae
666 1498 687 1525 a
713 1480 868 1526 dextris
889 1492 987 1526 sunt
1008 1481 1128 1526 novit
1150 1480 1360 1525 Dominus
1378 1517 1389 1535 ‚
1417 1496 1629 1542 perversae
1653 1495 1734 1524 au-
1759 1500 1762 1531 5

359 1573 380 1594 ›>
405 1563 488 1597 tem
511 1562 610 1596 sunt
627 1568 728 1614 quae
746 1569 768 1596 a
787 1552 967 1596 sinistris
987 1563 1087 1597 sunt
1114 1569 1124 1596 :
1149 1573 1168 1592 »
1188 1562 1395 1614 tanquam
1420 1549 1637 1595 diceretur
1659 1549 1694 1595 ei
1718 1566 1730 1594 ε

360 1621 596 1678 Quomodo
617 1639 716 1682 ergo
734 1639 817 1667 non
838 1622 900 1667 vis
917 1633 964 1667 ut
983 1622 1249 1668 declinemus
1267 1621 1322 1666 ad
1341 1620 1555 1667 dexteram
1574 1640 1584 1674 3
1609 1635 1734 1665 secu-
1759 1654 1761 1658 .

358 1703 428 1737 tus
465 1691 662 1752 adjunxit
691 1710 700 1737 :
729 1694 866 1755 «lpse
909 1703 1050 1738 autem
1086 1704 1226 1738 rectos
1264 1691 1392 1737 faciet
1427 1707 1577 1737 cursus
1611 1695 1761 1754 tuos,{

360 1784 381 1804 ³>
405 1762 558 1808 itinera
582 1773 721 1809 autem
744 1773 818 1808 tua
839 1764 883 1808 in
901 1781 1009 1826 pace
1030 1762 1258 1826 producet.
1280 1784 1301 1803 ›>
1320 1762 1392 1807 Sic
1405 1778 1506 1821 ergo
1527 1759 1732 1819 intellige,
1758 1770 1761 1805 ὲ

361 1832 481 1897 quod
508 1833 586 1879 tibi
618 1844 892 1897 praeceptum
924 1844 984 1879 est
1007 1852 1017 1879 ε
1046 1855 1065 1875 α
1085 1835 1245 1880 Rectos
1277 1849 1427 1878 cursus
1461 1831 1530 1877 fac
1550 1826 1761 1894 pedibusi

361 1924 382 1945 »
410 1903 515 1958 tuis,
541 1914 584 1949 et
613 1904 701 1949 vias
723 1914 814 1949 tuas
837 1904 973 1965 dirige
986 1905 1019 1961 2,
1038 1927 1057 1946 ›.=
1082 1915 1129 1950 ut
1151 1905 1344 1956 noveris,
1375 1919 1475 1949 cum
1499 1902 1580 1947 hos
1599 1900 1704 1946 facis
1720 1936 1732 1956 ,

362 1992 386 2019 a
420 1974 609 2019 Domino
635 1974 725 2019 Deo
748 1975 828 2020 tibi
852 1975 1075 2038 praestari‚
1102 1986 1150 2021 ut
1167 1975 1254 2020 hoc
1284 1974 1446 2027 facias;
1474 1983 1515 2019 et
1544 1989 1632 2018 non
1656 1971 1736 2018 de-
1758 1994 1760 2020 ι

358 2043 542 2090 clinabis
576 2043 630 2089 ad
660 2043 874 2090 dexteram
893 2082 903 2094 .
933 2046 1131 2108 quamvis
1152 2044 1348 2090 ambules
1372 2045 1414 2089 in
1441 2043 1519 2089 viis
1553 2042 1733 2099 dextris,
1758 2091 1759 2094 ,

360 2131 446 2160 non
468 2113 691 2159 confidens
713 2115 755 2160 in
782 2115 943 2160 virtute
964 2126 1035 2161 tua
1061 2133 1071 2159 :
1095 2127 1135 2160 et
1165 2115 1256 2178 ipse
1277 2115 1359 2160 erit
1381 2115 1518 2159 virtus
1537 2124 1611 2159 tua
1628 2150 1639 2170 ‚
1661 2110 1760 2177 quil

359 2195 497 2230 rectos
516 2183 643 2229 faciet
668 2200 820 2230 cursus
841 2195 957 2237 tuos,
981 2196 1023 2230 et
1044 2185 1200 2230 itinera
1221 2195 1292 2229 tua
1310 2184 1354 2229 in
1374 2201 1481 2247 pace
1504 2182 1730 2247 producet.
1756 2182 1759 2227 ’Ῐ

430 2255 549 2300 VllI.
591 2255 905 2318 Quapropter,
949 2255 1246 2311 dilectissimi,
1289 2255 1558 2318 quicumque
1593 2253 1733 2300 dicit:

361 2324 570 2372 Voluntas
605 2342 697 2370 mea
720 2326 826 2371 milii
849 2326 1006 2371 sufficit
1031 2326 1085 2371 ad
1109 2325 1306 2372 facienda
1330 2342 1462 2389 opera
1487 2327 1603 2371 bona
1623 2359 1632 2377 2
1658 2324 1736 2370 de-

362 2398 494 2444 clinat
525 2397 565 2441 in
595 2395 826 2444 dexteram.
872 2398 953 2443 Sed
991 2415 1136 2444 rursus
1159 2397 1247 2452 illi,
1276 2398 1351 2461 qui
1385 2408 1544 2461 putant
1577 2398 1735 2443 bonam
1756 2414 1766 2437 υ

361 2469 492 2515 vitam
518 2484 603 2513 esse
628 2467 904 2514 deserendam
921 2506 930 2522 ‚
964 2469 1142 2532 quando
1168 2469 1353 2514 audiunt
1371 2469 1432 2514 sic
1454 2468 1535 2514 Dei
1557 2467 1735 2528 gratiam
1755 2485 1759 2512 ι

360 2537 623 2605 praedicari,
653 2548 700 2583 ut
720 2539 939 2590 credatur,
962 2550 1003 2585 et
1030 2539 1294 2600 intelligatur
1322 2538 1564 2585 voluntates
1590 2532 1757 2584 homi·¹

411 2621 611 2667 ¹Ephes.11,
637 2631 686 2654 10.
704 2640 745 2646 —
762 2621 776 2644 2
791 2626 942 2659 Prov.1v,
960 2624 1017 2655 εὔ.
