1769 3235
335 249 427 295 380
742 263 776 291 s.
820 260 1062 294 Aust-snm
1098 264 1298 296 EPISGOPI

333 408 390 425 Μ
400 413 577 424 ussum-m
587 414 618 424 ιΑ
627 414 1447 428 *mmmmmmmmmmwmwsmm
1456 418 1701 431 “mus—”m

780 521 1042 565 EPISTOLA
1077 523 1238 565 CCLlll
1252 523 1283 564 ¹.

336 647 508 686 Domino
538 646 760 686 beatissimo
790 657 828 686 et
853 648 1068 687 venerabili
1098 662 1141 685 ac
1169 646 1419 685 desiderabili
1448 648 1560 686 fratri
1582 648 1713 687 BENE-

390 723 489 747 ΝΑτο
504 738 514 755 ,
540 718 579 747 et
609 711 678 761 qui
708 719 840 748 tecum
859 719 951 748 sunt
968 708 1158 748 fratribus
1172 738 1181 756 ,
1213 710 1458 748 Aucusrmus
1486 711 1525 748 in
1544 710 1716 748 Domino

392 769 573 808 salutem,

344 901 622 956 Augustinus
639 902 697 942 acl
715 901 988 942 Benennlum
1004 933 1012 947 ‚
1034 900 1084 941 dc
1106 900 1255 941 eadem
1275 901 1420 958 puella
1445 903 1506 956 (ut
1523 901 1715 958 videtur)

402 968 451 1008 in
484 969 828 1009 matrimonium
851 984 940 1010 non
970 969 1184 1010 tradenda
1208 970 1299 1010 nisi
1320 970 1413 1011 viro
1436 970 1658 1011 catholico.

412 1108 504 1153 Pnn
521 1125 647 1171 quem
665 1108 808 1154 saluto
827 1108 1099 1154 sanctitatem
1112 1119 1250 1164 tuam,
1266 1108 1319 1154 de
1336 1109 1419 1154 fide
1432 1113 1522 1169 ejus
1539 1120 1580 1155 et
1603 1110 1722 1155 bono

346 1179 463 1224 circa
484 1179 723 1225 Ecclesiam
740 1180 886 1226 studio
904 1179 1189 1240 gratulamur.
1211 1180 1360 1226 Voluit
1375 1192 1517 1226 autem
1535 1181 1589 1226 ad
1606 1192 1726 1226 tuam

347 1249 658 1309 benignitatem
683 1267 781 1296 cum
817 1250 971 1296 litteris
996 1251 1098 1296 meis
1122 1252 1284 1302 venire,
1329 1252 1506 1297 domine
1531 1251 1728 1297 dilectis-

347 1320 451 1366 sime
491 1337 539 1366 ac
558 1321 816 1367 venerabilis
838 1321 984 1367 frater.
1020 1322 1073 1366 Et
1099 1322 1309 1384 quoniam
1347 1321 1494 1367 audivi
1531 1321 1652 1384 quod
1674 1320 1729 1366 de

349 1390 521 1450 negotio
540 1390 614 1436 illo
635 1391 869 1451 transigere
886 1392 1066 1451 cogitas,
1101 1392 1133 1436 si
1150 1408 1298 1437 verum
1314 1402 1375 1437 est
1412 1391 1560 1455 (quod
1581 1391 1734 1448 miror,

349 1461 384 1507 si
428 1478 579 1507 verum
611 1463 702 1525 est)
740 1463 852 1508 nosti
883 1461 1258 1526 quemadmodum
1296 1462 1455 1508 debeas
1489 1462 1732 1526 episcopali

351 1532 613 1595 paternitate
643 1532 877 1578 catholicae
914 1532 1120 1578 Ecclesiae
1157 1532 1413 1595 providere3
1453 1544 1607 1578 utnon
1630 1549 1732 1578 cum

353 1601 552 1665 quolibet
575 1602 620 1648 id
646 1620 760 1662 agas,
789 1603 824 1648 si
849 1613 1010 1657 tamen,
1034 1613 1083 1648 ut
1101 1602 1207 1650 dixi.
1239 1620 1387 1648 verum
1421 1613 1482 1648 est
1503 1601 1620 1666 quod
1651 1619 1733 1648 au-

356 1672 466 1729 divi,
495 1673 568 1718 sed
592 1674 740 1736 potius
767 1690 868 1719 cum
890 1673 1022 1720 domo
1063 1673 1300 1728 catholica,
1329 1677 1453 1733 cujus
1483 1690 1569 1718 non
1594 1673 1736 1719 solum

359 1744 523 1790 nullam
563 1744 885 1801 adversitatem,
909 1745 1193 1791 verumetiam
1214 1744 1344 1791 fidele
1363 1744 1628 1805 adjutorium
1650 1744 1737 1791 ha-

359 1816 462 1861 bere
482 1817 618 1880 possit
636 1816 843 1863 Ecclesia.

411 1922 419 1942 ¹
451 1921 539 1953 Alias
570 1933 714 1956 ccxxxii.
742 1932 813 1964 quae
845 1928 951 1955 autem
982 1923 1062 1954 253.
1096 1922 1198 1966 prima
1230 1928 1297 1954 erat
1322 1932 1406 1953 nunc
1437 1923 1500 1961 237
1521 1926 1553 1953 et
1568 1931 1637 1965 quae
1657 1922 1738 1956 253.

361 1976 498 2008 secunda
517 1983 600 2018 erat,
618 1988 703 2009 nunc
722 1979 797 2009 103.
