1769 3235
531 290 742 325 ErisroLA
778 292 924 325 cxcrv.
1360 280 1422 344 sis)

49 364 254 428 tipliciter
272 372 334 408 est
361 358 557 416 locutus,
584 377 670 405 non
690 359 828 406 solum
855 359 965 406 illud
988 377 1116 407 omne
1136 363 1317 409 tristitiae
1335 380 1423 409 nu—

45 435 184 481 bilum
208 433 320 493 fugit
354 431 407 478 de
439 430 646 477 cordibus
683 432 864 486 nostris;
898 431 971 477 sed
996 431 1124 477 ctiam
1154 445 1322 480 tantum
1358 435 1421 480 ibi

45 505 206 551 laeiitiae
231 504 376 550 lumen
396 501 593 558 infulsit,
616 512 664 547 ut
687 501 801 547 nihil
831 501 962 561 egisse
988 501 1032 547 in
1053 503 1180 548 nobis
1202 505 1423 551 videretur

44 575 116 623 ille
138 591 301 622 moeror
327 584 369 619 et
391 574 522 619 timor
539 610 549 629 ‚
581 573 661 618 nisi
686 589 1033 620 successurorum
1059 574 1314 637 ampliorem
1340 576 1423 621 ssa—

45 647 257 707 grantiam
285 644 559 705 gaudiorum.

110 719 168 764 ll.
208 718 378 780 Itaque,
403 715 538 761 frater
561 714 813 761 charissime
833 752 844 772 ,
873 716 1072 779 quamvis
1093 734 1179 762 non
1203 728 1241 763 te
1270 717 1423 765 videa-

45 805 141 834 mus
164 786 300 832 oeulis
319 787 458 832 carnis
476 823 485 841 ,
510 786 652 831 animo
676 798 817 832 tamen
842 786 886 831 in
908 786 993 833 side
1016 786 1198 844 Christi,
1222 788 1266 833 in
1285 790 1424 849 gratia

47 858 234 913 Christi,
267 858 312 903 in
345 857 552 903 membris
577 857 742 903 Christi
763 869 978 914 tenemus,
1006 858 1329 922 amplectimur,
1359 879 1424 907 os-

45 929 269 983 culamur,
290 939 331 974 et
358 938 573 973 remeante
602 945 624 972 a
646 928 773 973 nohis
810 928 861 973 ad
890 939 927 973 te
950 939 1199 975 nostrorum
1235 930 1423 978 invicem

45 1000 366 1064 colloquiorum
387 998 657 1044 sanctissimo
682 1009 722 1044 et
751 999 999 1046 fidelissimo
1022 1001 1240 1064 perlatore
1257 1039 1268 1059 ,
1295 1019 1424 1066 quem

45 1072 222 1118 voluisti
240 1088 325 1117 esse
349 1070 468 1134 apud
491 1088 566 1116 nos
582 1088 669 1116 non
694 1070 833 1116 solum
861 1071 1135 1118 advectorem
1159 1073 1425 1137 scriptorum

46 1154 220 1189 tuorum
242 1180 252 1198 ‚
292 1142 578 1188 verumetiam
604 1153 871 1187 narratorem
914 1153 1151 1206 testemque
1180 1144 1422 1203 factorum,

46 1214 254 1277 rescripta
280 1211 569 1276 persolvimus
587 1249 598 1269 ‚
627 1223 670 1257 et
695 1212 921 1275 aliquanto
956 1213 1122 1259 diutius
1152 1224 1296 1261 tecum
1335 1235 1426 1263 ser-

46 1285 348 1339 mocinamur,
388 1282 700 1339 admonentes,
745 1294 795 1328 ut
835 1282 1043 1329 docendis
1081 1284 1236 1341 instes,
1264 1287 1430 1349 quibus

47 1355 256 1404 terrendis
283 1355 384 1401 satis
402 1365 616 1418 quantum
638 1354 931 1418 comperimus
948 1354 1155 1402 institisti.
1182 1356 1294 1402 Sunt
1314 1359 1430 1405 enim

45 1427 225 1493 quidam
243 1463 254 1482 ‚
282 1427 359 1490 qui
376 1425 608 1485 justissime
635 1424 861 1470 damnatas
884 1424 1126 1488 impietates
1148 1425 1296 1474 adhuc
1320 1428 1430 1476 libe-

46 1500 134 1545 rius
155 1496 452 1543 defendendas
474 1506 634 1559 putant
655 1513 665 1541 ε
693 1506 735 1541 et
751 1505 850 1541 sunt
868 1495 942 1558 qui
963 1496 1179 1542 occultius
1197 1511 1431 1561 penetrant

47 1569 224 1626 domos,
248 1579 291 1613 et
315 1566 433 1631 quod
459 1567 503 1612 in
530 1577 680 1630 aperto
704 1570 794 1626 jam
823 1566 1013 1612 clamare
1037 1579 1260 1627 metuunt,
1296 1571 1342 1616 iu
1362 1589 1433 1618 se-

47 1651 163 1686 creto
184 1639 391 1685 seminare
413 1655 501 1683 non
517 1638 762 1701 quiescunt.
795 1637 911 1683 Sunt
931 1648 1100 1694 autem,
1143 1640 1218 1703 qui
1250 1643 1428 1689 omniuo

48 1709 259 1757 siluerunt
275 1725 432 1770 magno
456 1709 615 1754 timore
636 1708 897 1772 compressi,
930 1709 1003 1754 sed
1028 1709 1176 1756 adhuc
1208 1712 1340 1759 corde
1362 1732 1434 1760 re-

47 1782 186 1827 tinent
205 1780 326 1845 quod
345 1798 416 1826 ore
430 1783 522 1839 jam
547 1779 743 1843 proferre
763 1796 853 1825 non
873 1779 1060 1834 audent3
1087 1781 1163 1843 qui
1182 1792 1324 1829 tamen
1346 1801 1433 1831 esse

47 1863 231 1916 possunt
263 1851 474 1897 fratribus
503 1868 550 1896 ex
582 1851 728 1914 priore
761 1850 899 1913 ipsius
939 1849 1152 1909 dogmatis
1183 1852 1431 1901 defensione

48 1922 273 1969 notissimi.
299 1921 488 1968 Proinde
511 1921 585 1966 alii
604 1921 791 1968 severius
816 1921 1068 1977 coercendi,
1093 1922 1162 1968 alii
1185 1924 1430 1984 vigilantius

49 1993 315 2053 vestigandi,
357 1992 431 2037 alii
469 1991 687 2038 tractandi
713 1990 888 2054 quidem
923 1990 1061 2037 lenius
1080 2029 1092 2048 ,
1120 1993 1193 2038 sed
1223 2012 1310 2040 non
1334 2014 1429 2058 seg-

49 2065 146 2110 nius
172 2075 271 2109 sunt
295 2061 478 2109 docendi
502 2100 512 2119 ,
542 2073 593 2107 ut
623 2063 655 2107 si
689 2079 776 2108 non
805 2062 1013 2107 timentur
1035 2079 1089 2107 ne
1106 2064 1318 2126 perdant,
1344 2085 1432 2114 non

52 2146 194 2181 tamen
212 2135 489 2195 negligantur
514 2151 567 2179 ne
591 2145 785 2196 pereant.

113 2207 196 2254 Ill.
223 2205 356 2266 Quod
379 2206 492 2251 enim
508 2215 668 2268 putant
690 2204 849 2250 auferri
871 2205 952 2250 sihi
972 2205 1162 2252 liberum
1182 2209 1432 2268 arbitrium,

51 2277 84 2324 si
118 2295 197 2324 nec
222 2277 360 2341 ipsam
386 2277 549 2322 honam
577 2275 844 2322 voluntatem
874 2277 963 2322 sine
989 2276 1207 2336 adjutorio
1238 2281 1316 2327 Dei
1346 2283 1434 2329 lio-

51 2350 210 2395 minem
230 2349 391 2394 habere
407 2347 727 2393 censenserint:
753 2365 841 2393 non
855 2347 1103 2407 intelligunt
1123 2366 1211 2395 non
1227 2369 1269 2397 se
1286 2353 1433 2400 firma-

50 2438 96 2466 re
113 2421 359 2467 humanum
386 2419 617 2465 arbitrium
641 2456 651 2475 ‚
679 2418 753 2464 sed
777 2418 1000 2482 impellere
1027 2430 1074 2464 ut
1096 2437 1175 2483 per
1198 2421 1342 2470 inania
1366 2424 1433 2472 fe-

51 2503 184 2548 ratur,
202 2510 289 2538 non
304 2493 349 2537 in
370 2491 560 2536 Domino
576 2490 844 2553 tanquamin
867 2501 990 2553 petra
1009 2490 1154 2538 stabili
1173 2493 1425 2545 collocetur.

51 2584 72 2604 (ε
91 2563 277 2609 Paratur
298 2563 409 2607 enim
436 2561 670 2607 voluntasa
695 2561 926 2608 Domino¹‚
947 2585 962 2601 »

101 2648 224 2679 ²1³1-ov.
248 2656 315 2678 xm.
333 2649 415 2686 {mia
435 2659 439 2675 1
456 2657 507 2677 xx.

215 2718 397 2747 extriti.
1273 2710 1301 2767 4
