1769 3235
317 280 402 329 182
718 296 750 324 s.
797 296 1037 326 Aucusrmr
1075 296 1281 327 Errscom

312 359 384 404 sed
425 359 688 405 effunderem
721 376 795 404 cor
826 376 969 404 meum
1007 361 1097 406 Deo
1128 379 1208 424 pro
1246 361 1393 418 vobis,
1435 373 1477 408 et
1515 379 1686 410 causam

311 429 457 487 magni
482 429 666 491 periculi
690 430 844 484 vestri,
884 447 971 475 non
1011 431 1129 494 apud
1155 448 1228 476 vos
1258 431 1424 488 verbis,
1458 432 1531 478 sed
1570 433 1688 496 apud

313 500 456 543 Deum
483 499 687 561 lacrymis
705 516 890 558 agerem,
914 517 966 544 ne
988 511 1216 546 convertat
1231 501 1459 547 inluctum
1479 501 1689 562 gaudium
1740 497 1743 532 i

313 585 457 614 meum
474 606 484 625 ,
513 586 601 631 quo
636 569 750 615 soleo
770 569 952 629 gaudere
976 571 1029 616 de
1049 572 1172 617 vobis
1190 609 1200 627 ,
1225 583 1267 616 et
1292 572 1402 617 inter
1424 583 1542 618 tanta
1563 590 1690 619 scan-

309 639 436 694 dala,
475 640 637 702 quibus
673 640 837 704 ubique
872 641 1070 686 abundat
1096 642 1169 687 hic
1196 642 1414 698 mundus,
1455 643 1690 707 aliquando

309 709 554 765 consolari,
575 709 769 769 cogitans
791 711 1013 774 copiosam
1035 712 1410 771 congregationem
1430 750 1440 769 ,
1464 724 1504 759 et
1526 725 1690 760 castam

308 779 587 828 dilectionem
608 817 618 836 ‚
639 791 681 826 et
699 792 894 828 sanctam
918 782 1287 827 conversationem
1307 794 1492 829 vestram
1511 820 1522 839 ,
1548 794 1591 829 et
1609 784 1693 830 lar-

305 850 465 909 giorem
492 851 673 910 gratiam
701 852 807 907 Dei,
836 869 937 915 quae
969 852 1071 896 data
1097 863 1160 897 est
1181 853 1330 909 vobis,
1359 865 1406 900 ut
1437 871 1527 900 non
1549 854 1692 901 solum
1744 871 1746 878 ’

312 920 506 966 carnales
526 921 702 984 nuptias
729 921 1083 975 contemneretis3
1115 923 1396 968 verumetiam
1417 924 1627 984 eligeretis
1648 924 1694 970 in

323 990 455 1036 domo
481 992 725 1038 societatem
747 994 971 1039 unanimes
994 992 1244 1050 habitandi,
1272 1004 1321 1039 ut
1343 995 1396 1040 sit
1414 995 1537 1041 vobis
1552 995 1695 1043 anima

316 1078 401 1106 una
423 1073 464 1107 et
491 1079 567 1108 cor
591 1079 725 1108 unum
757 1063 802 1113 in
828 1065 983 1110 Deum.

379 1135 461 1181 ΙΙΙ.
500 1135 608 1180 Haec
625 1135 669 1180 in
691 1136 816 1181 vobis
834 1136 950 1181 bona
971 1173 980 1187 ,
1008 1136 1106 1183 haec
1130 1137 1208 1182 Dei
1235 1136 1349 1183 dona
1383 1137 1662 1183 considerans
1680 1174 1691 1195 ,

314 1205 427 1250 inter
451 1204 607 1250 multas
632 1216 930 1269 tempestates,
961 1207 1123 1269 quibus
1147 1224 1194 1253 ex
1229 1207 1325 1252 aliis
1353 1207 1477 1253 malis
1499 1207 1697 1271 quatitur

312 1292 388 1321 cor
434 1292 576 1320 meum
593 1313 603 1330 ,
641 1276 748 1321 solet
791 1287 1031 1341 utcumque
1074 1278 1355 1341 requiescere.
1401 1299 1420 1319 «
1444 1279 1697 1334 Currebatis

316 1368 336 1387 »
357 1346 489 1400 bene,
518 1346 615 1409 quis
650 1364 725 1392 vos
747 1347 1004 1392 fascinavit.3
1032 1348 1181 1393 Suasio
1204 1349 1277 1393 illa
1313 1366 1401 1395 non
1419 1359 1481 1394 est
1505 1366 1551 1394 ex
1575 1350 1665 1395 Deo
1681 1383 1694 1407 ,

317 1438 337 1458 >2
363 1416 437 1478 qui
468 1418 642 1466 vocavit
677 1434 765 1464 vos,
808 1418 1033 1463 Modicum
1073 1418 1300 1464 fermenti1
1330 1436 1339 1463 :
1371 1441 1390 1461 »
1415 1418 1517 1469 nolo
1555 1418 1698 1466 dicere

315 1486 436 1552 quod
467 1487 689 1557 sequitur;
725 1488 813 1533 hoc
837 1488 950 1535 enim
978 1489 1110 1548 magis
1132 1490 1265 1553 cupio
1286 1500 1328 1535 et
1350 1506 1426 1535 oro
1450 1500 1491 1535 et
1524 1490 1696 1549 hortor,

322 1568 368 1602 ut
386 1561 528 1621 ipsum
551 1557 810 1604 fermentum
831 1560 1168 1605 convertaturin
1186 1560 1356 1615 melius,
1373 1577 1425 1605 ne
1435 1570 1524 1609 tota
1539 1577 1695 1620 massa,

320 1627 431 1673 sicut
457 1645 566 1691 pene.
591 1632 682 1687 jam
718 1628 908 1684 fecerat,
945 1641 1224 1675 convertatur
1260 1631 1305 1676 in
1341 1634 1479 1694 pejus.
1521 1630 1568 1676 Si
1598 1647 1698 1691 ergo

320 1697 614 1760 repullulastis
639 1715 791 1744 sanum
818 1716 989 1762 sapere,
1024 1712 1141 1745 orate
1164 1718 1216 1745 ne
1240 1701 1404 1747 intretis
1422 1701 1468 1746 in
1492 1700 1700 1748 tentatio-

321 1785 416 1812 nem
440 1805 450 1824 ,
475 1786 526 1813 ne
551 1769 705 1814 iterum
729 1769 773 1815 in
799 1770 1120 1826 contentiones,
1147 1771 1442 1817 aemulationes
1458 1808 1468 1826 ‚
1491 1770 1700 1822 animosi.-

323 1848 430 1883 tates
448 1875 457 1892 ,
479 1837 783 1894 dissensiones,
806 1839 1095 1886 detractiones
1111 1878 1121 1896 ,
1150 1840 1378 1886 seditiones
1393 1878 1404 1895 ,
1440 1840 1702 1890 susurratio-

324 1926 411 1954 nes.
456 1908 554 1953 Non
592 1910 704 1954 enim
742 1910 802 1955 sic
839 1910 1133 1972 plantavimus
1170 1921 1212 1956 et
1251 1911 1485 1970 rigavimus
1521 1911 1699 1975 hortum

323 1977 595 2023 dominicum
626 1980 671 2024 in
707 1980 853 2035 vohis,
890 1990 937 2024 ut
969 1981 1114 2043 spinas
1140 1991 1351 2026 metamus
1371 1981 1469 2026 istas
1486 1998 1532 2026 ex
1555 1980 1692 2027 vobis.

325 2049 368 2092 Si
402 2058 545 2093 autem
572 2048 719 2094 adhuc
752 2061 889 2094 vestra
915 2049 1211 2095 tumultuatur
1234 2051 1467 2102 infirmitas
1484 2087 1495 2108 ,
1520 2060 1638 2096 orate
1655 2061 1705 2107 ut

322 2119 534 2165 eruamini
571 2120 623 2165 de
655 2122 901 2166 tentatione.
943 2121 1054 2176 Quae
1080 2131 1222 2166 autem
1255 2121 1521 2168 conturbant
1542 2138 1646 2177 vos,
1670 2121 1705 2178 si

325 2189 474 2243 adhuc
512 2189 781 2235 conturbant
818 2207 910 2245 vos,
950 2191 1031 2236 nisi
1064 2193 1323 2236 correxerint
1358 2209 1424 2248 se,
1462 2191 1706 2254 portabunt

315 2260 558 2320 judicium,
579 2278 871 2324 qnaecumque
888 2262 976 2307 illae
998 2262 1172 2308 fuerint.

387 2334 460 2380 IV.
498 2334 696 2394 Cogitate
717 2334 827 2398 quid
861 2334 962 2387 mali
988 2336 1068 2390 sit,
1100 2346 1147 2380 ut
1168 2352 1267 2381 cum
1290 2335 1343 2380 de
1376 2335 1635 2382 Donatistis²
1659 2334 1703 2383 in

323 2408 489 2454 unitate
513 2405 804 2465 gaudeamus,
830 2406 998 2451 interna
1019 2405 1255 2451 schismata
1279 2406 1323 2458 in
1343 2405 1604 2451 monasterio
1628 2404 1703 2451 lue·

324 2493 512 2535 geamus.
537 2477 812 2522 Perseverate
836 2477 879 2522 in
907 2476 1025 2522 bono
1048 2477 1278 2540 proposito
1295 2514 1305 2532 ,
1324 2487 1364 2522 et
1379 2494 1467 2522 non
1483 2475 1703 2522 desidera-

323 2547 425 2592 bitis
449 2557 617 2593 mutare
644 2548 949 2611 Praepositam,
971 2565 1057 2612 qua
1076 2548 1119 2593 in
1141 2549 1400 2594 monasterio
1417 2547 1492 2593 illo
1513 2564 1591 2612 per
1615 2557 1701 2593 tarn
1759 2592 1760 2597 ,

368 2631 376 2651 ¹
398 2630 501 2661 Galat.
521 2641 551 2669 v,
576 2641 605 2671 τ,
626 2635 655 2660 tl
678 2642 688 2659 1
715 2632 787 2662 Cor.
813 2642 843 2667 v,
862 2633 894 2664 6.
917 2650 951 2654 -
973 2629 988 2652 ‘²
1004 2631 1100 2662 Alias
1117 2630 1157 2661 de
1174 2633 1241 2661 Deo
1260 2631 1353 2663 natis.
