1769 3235
342 271 357 302 1
369 254 429 303 08
757 270 790 299 S.
835 267 1080 301 mensum
1112 268 1317 301 EPISCOPI

330 337 415 384 lica
439 337 607 383 utinam
626 352 714 382 non
737 335 1041 383 tantummodo
1064 353 1224 400 ponere
1243 373 1254 394 ‚
1275 337 1557 384 verumetiam
1576 355 1705 404 expo-

333 424 434 454 nere
453 406 690 468 dignareris
707 406 725 436 1
750 425 761 452 t
787 407 848 453 ita
871 424 970 453 sane
989 407 1175 453 obscura
1193 417 1295 453 sunt
1313 418 1354 454 et
1370 409 1551 472 mystice
1565 408 1702 468 dicta,

334 487 382 523 ut
407 487 549 544 tamen
570 488 778 542 appareat
800 494 899 523 eum
923 476 1036 522 nihil
1059 477 1112 523 de
1133 477 1303 524 statutis
1320 478 1472 525 dixisse
1494 480 1709 543 tempori-

331 548 415 595 bus
431 586 442 605 ‚
483 548 744 612 nullumque
786 565 936 595 eorum
977 548 1253 596 intervallum
1295 549 1571 614 spatiumque
1609 567 1708 614 ape-

330 619 478 666 ruisse.
517 619 592 664 Ait
621 619 736 664 enim
758 652 769 672 ‚
796 640 817 661 t<
844 619 903 664 Ut
928 619 1139 665 reveletur
1156 619 1202 665 in
1224 635 1301 664 suo
1324 629 1520 683 tempore
1545 637 1556 664 ς
1581 640 1601 662 »
1628 637 1709 666 nec

331 688 436 734 dixit
468 699 567 753 post
599 700 815 754 quantum
849 690 1057 753 temporis
1095 690 1183 735 hoc
1205 689 1406 735 futurum
1438 689 1507 737 sit.
1541 689 1709 736 Deinde

329 759 554 820 subjunxit
575 797 586 817 ‚
616 782 637 802 «
665 761 691 806 J
695 778 763 806 am
785 760 900 807 enim
919 760 1175 824 mysterium
1194 771 1401 824 operatur
1416 760 1671 824 iniquitatis
1687 782 1708 804 ›>

330 828 427 875 Hoc
442 830 682 894 iniquitatis
697 831 949 894 mysterium
968 830 1304 894 quomodolibet
1317 831 1582 891 intelligatur
1600 830 1710 894 quid

331 899 408 958 sit,
434 900 490 946 ab
517 900 598 946 alio
622 901 710 957 sic,
736 901 792 946 ab
823 900 907 946 alio
933 911 1077 946 autem
1103 900 1191 956 sie,
1218 901 1416 964 quandiu
1444 912 1586 946 tamen
1607 918 1710 964 ope-

329 981 449 1017 retur
485 972 712 1018 occultum
737 983 817 1018 est.
859 973 1009 1035 Neque
1038 971 1085 1017 id
1113 973 1317 1036 expressit
1348 972 1582 1036 Apostolus
1606 983 1708 1019 tan·
1763 1006 1765 1008 -

327 1057 460 1103 quam
496 1042 630 1088 homo
670 1059 718 1088 ex
756 1059 907 1088 eorum
949 1059 1133 1088 numero
1149 1079 1160 1099 ,
1207 1043 1370 1107 quibus
1402 1043 1572 1089 dictum
1610 1053 1673 1088 est
1692 1079 1705 1100 ,

328 1131 349 1151 c<
371 1111 470 1156 Non
495 1122 556 1157 est
580 1123 770 1158 vestrum
803 1113 912 1158 scire
932 1122 1146 1175 tempora.
1174 1134 1194 1154 >2
1226 1113 1436 1170 Quamvis
1455 1112 1569 1158 enim
1593 1129 1707 1157 non-

329 1181 435 1227 dum
454 1183 568 1229 inter
583 1201 652 1229 eos
675 1194 784 1240 erat,
805 1183 985 1247 quando
1005 1184 1064 1229 eis
1081 1183 1167 1230 hoc
1185 1183 1352 1230 dictum
1373 1195 1460 1238 est;
1483 1183 1537 1229 ad
1556 1199 1707 1228 eorum

328 1262 469 1298 tamen
493 1253 726 1313 collegium
748 1264 878 1318 atque
902 1255 1151 1300 societatem
1174 1255 1305 1300 etiam
1331 1255 1474 1317 ipsum
1497 1271 1584 1299 non
1611 1270 1708 1298 am-

325 1321 515 1383 bigimus
533 1323 761 1386 pertinere.

390 1393 468 1438 XI.
503 1395 612 1439 Item
646 1394 767 1458 quod
800 1395 996 1458 sequitur
1015 1431 1026 1449 ‚
1063 1416 1082 1436 «
1111 1395 1304 1441 Tantum
1330 1394 1407 1458 qui
1437 1393 1570 1439 modo
1592 1404 1707 1439 tenet

326 1485 348 1506 »
366 1474 535 1520 teneat,
563 1464 702 1511 donec
737 1465 790 1511 de
825 1465 968 1511 medio
1000 1467 1078 1511 fiat
1105 1483 1115 1510 :
1142 1476 1184 1511 et
1215 1476 1321 1511 tunc
1347 1464 1611 1511 revelabitur
1633 1463 1706 1510 ille
1754 1514 1755 1526 ἵ

323 1555 344 1576 >³
362 1534 560 1599 iniquus,
601 1552 732 1599 quem
773 1537 989 1582 Dominus
1023 1540 1145 1582 Jesus
1174 1536 1406 1582 interficiet
1438 1535 1596 1599 spiritu
1621 1534 1706 1580 oris
1752 1589 1754 1595 k

322 1626 343 1647 »
365 1606 460 1661 sui,
495 1627 516 1648 >2
542 1605 671 1651 docet
702 1623 779 1652 nos
811 1606 1132 1652 Antichristum
1172 1606 1447 1652 manifestum
1480 1604 1696 1652 futurum.
1751 1664 1753 1674 Δ

325 1675 551 1738 Siquidem
575 1677 720 1739 ipsum
745 1677 920 1722 videtur
944 1677 1169 1741 aliquanto
1196 1676 1456 1723 evidentiori
1480 1676 1703 1736 significa·
1766 1708 1769 1709 ν

325 1747 439 1791 tione
477 1747 660 1806 tetigisse
696 1747 1048 1793 interficiendum
1082 1748 1239 1811 spiritu
1273 1748 1358 1793 oris
1392 1746 1569 1793 Domini
1603 1749 1703 1792 Jesu
1750 1756 1751 1765 ¹

325 1815 490 1862 Christi
511 1836 523 1870 3
554 1815 627 1862 sed
661 1827 759 1880 post
777 1828 989 1881 quantum
1014 1818 1223 1882 temporis
1247 1817 1363 1864 istud
1385 1818 1485 1874 erit,
1511 1833 1589 1862 nec
1613 1815 1702 1861 sal-
1748 1814 1769 1850 '⁴

322 1896 408 1931 tem
442 1887 626 1932 obscure
660 1887 832 1934 locutus
871 1899 946 1935 est.
994 1888 1208 1945 Quisnam
1245 1888 1300 1933 sit
1322 1888 1435 1934 enim
1471 1886 1547 1951 qui
1570 1885 1700 1932 modo

324 1967 466 2013 tenet,
510 1957 577 2003 vel
615 1958 723 2020 quid
756 1969 925 2015 teneat,
963 1959 1031 2005 vel
1059 1959 1169 2022 quid
1202 1959 1285 2005 sibi
1317 1959 1420 2006 velit
1456 1956 1577 2022 quod
1609 1957 1696 2014 ait,

319 2050 339 2070 «
364 2030 427 2074 De
447 2027 590 2074 medio
615 2029 716 2084 fiat,
738 2049 759 2070 >³
790 2039 928 2092 potest
955 2030 1138 2093 quisque
1157 2047 1200 2076 se
1219 2041 1440 2076 coarctare
1464 2039 1512 2075 ut
1535 2027 1700 2074 intelli-

319 2110 413 2160 gat,
449 2099 517 2144 vel
542 2098 814 2163 aliquatenus
848 2101 1108 2163 suspicetur,
1135 2101 1343 2164 quoniam
1366 2116 1544 2164 quoquo
1565 2099 1698 2146 modo

318 2170 532 2234 scriptum
557 2170 673 2230 legit.
709 2170 919 2227 Quandiu
957 2182 1102 2217 autem
1131 2181 1304 2226 teneat,
1340 2181 1381 2216 et
1413 2181 1512 2234 post
1534 2181 1698 2234 quanta

319 2254 564 2306 temporum
587 2243 725 2305 spatia
751 2242 806 2288 de
828 2242 972 2288 medio
993 2244 1092 2298 fiat,
1118 2243 1191 2289 hic
1218 2243 1397 2288 omnino
1423 2253 1604 2289 tacetur.

381 2315 484 2360 XII.
513 2315 622 2358 Item
648 2334 668 2355 ε(
695 2313 933 2368 Dominus,
961 2313 1131 2376 inquit⁷
1161 2314 1206 2359 in
1240 2313 1475 2374 Evangelio
1499 2313 1696 2376 increpat

316 2406 336 2426 »
361 2384 384 2428 J
391 2383 562 2438 udaeos,
590 2383 763 2440 dicens,
787 2384 841 2429 Et
875 2395 921 2430 tu
945 2384 976 2429 si
998 2385 1267 2445 cognovisses
1291 2395 1461 2447 tempus
1477 2384 1695 2430 visitatio-

314 2476 335 2497 »
359 2455 424 2501 nis
449 2465 557 2510 tuae,
584 2454 763 2500 forsitan
778 2455 1080 2518 permansisses
1099 2475 1110 2509 ;
1130 2472 1250 2502 nunc
1275 2465 1416 2502 autem
1436 2453 1694 2501 abscondita

360 2566 369 2588 ¹
390 2565 474 2598 Vide
488 2565 544 2599 lib.
564 2576 604 2599 πο
621 2565 661 2597 de
679 2565 815 2598 Civitate
834 2565 914 2605 Dei,
934 2577 1005 2609 cap.
1032 2578 1082 2607 19·
