1769 3235
516 275 728 307 EPISTOLA
764 275 916 307 cxciii.
1342 262 1396 318 ζμ

38 345 241 400 offertur,
272 342 445 389 credere
479 342 758 388 confitentur.
797 346 910 389 Cum
936 343 1050 388 enim
1072 342 1225 389 dicunt
1248 381 1258 399 ‚
1295 343 1406 390 sicut

39 413 240 471 scribis¹‚
263 431 351 459 non
376 411 561 458 infantes
581 413 640 458 ita
663 411 836 458 credere
863 414 907 459 in
930 414 1220 459 remissionem
1246 431 1408 478 pecca-

39 497 179 532 torum
196 522 207 542 ,
228 495 434 548 tanquam
453 493 494 529 et
509 483 593 528 iltis
617 483 907 538 remittantur,
930 501 1040 547 quos
1061 484 1230 529 nullum
1248 495 1406 548 putant

39 555 201 602 habere
218 566 446 618 peccatum
471 574 482 607 ;
508 553 579 599 sed
604 554 731 617 (quia
750 554 831 617 ipsi
851 571 1025 618 quoquc
1048 554 1162 600 idem
1184 554 1405 602 lavacrum

39 627 307 691 percipiunt,
335 643 424 689 quo
447 626 514 679 fit,
539 626 583 670 in
607 624 954 688 quibuscumque
974 626 1022 670 fit
1041 662 1052 680 ‚
1085 625 1275 671 remissio
1299 643 1408 688 pec-

37 696 260 758 catorum)
282 696 397 741 hanc
418 695 510 740 fieri
538 694 711 740 credere
734 695 780 740 in
806 694 912 750 aliis,
933 712 1034 758 quae
1058 712 1145 740 non
1173 696 1223 741 fit
1250 696 1294 741 in
1313 696 1370 742 eis
1392 714 1403 741 :

35 784 133 814 cum
163 783 263 826 ergo
282 765 435 812 dicunt
460 801 470 820 ‚
492 786 511 806 «
529 766 624 810 Non
647 765 707 810 ita
726 764 909 810 credunt
929 802 939 821 ‚
974 764 1044 810 sed
1071 766 1129 811 ita
1150 765 1363 822 credunt;
1386 787 1407 808 n

34 836 231 903 profecto
252 853 320 883 eos
347 853 435 881 non
462 835 690 895 ambigunt
712 835 897 881 credere.
934 834 1125 881 Audiant
1142 836 1289 899 itaque
1310 839 1405 882 Do-

35 908 201 954 minum
217 944 228 960 ,
255 907 379 964 «Qui
403 905 542 952 credit
565 907 609 951 in
638 906 795 951 Filium
818 942 829 961 ‚
854 906 989 951 habet
1009 906 1139 952 vitam
1166 917 1372 952 aeternam
1393 927 1405 961 ;

32 978 143 1041 »qui
169 987 309 1023 autem
332 975 582 1022 incredulus
607 986 669 1020 est
698 975 806 1021 Filio
826 1013 836 1031 ‚
865 992 952 1021 non
977 975 1144 1021 videbit
1161 975 1311 1032 vitam,
1329 975 1403 1021 sed

33 1069 54 1090 »
72 1049 135 1094 ira
158 1048 236 1094 Dei
252 1058 397 1092 manet
419 1063 550 1108 super
578 1063 675 1091 cum
692 1046 756 1092 2.»
783 1046 1067 1109 Quapropter
1082 1045 1283 1101 infantes,
1301 1045 1404 1110 quia

30 1135 108 1182 per
124 1118 228 1163 alios
252 1117 363 1162 fiunt
387 1117 625 1171 credentes,
647 1133 670 1161 a
694 1117 856 1179 quibus
873 1116 1402 1180 baptizandiofferuntur3

29 1204 107 1252 per
129 1187 226 1233 illos
247 1187 398 1249 utique
431 1195 532 1231 sunt
565 1185 778 1231 increduli
800 1222 810 1242 ‚
839 1186 872 1231 si
896 1187 1015 1249 apud
1037 1187 1137 1232 tales
1157 1198 1287 1243 sunt,
1324 1188 1401 1252 qui

29 1274 121 1314 eos,
149 1257 255 1303 dum
290 1257 403 1303 nihil
426 1256 627 1320 prodesse
665 1256 880 1312 credunt,
921 1257 1161 1303 offerendos
1192 1275 1278 1304 esse
1315 1275 1401 1304 non

28 1328 212 1375 credunt
232 1346 243 1374 ι
273 1345 320 1374 ac
338 1344 416 1391 per
436 1328 521 1372 hoc
544 1327 575 1372 si
598 1344 676 1391 per
694 1327 916 1373 credentes
940 1327 1126 1373 credunt
1143 1365 1153 1383 ‚
1177 1338 1218 1373 et
1238 1328 1403 1375 habent

27 1400 159 1446 vitam
182 1410 387 1445 aeternam
406 1419 416 1456 ;
435 1396 634 1462 profecto
659 1414 737 1461 per
763 1398 1011 1444 incredulos
1030 1398 1245 1445 increduli
1268 1410 1398 1457 sunt,

26 1480 67 1516 et
85 1487 172 1515 non
197 1468 411 1515 videbunt
437 1467 590 1523 vitam,
615 1467 688 1513 sed
710 1468 772 1513 ira
796 1469 873 1514 Dei
895 1479 1038 1514 manet
1055 1486 1184 1532 super
1197 1485 1282 1515 eos.
1302 1469 1401 1516 Non

25 1540 138 1586 enim
152 1539 319 1586 dictum
343 1549 422 1595 est,
442 1538 559 1584 venit
578 1555 708 1602 super
719 1555 811 1594 eos;
835 1539 953 1585 «Sed
973 1549 1118 1585 manet
1134 1556 1264 1602 super
1275 1556 1363 1595 eos-3
1380 1562 1400 1583 »

25 1611 127 1674 quia
150 1627 197 1656 ex
227 1610 392 1670 origine
422 1619 513 1654 erat
541 1613 633 1669 jam
670 1609 714 1654 in
741 1609 825 1665 eis,
851 1627 930 1656 nec
953 1610 1131 1655 omnino
1153 1609 1233 1655 nisi
1261 1609 1397 1669 gratia

25 1681 103 1727 Dei
125 1698 203 1745 per
225 1682 374 1727 Jesum
394 1679 619 1725 Christum
639 1679 878 1726 Dominum
900 1691 1097 1726 nostrum
1125 1680 1316 1726 aufertur
1342 1681 1398 1727 ab

23 1751 94 1799 eis.
122 1755 188 1798 De
212 1752 296 1798 hac
318 1752 381 1797 ira
407 1750 565 1811 legitur
583 1750 711 1797 etiam
733 1751 778 1797 in
800 1751 917 1797 libro
941 1752 1047 1807 Job,
1072 1752 1256 1797 «Homo
1274 1762 1401 1798 natus

22 1847 43 1866 υ
65 1841 112 1870 ex
135 1823 312 1870 muliere
332 1860 342 1879 ‚
377 1823 520 1869 brevis
542 1823 643 1869 vitae
666 1834 706 1868 et
730 1823 884 1886 plenus
912 1822 1152 1869 iracundiae
1167 1823 1200 1869 ³.
1228 1844 1248 1864 ›>
1267 1822 1398 1869 Unde

21 1893 153 1955 igitur
183 1895 245 1941 ira
272 1895 351 1940 Dei
375 1911 505 1958 super
527 1894 818 1940 innocentiam
843 1894 1044 1958 parvuli,
1066 1894 1146 1940 nisi
1173 1893 1394 1953 originalis

21 1975 133 2011 sorte
164 1983 214 2012 ac
248 1965 374 2011 sorde
404 1964 607 2027 peccati?
644 1964 697 2010 de
732 1982 819 2028 qua
852 1965 898 2011 in
925 1964 1075 2011 eodem
1097 1964 1213 2010 libro
1237 1963 1390 2010 itidem

20 2037 232 2101 scriptum
251 2046 334 2091 est,
357 2057 376 2076 c<
403 2035 501 2080 Non
526 2052 612 2080 esse
637 2035 691 2081 ab
715 2035 799 2081 hac
820 2035 1035 2082 mundum
1060 2052 1139 2081 nec
1159 2034 1389 2090 infantem,

22 2127 44 2150 υ
66 2111 191 2167 cujus
212 2117 274 2152 est
300 2105 427 2152 unius
453 2105 538 2151 diei
564 2106 650 2152 vita
672 2123 803 2170 super
824 2118 983 2153 terram
1000 2106 1033 2154 [⁸.
1063 2127 1083 2148 >2

85 2178 159 2225 IV.
188 2178 286 2223 Non
310 2193 410 2236 ergo
434 2176 479 2221 in
504 2176 594 2222 istis
623 2177 737 2223 nihil
759 2179 844 2239 egit
861 2177 980 2242 quod
1005 2177 1207 2223 adversus
1233 2194 1305 2223 eos
1321 2178 1394 2224 in-

21 2249 275 2295 stantissime
292 2247 543 2311 disputatur
560 2284 570 2303 ‚
591 2258 796 2295 eteorum
817 2250 998 2295 auribus
1017 2248 1248 2294 catholicae
1268 2265 1395 2295 voces

21 2319 126 2366 hinc
150 2331 279 2384 atque
305 2319 406 2365 inde
427 2318 754 2366 circumsonant
778 2339 788 2366 :
818 2319 1178 2385 quandoquidem
1203 2319 1394 2366 volentes

22 2391 310 2452 argumentari
338 2401 489 2437 contra
524 2403 791 2438 sacramenta
824 2392 1030 2438 Ecclesiae
1049 2427 1060 2446 ,
1087 2390 1269 2437 confessi
1292 2401 1395 2437 sunt

22 2471 160 2508 tamen
185 2460 389 2526 parvulos
405 2459 592 2508 credere.
627 2462 725 2508 Non
746 2463 803 2509 eis
830 2480 931 2523 ergo
950 2461 1210 2527 promittant
1236 2461 1388 2518 vitam,

0 2600 2 2608 k
72 2561 180 2594 ¹vide
204 2562 284 2593 infra
302 2561 335 2593 in
355 2561 449 2605 epist.
477 2568 551 2602 194.
566 2573 637 2606 cap.
658 2575 709 2603 10,
729 2575 761 2596 u.
783 2566 838 2601 45.
866 2582 908 2588 —
925 2561 940 2585 '²
958 2566 1052 2595 Joau.
1077 2573 1131 2600 111,
1155 2562 1208 2593 36.
1229 2579 1268 2584 —-
1289 2558 1302 2582 ³
1318 2560 1395 2593 Job.

0 2611 3 2662 ξ
23 2627 90 2655 xxv,
108 2629 134 2656 ι,
152 2620 239 2660 Juxta
258 2628 330 2649 Lxx„
345 2633 390 2641 -—
405 2614 515 2649 ⁴1bid.
534 2618 565 2649 5.
