1769 3235
397 315 801 348 RETnAcrArroNUM
839 317 926 349 Lm.
969 319 1000 349 1.
1318 302 1411 367 475

49 392 158 438 teris
186 388 465 451 promptior.
486 382 596 428 Haec
620 399 708 427 non
725 382 782 428 ita
805 383 913 439 dixi,
938 385 1061 446 quasi
1089 385 1200 431 nihil
1215 385 1418 432 adversus

45 457 311 504 Manichaeos
339 454 490 500 adhuc
519 453 781 515 scripsissem
801 490 810 507 ‚
836 453 901 499 vel
924 455 1033 501 nihil
1055 455 1108 500 de
1122 455 1322 502 doctrina
1344 474 1414 502 ca-

42 527 207 574 tholica
235 525 504 573 mandassem
529 523 702 577 litteris,
743 540 842 569 cum
870 535 933 569 tot
964 527 1159 588 superius
1195 527 1308 572 edita
1333 544 1415 572 vo-

0 586 2 655 l
42 598 209 649 lumina
233 597 286 643 de
311 606 494 657 utraque
520 611 564 640 re
600 611 686 639 non
712 610 781 638 me
812 595 990 644 tacuisse
1014 599 1248 642 testentur:
1278 597 1417 642 sedin

0 690 2 707 r
42 669 130 716 hoc
146 667 260 713 libro
285 665 338 712 ad
356 664 480 710 illum
504 665 687 728 scriptm
716 664 911 714 nondum
938 665 1204 712 Manieliaeos
1228 667 1417 714 refellere

0 758 2 802 l
44 755 263 804 coeperam
285 773 295 792 ,
334 747 376 781 et
405 736 501 782 illas
524 752 658 795 nugas
681 734 878 781 nondum
901 735 1140 781 invaseram
1163 757 1174 790 ;
1204 755 1342 800 neque
1366 738 1419 784 de

0 808 2 836 ³
43 810 137 874 ipsa
176 807 406 855 Catholica
438 824 644 867 magnum
683 806 850 869 aliquid
887 823 1140 869 aperueram
1163 826 1173 855 ι
1212 809 1418 870 quoniam

45 880 280 945 sperabam
305 879 394 924 hoc
430 878 554 923 initio
579 877 721 933 facto,
757 876 810 923 ad
833 893 932 922 eum
958 876 1102 939 ipsum
1136 894 1202 923 me
1228 878 1421 940 seriptu-

47 969 145 999 rum
183 951 343 1004 fuisse;
389 966 489 1013 quae
527 949 602 995 hic
644 947 841 994 nondum
882 949 1152 1011 scripseram.
1201 949 1284 994 Hic
1315 948 1426 993 liber

43 1023 106 1069 sic
128 1021 286 1085 incipit
308 1038 319 1066 ι
346 1023 398 1066 δι’
414 1020 548 1074 milei,
568 1023 818 1066 Honorace
836 1056 846 1075 ‚
873 1037 1019 1066 unum
1038 1031 1179 1083 atque
1204 1019 1325 1065 idem
1345 1025 1423 1064 vi-

46 1094 240 1141 deretur
257 1109 370 1138 esse.

48 1259 181 1278 mmm
186 1260 265 1276 DANV*
271 1260 358 1275 ΝἉΜ
363 1259 403 1274 Μ
407 1259 449 1274 M
453 1260 539 1275 xwwv
543 1259 676 1273 ΝΏΛΙᾺΝΜ
680 1259 721 1273 ννὶ
725 1259 857 1274 ΆΊΝΛΛΛΛΛ
862 1258 996 1275 '15⁴⁹me
1000 1258 1132 1274 vvtumtw
1136 1259 1179 1273 Μ
1183 1259 1224 1274 »νυ
1228 1259 1358 1274 ιἊΛΛΊΛΑΑ
1364 1261 1408 1274 vv..

599 1377 776 1421 CAPUT
807 1377 900 1420 XV.

81 1501 250 1544 Contra
282 1499 552 1544 Manichaeos
582 1501 633 1541 de
665 1499 1103 1546 ditabus'animabus
1135 1500 1244 1543 liber
1277 1516 1402 1542 unus.

118 1643 152 1690 Ι.
187 1642 298 1691 Pos·r
333 1641 455 1688 hunc
478 1640 641 1688 librum
666 1641 822 1705 scripsi
850 1641 997 1689 adhuc
1028 1643 1256 1706 presbyter
1283 1656 1433 1690 contra

53 1711 323 1761 Manichaeos
339 1712 398 1756 cle
412 1711 594 1756 duabus
612 1712 892 1767 Am'mczbcts„
914 1729 1103 1775 quarum
1127 1713 1282 1759 dicunt
1302 1731 1430 1761 unam

53 1795 220 1846 partem
244 1781 324 1828 Dei
347 1798 433 1827 esse
450 1818 459 1835 ‚
503 1781 676 1828 alteram
703 1782 757 1827 de
791 1793 914 1842 gente
952 1783 1226 1829 tenebrarum
1249 1822 1259 1840 ‚
1298 1803 1431 1849 quam

54 1870 141 1900 non
166 1851 412 1898 condiderit
443 1853 576 1908 Deus,
603 1863 645 1898 et
669 1870 770 1916 quae
801 1853 855 1899 sit
885 1855 977 1898 Deo
1006 1865 1251 1904 coaeterna:
1288 1867 1330 1901 et
1355 1856 1434 1902 has

56 1923 204 1971 ambas
238 1921 426 1978 animas,
456 1939 585 1968 unam
614 1923 804 1979 bonam,
844 1923 1019 1970 alteram
1045 1924 1205 1972 malam
1227 1962 1238 1980 ‚
1270 1926 1315 1972 in
1345 1944 1433 1972 uno

54 1992 232 2044 homine
254 2009 340 2037 esse
370 1992 590 2040 delirant:
627 1993 751 2041 istam
791 1994 956 2041 scilicet
988 1994 1172 2049 malam,
1209 1997 1434 2060 propriam

55 2063 197 2115 carnis
216 2079 302 2112 esse
325 2062 518 2109 dicentes
539 2102 550 2118 ,
586 2082 718 2128 quam
741 2082 914 2112 carnem
949 2066 1078 2111 etiam
1113 2066 1268 2112 dicunt
1299 2068 1435 2127 gentis

56 2151 142 2183 esse
171 2134 474 2191 tenebrarum3
510 2134 628 2184 illam
659 2152 762 2185 vero
789 2136 952 2183 bonam
971 2174 981 2192 ‚
1018 2153 1065 2181 ex
1095 2136 1331 2184 adventitia
1357 2138 1435 2184 Dei

56 2215 207 2270 parte,
247 2221 347 2268 quae
380 2222 481 2251 cum
521 2206 797 2254 tenebrarum
834 2218 958 2267 gente
994 2207 1236 2254 conflixerit
1261 2246 1270 2263 ‚
1308 2220 1437 2273 atque

58 2288 288 2340 utramque
306 2277 527 2324 miscuerit
551 2297 561 2324 z
586 2290 626 2324 et
644 2280 789 2325 onmia
808 2279 986 2342 quidem
1004 2279 1122 2324 bona
1139 2279 1347 2335 hominiS‚
1370 2281 1436 2327 illi

57 2349 188 2404 bonae
212 2348 397 2402 animae3
432 2351 575 2397 omnia
605 2368 706 2396 vero
734 2350 846 2398 mala
869 2388 879 2405 ,
910 2350 973 2397 illi
1007 2350 1132 2397 malae
1164 2351 1320 2399 animae
1355 2352 1436 2398 tri-

59 2420 217 2470 buunt.
242 2420 295 2465 In
318 2419 406 2465 hoc
430 2419 544 2466 libro
565 2420 674 2467 illud
695 2421 813 2485 quod
834 2421 921 2467 dixi
945 2459 955 2477 ,
988 2421 1169 2469 nullam
1195 2439 1291 2469 esse
1323 2441 1441 2486 qua-

60 2491 358 2553 lemcumque
394 2492 552 2547 vitam,
576 2509 676 2555 (juce
699 2510 792 2538 non
814 2510 868 2539 eo
899 2497 1000 2556 ipso
1026 2509 1121 2555 quo
1148 2495 1238 2538 vita
1270 2505 1362 2549 est,
1395 2505 1441 2538 et

62 2565 109 2606 in
134 2572 370 2624 quantam
394 2563 588 2607 omnino
613 2565 703 2607 vica
728 2573 818 2615 est,
852 2561 917 2607 acl
937 2580 1172 2608 summum
1203 2574 1298 2609 vctae
1312 2566 1438 2621 fon-

64 2643 155 2676 tem
181 2634 574 2695 princzpimnqzoe
597 2638 870 2695 pertineat,
913 2633 974 2680 ita
995 2632 1105 2690 dixi,
1143 2644 1189 2680 ut
1220 2644 1430 2697 tanquam
