<?xml version="1.0" encoding="UTF-8"?>
<!DOCTYPE html PUBLIC "-//W3C//DTD XHTML 1.0 Transitional//EN"
    "http://www.w3.org/TR/xhtml1/DTD/xhtml1-transitional.dtd">
<html xmlns="http://www.w3.org/1999/xhtml" xml:lang="en" lang="en">
 <head>
  <title>
</title>
<meta http-equiv="Content-Type" content="text/html;charset=utf-8" />
  <meta name='ocr-system' content='tesseract 3.04.00' />
  <meta name='ocr-capabilities' content='ocr_page ocr_carea ocr_par ocr_line ocrx_word'/>
</head>
<body>
  <div class='ocr_page' id='page_1' title='image "./operaomniaaccura41auguuoft/operaomniaaccura41auguuoft_0436.png"; bbox 0 0 1769 3235; ppageno 0'>
   <div class='ocr_carea' id='block_1_1' title="bbox 332 304 1293 360">
    <p class='ocr_par' dir='ltr' id='par_1_1' title="bbox 332 304 1293 360">
     <span class='ocr_line' id='line_1_1' title="bbox 332 304 1293 360; baseline -0.014 -13"><span class='ocrx_word' id='word_1_1' title='bbox 332 304 361 360; x_wconf 74' lang='grc'><strong>4</strong></span> <span class='ocrx_word' id='word_1_2' title='bbox 376 304 425 349; x_wconf 86' lang='grc' dir='ltr'>ι6</span> <span class='ocrx_word' id='word_1_3' title='bbox 737 309 772 338; x_wconf 80' lang='lat' dir='ltr'>s.</span> <span class='ocrx_word' id='word_1_4' title='bbox 817 305 1059 337; x_wconf 70' lang='lat' dir='ltr'>Aueusrrm</span> <span class='ocrx_word' id='word_1_5' title='bbox 1094 304 1293 335; x_wconf 72' lang='lat' dir='ltr'>amscom</span> 
     </span>
    </p>
   </div>
   <div class='ocr_carea' id='block_1_2' title="bbox 333 370 1754 2482">
    <p class='ocr_par' dir='ltr' id='par_1_2' title="bbox 333 370 1754 781">
     <span class='ocr_line' id='line_1_2' title="bbox 334 370 1704 439; baseline -0.006 -11"><span class='ocrx_word' id='word_1_6' title='bbox 334 380 495 429; x_wconf 87' lang='lat' dir='ltr'>audivi.</span> <span class='ocrx_word' id='word_1_7' title='bbox 526 376 650 423; x_wconf 88' lang='lat' dir='ltr'>Unde</span> <span class='ocrx_word' id='word_1_8' title='bbox 674 390 821 439; x_wconf 82' lang='lat' dir='ltr'>quaere</span> <span class='ocrx_word' id='word_1_9' title='bbox 847 372 1098 432; x_wconf 83' lang='lat' dir='ltr'>diligenter,</span> <span class='ocrx_word' id='word_1_10' title='bbox 1124 388 1175 416; x_wconf 87' lang='lat' dir='ltr'>ne</span> <span class='ocrx_word' id='word_1_11' title='bbox 1193 370 1303 416; x_wconf 84' lang='lat' dir='ltr'>forte</span> <span class='ocrx_word' id='word_1_12' title='bbox 1325 371 1505 432; x_wconf 84' lang='lat' dir='ltr'>alicujus</span> <span class='ocrx_word' id='word_1_13' title='bbox 1532 373 1704 420; x_wconf 73' lang='lat' dir='ltr'>alterius</span> 
     </span>
     <span class='ocr_line' id='line_1_3' title="bbox 334 442 1747 507; baseline -0.006 -8"><span class='ocrx_word' id='word_1_14' title='bbox 334 451 489 499; x_wconf 85' lang='lat' dir='ltr'>erroris</span> <span class='ocrx_word' id='word_1_15' title='bbox 507 449 588 504; x_wconf 87' lang='lat' dir='ltr'>sit,</span> <span class='ocrx_word' id='word_1_16' title='bbox 621 457 664 491; x_wconf 91' lang='lat' dir='ltr'>et</span> <span class='ocrx_word' id='word_1_17' title='bbox 695 444 988 491; x_wconf 86' lang='lat' dir='ltr'>Novatianum</span> <span class='ocrx_word' id='word_1_18' title='bbox 1014 459 1055 488; x_wconf 90' lang='lat' dir='ltr'>se</span> <span class='ocrx_word' id='word_1_19' title='bbox 1081 459 1166 487; x_wconf 84' lang='lat' dir='ltr'>esse</span> <span class='ocrx_word' id='word_1_20' title='bbox 1187 442 1434 501; x_wconf 84' lang='lat' dir='ltr'>confingat,</span> <span class='ocrx_word' id='word_1_21' title='bbox 1465 443 1532 487; x_wconf 79' lang='lat' dir='ltr'>vel</span> <span class='ocrx_word' id='word_1_22' title='bbox 1558 455 1697 507; x_wconf 86' lang='lat' dir='ltr'>putet.</span> <span class='ocrx_word' id='word_1_23' title='bbox 1744 446 1747 497; x_wconf 63' lang='grc' dir='ltr'>ξ</span> 
     </span>
     <span class='ocr_line' id='line_1_4' title="bbox 342 510 1747 571; baseline -0.007 -2"><span class='ocrx_word' id='word_1_24' title='bbox 342 527 426 571; x_wconf 83' lang='lat' dir='ltr'>Aut</span> <span class='ocrx_word' id='word_1_25' title='bbox 450 521 484 566; x_wconf 81' lang='lat' dir='ltr'>si</span> <span class='ocrx_word' id='word_1_26' title='bbox 524 529 564 564; x_wconf 90' lang='lat' dir='ltr'>et</span> <span class='ocrx_word' id='word_1_27' title='bbox 600 518 686 562; x_wconf 83' lang='lat' dir='ltr'>hoc</span> <span class='ocrx_word' id='word_1_28' title='bbox 721 514 954 560; x_wconf 74' lang='lat' dir='ltr'>Novatiani</span> <span class='ocrx_word' id='word_1_29' title='bbox 978 513 1161 567; x_wconf 80' lang='lat' dir='ltr'>dicunt,</span> <span class='ocrx_word' id='word_1_30' title='bbox 1194 511 1336 557; x_wconf 86' lang='lat' dir='ltr'>nescio</span> <span class='ocrx_word' id='word_1_31' title='bbox 1371 530 1381 556; x_wconf 74' lang='grc' dir='ltr'>ε</span> <span class='ocrx_word' id='word_1_32' title='bbox 1420 512 1528 558; x_wconf 85' lang='lat' dir='ltr'>illud</span> <span class='ocrx_word' id='word_1_33' title='bbox 1563 526 1705 559; x_wconf 84' lang='lat' dir='ltr'>tamen</span> <span class='ocrx_word' id='word_1_34' title='bbox 1744 510 1747 562; x_wconf 71' lang='grc' dir='ltr'><strong><em>ἶ</em></strong></span> 
     </span>
     <span class='ocr_line' id='line_1_5' title="bbox 334 583 1748 655; baseline -0.008 -14"><span class='ocrx_word' id='word_1_35' title='bbox 334 595 447 648; x_wconf 86' lang='lat' dir='ltr'>seio,</span> <span class='ocrx_word' id='word_1_36' title='bbox 475 590 680 655; x_wconf 90' lang='lat' dir='ltr'>quoniam</span> <span class='ocrx_word' id='word_1_37' title='bbox 705 586 902 650; x_wconf 85' lang='lat' dir='ltr'>quisquis</span> <span class='ocrx_word' id='word_1_38' title='bbox 924 586 1011 630; x_wconf 87' lang='lat' dir='ltr'>hoe</span> <span class='ocrx_word' id='word_1_39' title='bbox 1035 583 1170 638; x_wconf 74' lang='lat' dir='ltr'>dicit,</span> <span class='ocrx_word' id='word_1_40' title='bbox 1201 601 1221 627; x_wconf 88' lang='lat' dir='ltr'>a</span> <span class='ocrx_word' id='word_1_41' title='bbox 1251 583 1399 642; x_wconf 85' lang='lat' dir='ltr'>regula</span> <span class='ocrx_word' id='word_1_42' title='bbox 1425 584 1523 629; x_wconf 83' lang='lat' dir='ltr'>fidei</span> <span class='ocrx_word' id='word_1_43' title='bbox 1550 585 1707 630; x_wconf 85' lang='lat' dir='ltr'>catho-</span> <span class='ocrx_word' id='word_1_44' title='bbox 1744 610 1748 647; x_wconf 64' lang='lat'>3</span> 
     </span>
     <span class='ocr_line' id='line_1_6' title="bbox 333 652 1708 720; baseline -0.006 -9"><span class='ocrx_word' id='word_1_45' title='bbox 333 665 451 720; x_wconf 86' lang='lat' dir='ltr'>licae,</span> <span class='ocrx_word' id='word_1_46' title='bbox 477 673 520 708; x_wconf 90' lang='lat' dir='ltr'>et</span> <span class='ocrx_word' id='word_1_47' title='bbox 547 680 569 707; x_wconf 91' lang='lat' dir='ltr'>a</span> <span class='ocrx_word' id='word_1_48' title='bbox 591 658 791 706; x_wconf 83' lang='lat' dir='ltr'>doctrina</span> <span class='ocrx_word' id='word_1_49' title='bbox 822 655 987 702; x_wconf 79' lang='lat' dir='ltr'>Christi</span> <span class='ocrx_word' id='word_1_50' title='bbox 1009 665 1050 699; x_wconf 91' lang='lat' dir='ltr'>et</span> <span class='ocrx_word' id='word_1_51' title='bbox 1078 652 1386 716; x_wconf 83' lang='lat' dir='ltr'>Apostolorum</span> <span class='ocrx_word' id='word_1_52' title='bbox 1410 671 1586 716; x_wconf 89' lang='lat' dir='ltr'>prorsus</span> <span class='ocrx_word' id='word_1_53' title='bbox 1610 655 1708 701; x_wconf 89' lang='lat' dir='ltr'>alie·</span> 
     </span>
     <span class='ocr_line' id='line_1_7' title="bbox 336 745 513 781; baseline -0.005 -1"><span class='ocrx_word' id='word_1_54' title='bbox 336 752 419 781; x_wconf 90' lang='lat' dir='ltr'>nus</span> <span class='ocrx_word' id='word_1_55' title='bbox 439 745 513 780; x_wconf 85' lang='lat' dir='ltr'>est.</span> 
     </span>
    </p>

    <p class='ocr_par' dir='ltr' id='par_1_3' title="bbox 337 783 1754 2206">
     <span class='ocr_line' id='line_1_8' title="bbox 401 783 1749 861; baseline -0.005 -15"><span class='ocrx_word' id='word_1_56' title='bbox 401 805 501 850; x_wconf 82' lang='lat' dir='ltr'>Vll.</span> <span class='ocrx_word' id='word_1_57' title='bbox 541 803 683 861; x_wconf 84' lang='lat' dir='ltr'>Agunt</span> <span class='ocrx_word' id='word_1_58' title='bbox 716 798 831 843; x_wconf 89' lang='lat' dir='ltr'>enim</span> <span class='ocrx_word' id='word_1_59' title='bbox 855 794 1053 840; x_wconf 85' lang='lat' dir='ltr'>homines</span> <span class='ocrx_word' id='word_1_60' title='bbox 1079 803 1175 838; x_wconf 86' lang='lat' dir='ltr'>ante</span> <span class='ocrx_word' id='word_1_61' title='bbox 1203 792 1469 856; x_wconf 87' lang='lat' dir='ltr'>baptismum</span> <span class='ocrx_word' id='word_1_62' title='bbox 1494 796 1710 858; x_wconf 86' lang='lat' dir='ltr'>poeniten·</span> <span class='ocrx_word' id='word_1_63' title='bbox 1746 783 1749 856; x_wconf 62' lang='lat' dir='ltr'>i</span> 
     </span>
     <span class='ocr_line' id='line_1_9' title="bbox 337 864 1750 934; baseline -0.009 -11"><span class='ocrx_word' id='word_1_64' title='bbox 337 877 443 923; x_wconf 88' lang='lat' dir='ltr'>tiam</span> <span class='ocrx_word' id='word_1_65' title='bbox 464 875 516 920; x_wconf 92' lang='lat' dir='ltr'>de</span> <span class='ocrx_word' id='word_1_66' title='bbox 540 874 626 919; x_wconf 90' lang='lat' dir='ltr'>suis</span> <span class='ocrx_word' id='word_1_67' title='bbox 650 868 871 934; x_wconf 79' lang='lat' dir='ltr'>prioribus</span> <span class='ocrx_word' id='word_1_68' title='bbox 894 864 1082 929; x_wconf 82' lang='lat' dir='ltr'>peccatis</span> <span class='ocrx_word' id='word_1_69' title='bbox 1102 900 1112 919; x_wconf 83' lang='lat'><strong>,</strong></span> <span class='ocrx_word' id='word_1_70' title='bbox 1134 864 1191 908; x_wconf 86' lang='lat' dir='ltr'>ita</span> <span class='ocrx_word' id='word_1_71' title='bbox 1223 874 1365 909; x_wconf 86' lang='lat' dir='ltr'>tamen</span> <span class='ocrx_word' id='word_1_72' title='bbox 1390 876 1438 910; x_wconf 90' lang='lat' dir='ltr'>ut</span> <span class='ocrx_word' id='word_1_73' title='bbox 1456 867 1580 911; x_wconf 84' lang='lat' dir='ltr'>etiam</span> <span class='ocrx_word' id='word_1_74' title='bbox 1603 867 1711 929; x_wconf 85' lang='lat' dir='ltr'>bap·</span> <span class='ocrx_word' id='word_1_75' title='bbox 1746 892 1750 928; x_wconf 73' lang='lat'>3</span> 
     </span>
     <span class='ocr_line' id='line_1_10' title="bbox 337 934 1750 1000; baseline -0.009 -7"><span class='ocrx_word' id='word_1_76' title='bbox 337 949 545 1000; x_wconf 75' lang='lat' dir='ltr'>tizentur,</span> <span class='ocrx_word' id='word_1_77' title='bbox 581 942 693 987; x_wconf 88' lang='lat' dir='ltr'>sicut</span> <span class='ocrx_word' id='word_1_78' title='bbox 725 938 937 1000; x_wconf 86' lang='lat' dir='ltr'>scriptum</span> <span class='ocrx_word' id='word_1_79' title='bbox 974 945 1036 980; x_wconf 90' lang='lat' dir='ltr'>est</span> <span class='ocrx_word' id='word_1_80' title='bbox 1064 934 1109 979; x_wconf 88' lang='lat' dir='ltr'>in</span> <span class='ocrx_word' id='word_1_81' title='bbox 1139 935 1324 980; x_wconf 83' lang='lat' dir='ltr'>Actibus</span> <span class='ocrx_word' id='word_1_82' title='bbox 1359 935 1667 997; x_wconf 80' lang='lat' dir='ltr'>Apostolorum</span> <span class='ocrx_word' id='word_1_83' title='bbox 1695 973 1706 991; x_wconf 85' lang='lat'>‚</span> <span class='ocrx_word' id='word_1_84' title='bbox 1746 941 1750 964; x_wconf 87' lang='grc'>“·</span> 
     </span>
     <span class='ocr_line' id='line_1_11' title="bbox 337 1003 1750 1079; baseline -0.016 -16"><span class='ocrx_word' id='word_1_85' title='bbox 337 1017 543 1079; x_wconf 82' lang='lat' dir='ltr'>loquente</span> <span class='ocrx_word' id='word_1_86' title='bbox 568 1013 696 1056; x_wconf 84' lang='lat' dir='ltr'>Petro</span> <span class='ocrx_word' id='word_1_87' title='bbox 721 1007 775 1053; x_wconf 86' lang='lat' dir='ltr'>ad</span> <span class='ocrx_word' id='word_1_88' title='bbox 804 1006 981 1052; x_wconf 77' lang='lat' dir='ltr'>Judaeos</span> <span class='ocrx_word' id='word_1_89' title='bbox 1005 1015 1046 1050; x_wconf 89' lang='lat' dir='ltr'>et</span> <span class='ocrx_word' id='word_1_90' title='bbox 1075 1003 1245 1050; x_wconf 79' lang='lat' dir='ltr'>dicente</span> <span class='ocrx_word' id='word_1_91' title='bbox 1263 1043 1274 1059; x_wconf 81' lang='lat'>‚</span> <span class='ocrx_word' id='word_1_92' title='bbox 1299 1026 1318 1045; x_wconf 86' lang='lat'>«</span> <span class='ocrx_word' id='word_1_93' title='bbox 1342 1006 1461 1065; x_wconf 74' lang='lat' dir='ltr'>Agite</span> <span class='ocrx_word' id='word_1_94' title='bbox 1490 1006 1712 1068; x_wconf 62' lang='lat' dir='ltr'>poeniten..</span> <span class='ocrx_word' id='word_1_95' title='bbox 1746 1028 1750 1064; x_wconf 64' lang='lat'><em>3</em></span> 
     </span>
     <span class='ocr_line' id='line_1_12' title="bbox 339 1075 1751 1143; baseline -0.006 -13"><span class='ocrx_word' id='word_1_96' title='bbox 339 1109 360 1130; x_wconf 72' lang='lat' dir='ltr'>n</span> <span class='ocrx_word' id='word_1_97' title='bbox 382 1088 484 1132; x_wconf 86' lang='lat' dir='ltr'>tiam</span> <span class='ocrx_word' id='word_1_98' title='bbox 505 1122 514 1135; x_wconf 87' lang='grc'>,</span> <span class='ocrx_word' id='word_1_99' title='bbox 559 1093 600 1128; x_wconf 90' lang='lat' dir='ltr'>et</span> <span class='ocrx_word' id='word_1_100' title='bbox 628 1080 878 1143; x_wconf 78' lang='lat' dir='ltr'>baptizetur</span> <span class='ocrx_word' id='word_1_101' title='bbox 912 1075 1207 1139; x_wconf 82' lang='lat' dir='ltr'>unusquisque</span> <span class='ocrx_word' id='word_1_102' title='bbox 1243 1086 1431 1121; x_wconf 80' lang='lat' dir='ltr'>vestrum</span> <span class='ocrx_word' id='word_1_103' title='bbox 1461 1076 1505 1121; x_wconf 93' lang='lat' dir='ltr'>in</span> <span class='ocrx_word' id='word_1_104' title='bbox 1537 1078 1713 1122; x_wconf 89' lang='lat' dir='ltr'>nomine</span> <span class='ocrx_word' id='word_1_105' title='bbox 1747 1094 1751 1126; x_wconf 83' lang='grc'>;</span> 
     </span>
     <span class='ocr_line' id='line_1_13' title="bbox 340 1146 1751 1210; baseline -0.009 -9"><span class='ocrx_word' id='word_1_106' title='bbox 340 1179 360 1201; x_wconf 86' lang='grc'>»</span> <span class='ocrx_word' id='word_1_107' title='bbox 381 1155 559 1203; x_wconf 86' lang='lat' dir='ltr'>Domini</span> <span class='ocrx_word' id='word_1_108' title='bbox 578 1156 679 1199; x_wconf 86' lang='lat' dir='ltr'>Jesu</span> <span class='ocrx_word' id='word_1_109' title='bbox 703 1148 886 1203; x_wconf 84' lang='lat' dir='ltr'>Christi,</span> <span class='ocrx_word' id='word_1_110' title='bbox 913 1157 955 1192; x_wconf 93' lang='lat' dir='ltr'>et</span> <span class='ocrx_word' id='word_1_111' title='bbox 977 1146 1253 1191; x_wconf 81' lang='lat' dir='ltr'>dimittentur</span> <span class='ocrx_word' id='word_1_112' title='bbox 1274 1146 1400 1191; x_wconf 73' lang='lat' dir='ltr'>vobis</span> <span class='ocrx_word' id='word_1_113' title='bbox 1424 1157 1604 1210; x_wconf 83' lang='lat' dir='ltr'>peccata</span> <span class='ocrx_word' id='word_1_114' title='bbox 1622 1165 1713 1193; x_wconf 82' lang='lat' dir='ltr'>ves·</span> <span class='ocrx_word' id='word_1_115' title='bbox 1748 1155 1751 1189; x_wconf 70' lang='grc' dir='ltr'>ξ</span> 
     </span>
     <span class='ocr_line' id='line_1_14' title="bbox 340 1217 1752 1285; baseline -0.007 -15"><span class='ocrx_word' id='word_1_116' title='bbox 340 1250 362 1272; x_wconf 76' lang='grc'>&gt;&gt;</span> <span class='ocrx_word' id='word_1_117' title='bbox 380 1239 445 1274; x_wconf 87' lang='lat' dir='ltr'>tra</span> <span class='ocrx_word' id='word_1_118' title='bbox 464 1226 525 1270; x_wconf 76' lang='lat'>¹.»</span> <span class='ocrx_word' id='word_1_119' title='bbox 554 1226 700 1283; x_wconf 76' lang='lat' dir='ltr'>Agunt</span> <span class='ocrx_word' id='word_1_120' title='bbox 715 1221 844 1265; x_wconf 87' lang='lat' dir='ltr'>etiam</span> <span class='ocrx_word' id='word_1_121' title='bbox 867 1219 1065 1264; x_wconf 82' lang='lat' dir='ltr'>homines</span> <span class='ocrx_word' id='word_1_122' title='bbox 1084 1217 1406 1280; x_wconf 78' lang='lat' dir='ltr'>poenitentiam,</span> <span class='ocrx_word' id='word_1_123' title='bbox 1427 1217 1460 1262; x_wconf 87' lang='lat' dir='ltr'>si</span> <span class='ocrx_word' id='word_1_124' title='bbox 1476 1228 1574 1280; x_wconf 86' lang='lat' dir='ltr'>post</span> <span class='ocrx_word' id='word_1_125' title='bbox 1596 1217 1712 1281; x_wconf 84' lang='lat' dir='ltr'>bap-</span> <span class='ocrx_word' id='word_1_126' title='bbox 1748 1246 1752 1285; x_wconf 66' lang='lat'>3</span> 
     </span>
     <span class='ocr_line' id='line_1_15' title="bbox 341 1289 1751 1357; baseline -0.01 -10"><span class='ocrx_word' id='word_1_127' title='bbox 341 1301 516 1346; x_wconf 89' lang='lat' dir='ltr'>tismum</span> <span class='ocrx_word' id='word_1_128' title='bbox 537 1295 597 1341; x_wconf 91' lang='lat' dir='ltr'>ita</span> <span class='ocrx_word' id='word_1_129' title='bbox 615 1291 919 1357; x_wconf 76' lang='lat' dir='ltr'>peccaverint,</span> <span class='ocrx_word' id='word_1_130' title='bbox 945 1300 992 1334; x_wconf 90' lang='lat' dir='ltr'>ut</span> <span class='ocrx_word' id='word_1_131' title='bbox 1018 1289 1384 1334; x_wconf 82' lang='lat' dir='ltr'>excommunicari</span> <span class='ocrx_word' id='word_1_132' title='bbox 1411 1300 1451 1333; x_wconf 90' lang='lat' dir='ltr'>et</span> <span class='ocrx_word' id='word_1_133' title='bbox 1476 1299 1624 1352; x_wconf 84' lang='lat' dir='ltr'>postea</span> <span class='ocrx_word' id='word_1_134' title='bbox 1651 1306 1714 1334; x_wconf 87' lang='lat' dir='ltr'>re·</span> <span class='ocrx_word' id='word_1_135' title='bbox 1748 1292 1751 1327; x_wconf 71' lang='grc' dir='ltr'>ἰ</span> 
     </span>
     <span class='ocr_line' id='line_1_16' title="bbox 340 1358 1715 1422; baseline -0.009 -5"><span class='ocrx_word' id='word_1_136' title='bbox 340 1367 564 1417; x_wconf 83' lang='lat' dir='ltr'>conciliari</span> <span class='ocrx_word' id='word_1_137' title='bbox 582 1373 829 1410; x_wconf 85' lang='lat' dir='ltr'>mereantur</span> <span class='ocrx_word' id='word_1_138' title='bbox 853 1379 863 1406; x_wconf 72' lang='grc' dir='ltr'>ε</span> <span class='ocrx_word' id='word_1_139' title='bbox 895 1360 1006 1406; x_wconf 85' lang='lat' dir='ltr'>sicut</span> <span class='ocrx_word' id='word_1_140' title='bbox 1025 1360 1071 1404; x_wconf 91' lang='lat' dir='ltr'>in</span> <span class='ocrx_word' id='word_1_141' title='bbox 1095 1360 1297 1404; x_wconf 82' lang='lat' dir='ltr'>omnibus</span> <span class='ocrx_word' id='word_1_142' title='bbox 1324 1359 1513 1404; x_wconf 83' lang='lat' dir='ltr'>ecclesiis</span> <span class='ocrx_word' id='word_1_143' title='bbox 1541 1358 1604 1404; x_wconf 91' lang='lat' dir='ltr'>illi</span> <span class='ocrx_word' id='word_1_144' title='bbox 1639 1360 1715 1422; x_wconf 91' lang='lat' dir='ltr'>qui</span> 
     </span>
     <span class='ocr_line' id='line_1_17' title="bbox 339 1428 1714 1505; baseline -0.009 -18"><span class='ocrx_word' id='word_1_145' title='bbox 339 1439 519 1505; x_wconf 84' lang='lat' dir='ltr'>proprie</span> <span class='ocrx_word' id='word_1_146' title='bbox 545 1434 805 1499; x_wconf 87' lang='lat' dir='ltr'>poenitentes</span> <span class='ocrx_word' id='word_1_147' title='bbox 826 1429 1114 1495; x_wconf 81' lang='lat' dir='ltr'>appellantur.</span> <span class='ocrx_word' id='word_1_148' title='bbox 1142 1430 1206 1473; x_wconf 75' lang='lat' dir='ltr'>De</span> <span class='ocrx_word' id='word_1_149' title='bbox 1226 1428 1301 1473; x_wconf 83' lang='lat' dir='ltr'>tali</span> <span class='ocrx_word' id='word_1_150' title='bbox 1320 1430 1432 1474; x_wconf 83' lang='lat' dir='ltr'>enim</span> <span class='ocrx_word' id='word_1_151' title='bbox 1454 1429 1714 1492; x_wconf 84' lang='lat' dir='ltr'>poenitentia</span> 
     </span>
     <span class='ocr_line' id='line_1_18' title="bbox 342 1499 1751 1567; baseline -0.011 -9"><span class='ocrx_word' id='word_1_152' title='bbox 342 1512 513 1558; x_wconf 85' lang='lat' dir='ltr'>locutus</span> <span class='ocrx_word' id='word_1_153' title='bbox 545 1516 608 1552; x_wconf 84' lang='lat' dir='ltr'>est</span> <span class='ocrx_word' id='word_1_154' title='bbox 633 1502 854 1567; x_wconf 87' lang='lat' dir='ltr'>apostolus</span> <span class='ocrx_word' id='word_1_155' title='bbox 881 1500 1042 1546; x_wconf 85' lang='lat' dir='ltr'>Paulus</span> <span class='ocrx_word' id='word_1_156' title='bbox 1064 1537 1073 1555; x_wconf 80' lang='grc'><strong>,</strong></span> <span class='ocrx_word' id='word_1_157' title='bbox 1105 1499 1182 1544; x_wconf 89' lang='lat' dir='ltr'>ubi</span> <span class='ocrx_word' id='word_1_158' title='bbox 1205 1499 1262 1544; x_wconf 85' lang='lat' dir='ltr'>ait</span> <span class='ocrx_word' id='word_1_159' title='bbox 1279 1536 1290 1555; x_wconf 82' lang='grc'>,</span> <span class='ocrx_word' id='word_1_160' title='bbox 1315 1500 1413 1544; x_wconf 87' lang='lat' dir='ltr'>«Ne</span> <span class='ocrx_word' id='word_1_161' title='bbox 1438 1499 1593 1545; x_wconf 90' lang='lat' dir='ltr'>iterum</span> <span class='ocrx_word' id='word_1_162' title='bbox 1613 1515 1716 1544; x_wconf 88' lang='lat' dir='ltr'>cum</span> <span class='ocrx_word' id='word_1_163' title='bbox 1749 1545 1751 1551; x_wconf 71' lang='grc'><em>,</em></span> 
     </span>
     <span class='ocr_line' id='line_1_19' title="bbox 345 1569 1752 1634; baseline -0.009 -8"><span class='ocrx_word' id='word_1_164' title='bbox 345 1605 365 1626; x_wconf 73' lang='lat' dir='ltr'>n</span> <span class='ocrx_word' id='word_1_165' title='bbox 387 1596 542 1628; x_wconf 86' lang='lat' dir='ltr'>venero</span> <span class='ocrx_word' id='word_1_166' title='bbox 572 1575 775 1623; x_wconf 89' lang='lat' dir='ltr'>humiliet</span> <span class='ocrx_word' id='word_1_167' title='bbox 800 1591 868 1618; x_wconf 86' lang='lat' dir='ltr'>me</span> <span class='ocrx_word' id='word_1_168' title='bbox 893 1573 1007 1617; x_wconf 89' lang='lat' dir='ltr'>Deus</span> <span class='ocrx_word' id='word_1_169' title='bbox 1028 1570 1145 1634; x_wconf 86' lang='lat' dir='ltr'>apud</span> <span class='ocrx_word' id='word_1_170' title='bbox 1167 1588 1242 1616; x_wconf 79' lang='lat' dir='ltr'>vos</span> <span class='ocrx_word' id='word_1_171' title='bbox 1262 1608 1272 1626; x_wconf 85' lang='lat'>‚</span> <span class='ocrx_word' id='word_1_172' title='bbox 1306 1581 1347 1616; x_wconf 90' lang='lat' dir='ltr'>et</span> <span class='ocrx_word' id='word_1_173' title='bbox 1366 1570 1536 1630; x_wconf 83' lang='lat' dir='ltr'>lugeam</span> <span class='ocrx_word' id='word_1_174' title='bbox 1559 1569 1718 1615; x_wconf 83' lang='lat' dir='ltr'>multos</span> <span class='ocrx_word' id='word_1_175' title='bbox 1749 1586 1752 1596; x_wconf 88' lang='lat'>·</span> 
     </span>
     <span class='ocr_line' id='line_1_20' title="bbox 346 1642 1717 1712; baseline -0.007 -17"><span class='ocrx_word' id='word_1_176' title='bbox 346 1676 365 1696; x_wconf 82' lang='lat'>»</span> <span class='ocrx_word' id='word_1_177' title='bbox 384 1670 430 1698; x_wconf 89' lang='lat' dir='ltr'>ex</span> <span class='ocrx_word' id='word_1_178' title='bbox 456 1651 507 1697; x_wconf 82' lang='lat' dir='ltr'>iis</span> <span class='ocrx_word' id='word_1_179' title='bbox 529 1687 539 1706; x_wconf 89' lang='lat'>‚</span> <span class='ocrx_word' id='word_1_180' title='bbox 568 1647 644 1712; x_wconf 92' lang='lat' dir='ltr'>qui</span> <span class='ocrx_word' id='word_1_181' title='bbox 668 1655 764 1691; x_wconf 88' lang='lat' dir='ltr'>ante</span> <span class='ocrx_word' id='word_1_182' title='bbox 786 1653 1077 1707; x_wconf 81' lang='lat' dir='ltr'>peccaverunt</span> <span class='ocrx_word' id='word_1_183' title='bbox 1094 1678 1105 1698; x_wconf 91' lang='lat'><em>‚</em></span> <span class='ocrx_word' id='word_1_184' title='bbox 1128 1653 1169 1687; x_wconf 91' lang='lat' dir='ltr'>et</span> <span class='ocrx_word' id='word_1_185' title='bbox 1189 1659 1275 1687; x_wconf 89' lang='lat' dir='ltr'>non</span> <span class='ocrx_word' id='word_1_186' title='bbox 1294 1651 1472 1701; x_wconf 83' lang='lat' dir='ltr'>egerunt</span> <span class='ocrx_word' id='word_1_187' title='bbox 1496 1642 1717 1704; x_wconf 87' lang='lat' dir='ltr'>poeniten-</span> 
     </span>
     <span class='ocr_line' id='line_1_21' title="bbox 345 1712 1716 1782; baseline -0.009 -14"><span class='ocrx_word' id='word_1_188' title='bbox 345 1724 489 1770; x_wconf 83' lang='lat' dir='ltr'>»tiam</span> <span class='ocrx_word' id='word_1_189' title='bbox 515 1736 643 1782; x_wconf 86' lang='lat' dir='ltr'>super</span> <span class='ocrx_word' id='word_1_190' title='bbox 671 1715 951 1762; x_wconf 82' lang='lat' dir='ltr'>immunditia</span> <span class='ocrx_word' id='word_1_191' title='bbox 970 1724 1011 1760; x_wconf 86' lang='lat' dir='ltr'>et</span> <span class='ocrx_word' id='word_1_192' title='bbox 1030 1713 1200 1759; x_wconf 81' lang='lat' dir='ltr'>luxuria</span> <span class='ocrx_word' id='word_1_193' title='bbox 1223 1723 1264 1759; x_wconf 89' lang='lat' dir='ltr'>et</span> <span class='ocrx_word' id='word_1_194' title='bbox 1289 1712 1574 1758; x_wconf 83' lang='lat' dir='ltr'>fornicatione</span> <span class='ocrx_word' id='word_1_195' title='bbox 1587 1727 1716 1775; x_wconf 88' lang='lat' dir='ltr'>quam</span> 
     </span>
     <span class='ocr_line' id='line_1_22' title="bbox 345 1783 1718 1855; baseline -0.009 -16"><span class='ocrx_word' id='word_1_196' title='bbox 345 1817 365 1839; x_wconf 63' lang='grc' dir='ltr'><strong><em>η</em></strong></span> <span class='ocrx_word' id='word_1_197' title='bbox 387 1789 611 1855; x_wconf 52' lang='lat' dir='ltr'>egei-unffi.</span> <span class='ocrx_word' id='word_1_198' title='bbox 635 1810 653 1829; x_wconf 85' lang='lat'>»</span> <span class='ocrx_word' id='word_1_199' title='bbox 679 1787 829 1849; x_wconf 90' lang='lat' dir='ltr'>Neque</span> <span class='ocrx_word' id='word_1_200' title='bbox 852 1785 965 1831; x_wconf 90' lang='lat' dir='ltr'>enim</span> <span class='ocrx_word' id='word_1_201' title='bbox 996 1784 1217 1830; x_wconf 82' lang='lat' dir='ltr'>scribebat</span> <span class='ocrx_word' id='word_1_202' title='bbox 1239 1784 1342 1838; x_wconf 85' lang='lat' dir='ltr'>ista,</span> <span class='ocrx_word' id='word_1_203' title='bbox 1363 1783 1444 1828; x_wconf 87' lang='lat' dir='ltr'>nisi</span> <span class='ocrx_word' id='word_1_204' title='bbox 1462 1783 1521 1828; x_wconf 91' lang='lat' dir='ltr'>eis</span> <span class='ocrx_word' id='word_1_205' title='bbox 1538 1783 1610 1846; x_wconf 90' lang='lat' dir='ltr'>qui</span> <span class='ocrx_word' id='word_1_206' title='bbox 1627 1786 1718 1841; x_wconf 80' lang='lat' dir='ltr'>jam</span> 
     </span>
     <span class='ocr_line' id='line_1_23' title="bbox 345 1852 1753 1932; baseline -0.009 -23"><span class='ocrx_word' id='word_1_207' title='bbox 345 1861 557 1925; x_wconf 89' lang='lat' dir='ltr'>baptizati</span> <span class='ocrx_word' id='word_1_208' title='bbox 581 1858 763 1904; x_wconf 88' lang='lat' dir='ltr'>fuerant.</span> <span class='ocrx_word' id='word_1_209' title='bbox 792 1855 1015 1900; x_wconf 87' lang='lat' dir='ltr'>Habemus</span> <span class='ocrx_word' id='word_1_210' title='bbox 1038 1853 1166 1900; x_wconf 82' lang='lat' dir='ltr'>etiam</span> <span class='ocrx_word' id='word_1_211' title='bbox 1197 1854 1240 1898; x_wconf 88' lang='lat' dir='ltr'>in</span> <span class='ocrx_word' id='word_1_212' title='bbox 1265 1854 1450 1899; x_wconf 83' lang='lat' dir='ltr'>Actibus</span> <span class='ocrx_word' id='word_1_213' title='bbox 1483 1852 1720 1916; x_wconf 85' lang='lat' dir='ltr'>Apostolo-</span> <span class='ocrx_word' id='word_1_214' title='bbox 1749 1890 1753 1932; x_wconf 50' lang='grc' dir='ltr'>ξ</span> 
     </span>
     <span class='ocr_line' id='line_1_24' title="bbox 346 1922 1753 1988; baseline -0.008 -9"><span class='ocrx_word' id='word_1_215' title='bbox 346 1950 442 1980; x_wconf 90' lang='lat' dir='ltr'>rum</span> <span class='ocrx_word' id='word_1_216' title='bbox 468 1968 478 1986; x_wconf 76' lang='lat'>,</span> <span class='ocrx_word' id='word_1_217' title='bbox 511 1930 730 1975; x_wconf 85' lang='lat' dir='ltr'>Simonem</span> <span class='ocrx_word' id='word_1_218' title='bbox 763 1930 854 1986; x_wconf 82' lang='lat' dir='ltr'>jam</span> <span class='ocrx_word' id='word_1_219' title='bbox 897 1925 1167 1988; x_wconf 78' lang='lat' dir='ltr'>baptizatum</span> <span class='ocrx_word' id='word_1_220' title='bbox 1190 1961 1199 1975; x_wconf 85' lang='grc'>,</span> <span class='ocrx_word' id='word_1_221' title='bbox 1240 1941 1341 1970; x_wconf 90' lang='lat' dir='ltr'>cum</span> <span class='ocrx_word' id='word_1_222' title='bbox 1380 1924 1565 1987; x_wconf 86' lang='lat' dir='ltr'>pecunia</span> <span class='ocrx_word' id='word_1_223' title='bbox 1593 1922 1720 1969; x_wconf 86' lang='lat' dir='ltr'>vellet</span> <span class='ocrx_word' id='word_1_224' title='bbox 1750 1937 1753 1945; x_wconf 63' lang='lat'><em>¹</em></span> 
     </span>
     <span class='ocr_line' id='line_1_25' title="bbox 344 1994 1753 2065; baseline -0.008 -15"><span class='ocrx_word' id='word_1_225' title='bbox 344 2019 500 2057; x_wconf 86' lang='lat' dir='ltr'>emere,</span> <span class='ocrx_word' id='word_1_226' title='bbox 529 2011 577 2046; x_wconf 92' lang='lat' dir='ltr'>ut</span> <span class='ocrx_word' id='word_1_227' title='bbox 600 2016 678 2063; x_wconf 88' lang='lat' dir='ltr'>per</span> <span class='ocrx_word' id='word_1_228' title='bbox 698 1996 1020 2060; x_wconf 86' lang='lat' dir='ltr'>impositionem</span> <span class='ocrx_word' id='word_1_229' title='bbox 1048 2012 1198 2040; x_wconf 88' lang='lat' dir='ltr'>manus</span> <span class='ocrx_word' id='word_1_230' title='bbox 1222 1998 1314 2054; x_wconf 82' lang='lat' dir='ltr'>ejus</span> <span class='ocrx_word' id='word_1_231' title='bbox 1335 1995 1512 2040; x_wconf 87' lang='lat' dir='ltr'>daretur</span> <span class='ocrx_word' id='word_1_232' title='bbox 1533 1994 1720 2057; x_wconf 85' lang='lat' dir='ltr'>Spiritus</span> <span class='ocrx_word' id='word_1_233' title='bbox 1750 2044 1753 2065; x_wconf 45' lang='grc' dir='ltr'>Ι</span> 
     </span>
     <span class='ocr_line' id='line_1_26' title="bbox 347 2065 1754 2128; baseline -0.008 -8"><span class='ocrx_word' id='word_1_234' title='bbox 347 2083 522 2121; x_wconf 86' lang='lat' dir='ltr'>sanctus</span> <span class='ocrx_word' id='word_1_235' title='bbox 539 2074 555 2100; x_wconf 61' lang='grc' dir='ltr'>ὅ</span> <span class='ocrx_word' id='word_1_236' title='bbox 579 2090 590 2124; x_wconf 89' lang='grc'>;</span> <span class='ocrx_word' id='word_1_237' title='bbox 626 2067 898 2114; x_wconf 87' lang='lat' dir='ltr'>admonitum</span> <span class='ocrx_word' id='word_1_238' title='bbox 928 2084 949 2111; x_wconf 92' lang='lat' dir='ltr'>a</span> <span class='ocrx_word' id='word_1_239' title='bbox 973 2067 1103 2111; x_wconf 90' lang='lat' dir='ltr'>Petro</span> <span class='ocrx_word' id='word_1_240' title='bbox 1125 2076 1172 2111; x_wconf 93' lang='lat' dir='ltr'>ut</span> <span class='ocrx_word' id='word_1_241' title='bbox 1202 2065 1254 2111; x_wconf 87' lang='lat' dir='ltr'>de</span> <span class='ocrx_word' id='word_1_242' title='bbox 1283 2065 1370 2111; x_wconf 89' lang='lat' dir='ltr'>hoc</span> <span class='ocrx_word' id='word_1_243' title='bbox 1394 2065 1515 2128; x_wconf 80' lang='lat' dir='ltr'>gravi</span> <span class='ocrx_word' id='word_1_244' title='bbox 1538 2074 1721 2128; x_wconf 84' lang='lat' dir='ltr'>peccato</span> <span class='ocrx_word' id='word_1_245' title='bbox 1750 2072 1754 2123; x_wconf 74' lang='lat' dir='ltr'>j</span> 
     </span>
     <span class='ocr_line' id='line_1_27' title="bbox 346 2130 1753 2206; baseline -0.011 -15"><span class='ocrx_word' id='word_1_246' title='bbox 346 2154 487 2206; x_wconf 85' lang='lat' dir='ltr'>ageret</span> <span class='ocrx_word' id='word_1_247' title='bbox 509 2140 827 2206; x_wconf 85' lang='lat' dir='ltr'>poenitentiam.</span> <span class='ocrx_word' id='word_1_248' title='bbox 1750 2130 1753 2196; x_wconf 55' lang='lat' dir='ltr'>J</span> 
     </span>
    </p>

    <p class='ocr_par' dir='ltr' id='par_1_4' title="bbox 348 2200 1754 2482">
     <span class='ocr_line' id='line_1_28' title="bbox 412 2200 1754 2271; baseline -0.007 -11"><span class='ocrx_word' id='word_1_249' title='bbox 412 2215 536 2260; x_wconf 89' lang='lat' dir='ltr'>VlII.</span> <span class='ocrx_word' id='word_1_250' title='bbox 581 2213 658 2257; x_wconf 90' lang='lat' dir='ltr'>Est</span> <span class='ocrx_word' id='word_1_251' title='bbox 685 2209 814 2256; x_wconf 89' lang='lat' dir='ltr'>etiam</span> <span class='ocrx_word' id='word_1_252' title='bbox 853 2208 1112 2271; x_wconf 85' lang='lat' dir='ltr'>poenitentia</span> <span class='ocrx_word' id='word_1_253' title='bbox 1147 2207 1365 2253; x_wconf 91' lang='lat' dir='ltr'>bonorum</span> <span class='ocrx_word' id='word_1_254' title='bbox 1405 2217 1446 2252; x_wconf 91' lang='lat' dir='ltr'>et</span> <span class='ocrx_word' id='word_1_255' title='bbox 1485 2205 1723 2252; x_wconf 88' lang='lat' dir='ltr'>humilium</span> <span class='ocrx_word' id='word_1_256' title='bbox 1750 2200 1754 2219; x_wconf 71' lang='lat'>⁴</span> 
     </span>
     <span class='ocr_line' id='line_1_29' title="bbox 348 2272 1754 2346; baseline -0.007 -15"><span class='ocrx_word' id='word_1_257' title='bbox 348 2284 542 2331; x_wconf 85' lang='lat' dir='ltr'>fidelium</span> <span class='ocrx_word' id='word_1_258' title='bbox 568 2298 678 2346; x_wconf 84' lang='lat' dir='ltr'>pene</span> <span class='ocrx_word' id='word_1_259' title='bbox 697 2278 972 2343; x_wconf 81' lang='lat' dir='ltr'>quotidiana,</span> <span class='ocrx_word' id='word_1_260' title='bbox 1000 2278 1044 2323; x_wconf 92' lang='lat' dir='ltr'>in</span> <span class='ocrx_word' id='word_1_261' title='bbox 1060 2294 1145 2341; x_wconf 91' lang='lat' dir='ltr'>qua</span> <span class='ocrx_word' id='word_1_262' title='bbox 1164 2289 1344 2341; x_wconf 83' lang='lat' dir='ltr'>pectora</span> <span class='ocrx_word' id='word_1_263' title='bbox 1368 2276 1592 2322; x_wconf 87' lang='lat' dir='ltr'>tundimus</span> <span class='ocrx_word' id='word_1_264' title='bbox 1614 2313 1626 2332; x_wconf 89' lang='lat'>‚</span> <span class='ocrx_word' id='word_1_265' title='bbox 1658 2275 1724 2321; x_wconf 87' lang='lat' dir='ltr'>di-</span> <span class='ocrx_word' id='word_1_266' title='bbox 1750 2272 1754 2291; x_wconf 83' lang='lat'>²</span> 
     </span>
     <span class='ocr_line' id='line_1_30' title="bbox 349 2345 1754 2410; baseline -0.007 -9"><span class='ocrx_word' id='word_1_267' title='bbox 349 2365 515 2410; x_wconf 86' lang='lat' dir='ltr'>centes,</span> <span class='ocrx_word' id='word_1_268' title='bbox 546 2374 565 2394; x_wconf 85' lang='lat'>&lt;‹</span> <span class='ocrx_word' id='word_1_269' title='bbox 588 2351 769 2397; x_wconf 88' lang='lat' dir='ltr'>Dimitte</span> <span class='ocrx_word' id='word_1_270' title='bbox 792 2349 919 2394; x_wconf 89' lang='lat' dir='ltr'>nobis</span> <span class='ocrx_word' id='word_1_271' title='bbox 951 2348 1096 2394; x_wconf 89' lang='lat' dir='ltr'>debita</span> <span class='ocrx_word' id='word_1_272' title='bbox 1121 2359 1267 2394; x_wconf 88' lang='lat' dir='ltr'>nostra</span> <span class='ocrx_word' id='word_1_273' title='bbox 1287 2385 1297 2401; x_wconf 81' lang='lat'>‚</span> <span class='ocrx_word' id='word_1_274' title='bbox 1328 2347 1441 2393; x_wconf 80' lang='lat' dir='ltr'>sieut</span> <span class='ocrx_word' id='word_1_275' title='bbox 1475 2357 1516 2392; x_wconf 87' lang='lat' dir='ltr'>et</span> <span class='ocrx_word' id='word_1_276' title='bbox 1550 2363 1627 2392; x_wconf 92' lang='lat' dir='ltr'>nos</span> <span class='ocrx_word' id='word_1_277' title='bbox 1650 2345 1723 2392; x_wconf 90' lang='lat' dir='ltr'>di-</span> <span class='ocrx_word' id='word_1_278' title='bbox 1751 2366 1754 2391; x_wconf 79' lang='grc' dir='ltr'><em>ῑ</em></span> 
     </span>
     <span class='ocr_line' id='line_1_31' title="bbox 349 2417 1724 2482; baseline -0.004 -14"><span class='ocrx_word' id='word_1_279' title='bbox 349 2448 370 2468; x_wconf 87' lang='grc'>»</span> <span class='ocrx_word' id='word_1_280' title='bbox 392 2424 605 2471; x_wconf 87' lang='lat' dir='ltr'>mittimus</span> <span class='ocrx_word' id='word_1_281' title='bbox 635 2420 912 2467; x_wconf 89' lang='lat' dir='ltr'>debitoribus</span> <span class='ocrx_word' id='word_1_282' title='bbox 944 2418 1146 2465; x_wconf 38' lang='lat' dir='ltr'>nostris&amp;</span> <span class='ocrx_word' id='word_1_283' title='bbox 1175 2440 1194 2460; x_wconf 90' lang='lat'>»</span> <span class='ocrx_word' id='word_1_284' title='bbox 1221 2420 1370 2482; x_wconf 88' lang='lat' dir='ltr'>Neque</span> <span class='ocrx_word' id='word_1_285' title='bbox 1387 2418 1500 2463; x_wconf 88' lang='lat' dir='ltr'>enim</span> <span class='ocrx_word' id='word_1_286' title='bbox 1524 2434 1572 2464; x_wconf 87' lang='lat' dir='ltr'>ea</span> <span class='ocrx_word' id='word_1_287' title='bbox 1595 2417 1724 2463; x_wconf 87' lang='lat' dir='ltr'>nobis</span> 
     </span>
    </p>
   </div>
   <div class='ocr_carea' id='block_1_3' title="bbox 351 2488 1753 2555">
    <p class='ocr_par' dir='ltr' id='par_1_5' title="bbox 351 2488 1753 2555">
     <span class='ocr_line' id='line_1_32' title="bbox 351 2488 1753 2555; baseline -0.007 -12"><span class='ocrx_word' id='word_1_288' title='bbox 351 2496 512 2543; x_wconf 84' lang='lat' dir='ltr'>dimitti</span> <span class='ocrx_word' id='word_1_289' title='bbox 534 2493 764 2548; x_wconf 79' lang='lat' dir='ltr'>volumus,</span> <span class='ocrx_word' id='word_1_290' title='bbox 801 2508 901 2555; x_wconf 82' lang='lat' dir='ltr'>quae</span> <span class='ocrx_word' id='word_1_291' title='bbox 937 2489 1113 2536; x_wconf 86' lang='lat' dir='ltr'>dimissa</span> <span class='ocrx_word' id='word_1_292' title='bbox 1144 2507 1231 2536; x_wconf 90' lang='lat' dir='ltr'>non</span> <span class='ocrx_word' id='word_1_293' title='bbox 1263 2489 1516 2535; x_wconf 86' lang='lat' dir='ltr'>dubitamus</span> <span class='ocrx_word' id='word_1_294' title='bbox 1539 2488 1585 2535; x_wconf 89' lang='lat' dir='ltr'>in</span> <span class='ocrx_word' id='word_1_295' title='bbox 1607 2488 1725 2552; x_wconf 88' lang='lat' dir='ltr'>bap-</span> <span class='ocrx_word' id='word_1_296' title='bbox 1751 2546 1753 2552; x_wconf 31' lang='grc' dir='ltr'>Ι</span> 
     </span>
    </p>
   </div>
   <div class='ocr_carea' id='block_1_4' title="bbox 1736 0 1769 3235">
    <p class='ocr_par' dir='ltr' id='par_1_6' title="bbox 1736 0 1769 3235">
     <span class='ocr_line' id='line_1_33' title="bbox 1736 0 1769 1812; baseline 0 -1194"><span class='ocrx_word' id='word_1_297' title='bbox 1736 0 1769 1812; x_wconf 95' lang='lat' dir='ltr'>   </span> 
     </span>
     <span class='ocr_line' id='line_1_34' title="bbox 1746 2161 1769 3235; baseline 0 -682"><span class='ocrx_word' id='word_1_298' title='bbox 1746 2161 1769 3235; x_wconf 95' lang='lat' dir='ltr'>     </span> 
     </span>
    </p>
   </div>
   <div class='ocr_carea' id='block_1_5' title="bbox 400 2585 1754 2632">
    <p class='ocr_par' dir='ltr' id='par_1_7' title="bbox 400 2585 1754 2632">
     <span class='ocr_line' id='line_1_35' title="bbox 400 2585 1754 2632; baseline -0.005 -4"><span class='ocrx_word' id='word_1_299' title='bbox 400 2599 408 2618; x_wconf 86' lang='lat'>¹</span> <span class='ocrx_word' id='word_1_300' title='bbox 441 2597 511 2627; x_wconf 82' lang='lat' dir='ltr'>Act.</span> <span class='ocrx_word' id='word_1_301' title='bbox 540 2605 585 2631; x_wconf 88' lang='grc' dir='ltr'>ιι,</span> <span class='ocrx_word' id='word_1_302' title='bbox 618 2595 670 2625; x_wconf 84' lang='lat'>38.</span> <span class='ocrx_word' id='word_1_303' title='bbox 698 2610 737 2616; x_wconf 92' lang='lat'>——</span> <span class='ocrx_word' id='word_1_304' title='bbox 770 2590 785 2613; x_wconf 80' lang='lat'>&#39;²</span> <span class='ocrx_word' id='word_1_305' title='bbox 813 2602 830 2621; x_wconf 71' lang='grc' dir='ltr'>α</span> <span class='ocrx_word' id='word_1_306' title='bbox 861 2591 935 2623; x_wconf 90' lang='lat' dir='ltr'>Cor.</span> <span class='ocrx_word' id='word_1_307' title='bbox 961 2600 1031 2627; x_wconf 71' lang='grc' dir='ltr'>ιιι,</span> <span class='ocrx_word' id='word_1_308' title='bbox 1060 2602 1113 2621; x_wconf 81' lang='lat'>21.</span> <span class='ocrx_word' id='word_1_309' title='bbox 1135 2609 1173 2614; x_wconf 91' lang='lat'><strong>—</strong></span> <span class='ocrx_word' id='word_1_310' title='bbox 1202 2587 1216 2611; x_wconf 86' lang='lat'>3</span> <span class='ocrx_word' id='word_1_311' title='bbox 1245 2587 1314 2622; x_wconf 80' lang='lat' dir='ltr'>Act.</span> <span class='ocrx_word' id='word_1_312' title='bbox 1336 2599 1407 2632; x_wconf 74' lang='lat' dir='ltr'>vm,</span> <span class='ocrx_word' id='word_1_313' title='bbox 1432 2591 1486 2621; x_wconf 83' lang='lat'>18.</span> <span class='ocrx_word' id='word_1_314' title='bbox 1507 2586 1720 2622; x_wconf 80' lang='lat' dir='ltr'>--⁴Manh.</span> <span class='ocrx_word' id='word_1_315' title='bbox 1751 2585 1754 2623; x_wconf 70' lang='grc' dir='ltr'><strong>ὲ</strong></span> 
     </span>
    </p>
   </div>
   <div class='ocr_carea' id='block_1_6' title="bbox 352 2663 490 2692">
    <p class='ocr_par' dir='ltr' id='par_1_8' title="bbox 352 2663 490 2692">
     <span class='ocr_line' id='line_1_36' title="bbox 352 2663 490 2692; baseline 0 -7"><span class='ocrx_word' id='word_1_316' title='bbox 352 2666 406 2692; x_wconf 72' lang='grc' dir='ltr'>υ,</span> <span class='ocrx_word' id='word_1_317' title='bbox 440 2663 490 2685; x_wconf 78' lang='lat'>12.</span> 
     </span>
    </p>
   </div>
   <div class='ocr_carea' id='block_1_7' title="bbox 1750 2659 1755 2739">
    <p class='ocr_par' dir='ltr' id='par_1_9' title="bbox 1750 2659 1755 2739">
     <span class='ocr_line' id='line_1_37' title="bbox 1750 2659 1755 2739; baseline 0 0"><span class='ocrx_word' id='word_1_318' title='bbox 1750 2659 1755 2739; x_wconf 60' lang='lat' dir='ltr'>i</span> 
     </span>
    </p>
   </div>
  </div>
 </body>
</html>
