1769 3235
503 296 713 327 Eris'roLA
750 297 959 328 cextvm.
1331 283 1415 347 371

48 380 331 427 veracemque
348 363 620 409 sententiam.
647 362 767 419 Quid
789 364 902 409 enim
928 363 1002 408 hie
1043 365 1177 425 magis
1199 366 1425 429 persequi-

49 447 119 483 tur
138 435 271 482 vitam
298 435 536 489 bonorum,
561 449 690 496 quam
718 434 807 479 vita
826 435 1096 497 iniquorum,
1123 453 1210 481 non
1231 453 1331 482 cum
1355 453 1428 482 co-

51 507 110 568 git
141 506 301 552 imitari
336 505 455 568 quod
493 503 714 567 displicet,
747 504 820 549 sed
854 522 955 550 eum
980 507 1096 564 cogit
1121 506 1266 552 dolere
1306 507 1427 570 quod

50 576 201 625 videt?
224 577 443 633 Quoniam
458 592 604 621 coram
629 575 705 638 pio
722 574 871 620 vivens
888 575 1038 637 impie,
1057 576 1134 622 etsi
1154 594 1242 622 non
1264 577 1428 638 obligat

53 647 409 702 consentientem,
437 646 610 691 cruciat
633 646 898 692 sentientem.
924 647 1034 691 Nam
1058 663 1172 709 saepe
1195 658 1236 693 et
1254 648 1330 694 diu
1353 648 1431 693 im-

51 719 222 783 piorum
253 718 512 780 corporibus
532 734 554 762 a
580 716 864 762 saecularibus
887 717 1194 779 potestatibus,
1236 728 1278 763 et
1310 735 1427 781 quo-

56 787 262 834 rumlibet
278 786 577 833 vexationibus
611 786 825 849 parcitur,
854 786 1029 849 piorum
1055 797 1199 831 autem
1224 787 1433 833 cordibus

58 876 80 905 a
103 857 226 904 malis
252 857 485 903 hominum
510 857 706 903 moribus
726 874 952 920 nunquam
975 873 1109 920 usque
1127 856 1181 902 ad
1205 857 1339 918 hujus
1356 875 1432 904 sae-

57 928 143 976 culi
166 929 311 976 finem.
334 929 406 974 Sic
434 945 534 989 ergo
559 928 706 992 potius
726 928 937 992 impletur
956 927 1077 991 quod
1098 929 1436 975 commemoravi

60 999 210 1047 dixisse
233 999 492 1062 Apostolum
517 1016 527 1044 :
550 1021 570 1041 c<
599 999 715 1057 Quia
736 1016 883 1045 omnes
914 999 993 1063 qui
1019 999 1173 1046 volunt
1198 999 1243 1045 in
1261 999 1437 1046 Christo

62 1092 82 1114 ›>
106 1070 178 1135 pie
200 1071 344 1118 vivere
367 1070 717 1134 persecutionem
732 1070 981 1133 patientum
1011 1091 1031 1111 >2
1048 1080 1092 1116 et
1111 1080 1230 1116 tanto
1249 1071 1437 1117 amarius

61 1152 225 1208 quanto
243 1141 440 1197 interius,
468 1141 846 1197 donee'diluvium
869 1151 1055 1187 transeat
1082 1141 1161 1187 ubi
1180 1144 1280 1188 arca
1297 1143 1443 1189 conti-

64 1223 137 1260 net
162 1230 344 1260 corvum
367 1223 409 1259 et
423 1213 693 1259 columbam.

130 1285 190 1331 II.
224 1283 309 1330 Sed
325 1284 493 1330 inhaere
512 1283 644 1330 frater
677 1282 740 1329 illi
761 1301 783 1329 a
805 1299 892 1346 quo
914 1281 1073 1329 audisti
1098 1300 1108 1328 :
1135 1303 1156 1325 <c
1180 1283 1270 1342 Qui
1291 1301 1441 1347 perse-

69 1356 320 1402 »veraverit
331 1372 467 1419 usque
487 1355 529 1401 in
555 1355 705 1409 finem,
722 1354 797 1400 hic
811 1354 953 1401 salvus
978 1352 1100 1400 erit'l.
1120 1376 1140 1396 >2
1169 1355 1444 1415 Conjungere

69 1426 275 1480 Domino,
296 1436 344 1473 ut
361 1437 525 1472 crescat
542 1424 588 1472 in
606 1425 849 1472 novissimis
867 1425 955 1470 vita
980 1435 1066 1471 tua.
1097 1424 1198 1470 Scio
1216 1426 1331 1471 enim
1357 1443 1446 1473 non

67 1497 206 1544 deesse
222 1498 530 1545 recreationem
545 1496 690 1543 cordis
700 1495 752 1541 de
767 1495 974 1541 fratribus
990 1495 1130 1540 bonis.
1147 1495 1248 1541 Huc
1260 1495 1328 1556 adj
1338 1513 1447 1557 unge

65 1569 367 1633 promissiones
387 1569 466 1615 Dei
477 1567 640 1624 fideles,
658 1582 851 1626 magnas,
874 1576 1028 1621 certas,
1051 1565 1349 1629 sempiternas,
1373 1568 1440 1632 ip-

70 1641 241 1704 siusque
263 1641 504 1687 tolerantiae
528 1639 936 1704 imperturbabilem
954 1637 1305 1701 ineffabilemque
1329 1657 1446 1685 mer-

71 1711 234 1759 cedem.
260 1713 316 1758 Et
331 1712 430 1759 vide
444 1729 576 1776 quam
590 1726 741 1756 verum
758 1709 946 1754 Domino
969 1718 1140 1754 cantes:
1161 1729 1180 1749 α
1193 1708 1448 1756 Secundum

72 1804 92 1825 ι)
112 1782 438 1828 multitudinem
460 1781 663 1828 dolorum
688 1780 943 1825 meorumin
961 1777 1091 1824 corde
1115 1796 1228 1836 meo,
1258 1781 1450 1826 consola-

74 1875 93 1896 »
120 1854 254 1900 tiones
268 1852 726 1914 tuaejucundaverunt
749 1852 937 1896 animam
958 1867 1095 1895 meam
1117 1849 1149 1896 2.
1178 1871 1198 1891 »
1221 1851 1344 1896 Mitte
1356 1850 1447 1898 fra-

73 1925 129 1970 tri
151 1924 297 1970 Firmo
324 1924 488 1969 litteras
524 1933 707 1969 nostras.
739 1921 1022 1966 Sanctitatem
1047 1931 1162 1966 tuam
1186 1931 1228 1965 et
1248 1919 1454 1969 familiam

75 1995 171 2051 Dei,
199 2012 298 2058 quse
332 2005 406 2040 tuo
431 1993 667 2039 ministerio
700 1992 986 2053 gubernatur,
1031 1991 1183 2037 fratres
1222 2001 1263 2036 et
1286 2009 1450 2040 sorores

73 2083 173 2132 quae
196 2067 314 2130 apud
333 2084 408 2113 nos
433 2076 534 2112 sunt
561 2065 791 2113 nobiscum
821 2063 865 2108 in
892 2063 1079 2109 Domino
1109 2063 1357 2112 resalutant.
1384 2069 1451 2111 Ec

75 2139 171 2183 alia
192 2155 340 2183 manu
368 2155 378 2182 ε
413 2137 656 2182 Incolumes
686 2152 767 2200 pro
807 2134 934 2179 nobis
958 2134 1085 2179 orteis
1109 2133 1381 2182 dilectissimi
1410 2147 1452 2182 et

75 2209 211 2255 sancti
225 2210 391 2256 fratres·

142 2282 231 2340 Ego
271 2279 441 2342 Alypus
470 2277 781 2342 impensissime
818 2275 958 2322 saluto
997 2275 1285 2320 sinceritatem
1307 2286 1446 2332 tuam,

78 2368 308 2415 omnesque
331 2351 413 2396 tibi
436 2350 481 2395 in
500 2349 686 2395 Domino
703 2351 973 2407 conjunctos,
1000 2350 1142 2409 Atque
1157 2358 1203 2391 ut
1218 2347 1332 2393 hanc
1346 2358 1448 2393 tan-

78 2439 206 2486 quam
233 2438 368 2467 meam
403 2420 630 2484 epistolam
663 2419 870 2482 deputes,
903 2428 1018 2481 peto.
1047 2417 1102 2461 Et
1129 2417 1293 2463 sienim
1320 2419 1447 2465 aliam

78 2492 299 2557 propriam
326 2493 493 2537 mittere
511 2489 764 2554 potuissem,
790 2500 931 2535 tamen
952 2487 1084 2532 malui
1108 2487 1215 2534 huic
1252 2490 1449 2536 subscri-

127 2601 139 2624 ¹
155 2601 271 2634 Matth.
286 2611 376 2645 xxxv,
404 2602 455 2632 13.
470 2618 515 2625 —
532 2598 547 2621 2
567 2600 646 2632 Psal.
661 2611 754 2637 xmxr,
774 2611 827 2640 ¹9-

1244 2661 1319 2717 24.
