1769 3235
0 0 26 168 ’Ἰ

18 172 23 243 ἔ

17 247 21 292 ι

16 295 21 349 ,l

508 251 719 283 EPISTOLA
754 253 952 283 ccxxvll.
1328 255 1419 303 279

47 316 347 363 Christianum
373 316 464 362 fore
481 351 492 371 ,
521 314 556 360 si
592 313 711 359 illam
738 313 897 360 salvam
929 314 1094 361 videret
1123 334 1133 361 ε
1157 316 1321 362 factum
1343 327 1421 364 est.

45 387 100 432 At
123 385 193 431 ille
217 385 339 449 quod
365 394 546 431 voverat
581 383 887 429 dlssimulabat
917 384 1107 431 exolvere
1135 404 1145 430 :
1178 386 1250 432 sed
1273 386 1421 433 adhuc

44 473 194 503 manus
235 457 410 503 excelsa.
462 457 575 501 Nam
618 455 844 518 repentina
877 456 1075 502 caecitate
1114 458 1412 504 suffunditur:

0 562 6 576 .
44 527 274 590 statimque
299 527 418 574 venit
451 527 496 572 in
535 536 720 571 mentem
745 525 859 571 unde
875 525 986 571 illud
1004 537 1108 572 esset
1129 545 1139 572 :
1162 527 1417 575 exclamavit

0 587 17 697 ἀξ
46 598 254 644 confitens
272 634 282 654 ‚
317 608 445 661 atque
464 598 620 644 iterum
643 597 787 651 vovit,
811 613 852 641 se
872 607 1046 660 recepto
1071 597 1235 644 lumine
1255 599 1416 662 imple-

10 699 15 731 ,
45 677 192 713 turum
225 684 312 712 esse
340 668 460 730 quod
493 677 684 714 voverat.
721 667 931 730 Recepit,
958 667 1157 730 implevit
1176 689 1186 722 ;
1208 680 1250 714 et
1269 670 1417 717 adhuc

0 733 16 792 ti
44 754 198 784 manus
216 737 392 784 excelsa.
419 738 681 801 Symbolum
706 755 794 783 non
819 748 1037 792 tenuerat,
1062 750 1136 783 aut
1154 739 1330 785 fortasse
1354 752 1420 787 te-

0 832 2 848 ;
44 823 142 853 nere
175 820 469 865 recusaverat,
504 819 545 854 et
577 826 618 854 se
645 826 732 854 non
761 808 951 871 potuisse
975 820 1278 854 excusaverat:
1306 815 1421 857 Deus

0 894 3 927 ε
45 877 222 928 viderat.
247 880 346 925 Jam
370 890 463 926 tum
482 890 582 944 post
601 879 706 925 festa
732 879 877 924 omnia
896 879 1155 941 receptionis
1174 896 1262 926 suae
1280 880 1323 929 in
1341 898 1419 943 pa-

0 943 12 1011 4}
43 947 217 1012 ralysim
253 950 435 997 solvitur
478 947 626 1002 multis
654 967 702 996 ac
737 967 848 1014 pene
880 949 1084 998 omnibus
1117 949 1350 1006 membris,
1379 962 1421 996 et

0 1013 13 1095 'i
44 1022 168 1065 etiam
209 1019 371 1081 lingua.
413 1022 541 1067 Tunc
578 1021 746 1067 somnio
785 1020 1033 1066 admonitus
1071 1022 1305 1070 confitetur
1343 1039 1422 1091 por

0 1098 12 1159 ιζ
45 1089 326 1153 scripturam,
373 1093 431 1138 ob
464 1093 552 1138 hoc
585 1093 667 1138 sibi
709 1092 877 1137 dictum
915 1108 1001 1137 esse
1034 1090 1267 1147 accidisse,
1299 1093 1419 1155 quod

0 1165 11 1220 ’ᾖ
43 1176 62 1209 s
96 1160 289 1217 mbolum
324 1179 412 1208 non
450 1161 702 1215 reddiderit.
730 1163 833 1207 Post
852 1161 971 1212 illam
992 1161 1299 1209 confessionem
1319 1162 1422 1208 red-

0 1222 9 1270 ‚¹
77 1240 208 1275 untur
244 1231 387 1278 officia
422 1233 619 1278 omnium
659 1232 955 1280 membrorum
979 1269 990 1284 ‚
1030 1232 1111 1280 nisi
1150 1231 1311 1291 linguae
1347 1249 1419 1278 so-

0 1263 10 1342 i
44 1300 124 1362 lius
155 1319 164 1346 ε
199 1300 240 1347 δέ
275 1314 416 1355 tamen
442 1304 644 1355 didicisse
680 1303 957 1367 symbolum,
990 1302 1175 1366 ideoque
1210 1304 1417 1351 memoria

39 1374 127 1431 jam
159 1383 300 1418 tenere
323 1375 609 1428 nihilominus
635 1375 678 1422 in
703 1373 854 1426 eadem
883 1373 1117 1421 tentatione
1151 1373 1304 1419 litteris
1329 1374 1419 1423 fas-

40 1442 113 1503 'sus
135 1454 197 1488 cst
225 1461 234 1487 ε
273 1445 420 1509 sicque
452 1445 590 1497 omnis
615 1456 676 1491 est
704 1446 759 1497 ab
782 1462 830 1490 co
855 1444 995 1494 deleta
1014 1444 1237 1504 nugacitas
1254 1481 1264 1500 ‚
1289 1461 1415 1507 quoe,

3 1512 7 1566 f
44 1522 92 1562 ut
113 1513 220 1568 scis,
249 1515 435 1577 multum
473 1516 757 1567 decolorabat
797 1513 1037 1569 naturalem
1067 1514 1302 1578 quamdam
1326 1520 1415 1576 ejus

2 1568 6 1637 i
43 1582 351 1649 bepiguitatem
374 1623 385 1642 ,
423 1602 610 1649 eumque
643 1585 920 1639 insultantem
951 1583 1209 1633 Christianis
1230 1584 1418 1632 faciebat

44 1652 167 1700 valde
199 1656 470 1718 sacrilegum.
501 1657 621 1714 Quid
649 1657 822 1721 dicam-9
846 1656 952 1713 nisi,
978 1655 1172 1706 Domino
1197 1655 1414 1719 hymnum

44 1739 249 1784 canamus
268 1763 280 1784 ‚
300 1738 343 1773 et
366 1728 730 1792 superexaltemus
753 1745 852 1785 eum
872 1728 918 1777 in
935 1726 1108 1780 saecula.
1140 1728 1276 1779 Amen
1298 1730 1317 1772 Ρ

177 2050 182 2054 ,

0 318 4 366 i

0 398 4 434 Ι

0 478 10 504 ι

0 684 9 694 ι.

0 710 4 722 Γ
