1769 3235
542 293 752 323 Et’JSTOLA
789 295 884 326 cxc.
1342 297 1401 347 29

33 373 121 404 suae
139 373 277 404 causae
299 357 523 417 suffragari
547 358 834 415 arbitrantur,
859 360 1029 406 nullum
1052 361 1173 424 quasi
1197 362 1403 410 manifes-

36 428 116 474 tius
145 439 185 474 et
212 428 446 492 expressius
482 445 564 490 pro
596 445 639 473 se
667 440 847 491 possunt
878 441 1030 494 putare
1059 432 1398 494 proferendum,

30 515 161 562 quain
196 499 242 544 id
269 498 387 562 quod
411 498 456 543 in
490 499 642 544 Genesi
676 499 888 563 scriptum
913 511 975 546 est
997 519 1006 545 :
1032 523 1052 542 «
1074 502 1236 548 Omnes
1261 514 1403 549 autem

32 588 53 610 »
79 569 262 625 animae,
283 586 384 632 quae
409 568 670 614 introierunt
688 585 787 614 cum
811 571 949 616 Jacob
968 572 1012 617 in
1036 573 1267 634 ,Egyptum
1286 608 1297 628 ‚
1328 573 1405 636 qui

35 660 56 680 »
79 640 272 684 exierunt
297 638 350 683 de
370 638 606 684 femoribus
620 638 752 698 ejus1.
782 661 802 682 >2
826 641 922 686 Hoc
942 641 1055 687 enim
1080 642 1198 687 velut
1220 641 1402 688 eviden-

32 708 194 754 tissimo
217 708 462 754 testimonio
482 718 664 772 possunt
684 709 801 755 credi
818 710 974 757 animae
988 712 1033 756 in
1054 710 1165 757 filios
1183 728 1229 756 ex
1247 728 1402 774 paren-

30 778 148 824 tibus
176 778 433 842 propagari3
467 779 675 843 quoniam
699 780 798 826 satis
833 791 978 844 aperte
1003 781 1172 827 dictum
1206 781 1395 839 videtur,

30 849 192 895 animas
216 850 345 894 etiam
371 849 424 894 de
448 848 686 896 femoribus
706 851 872 907 Jacob,
902 868 990 897 non
1015 852 1104 897 sola
1129 851 1272 897 exiisse
1296 869 1398 898 cor-

28 936 135 983 pora
159 919 365 967 filiorum.
399 921 459 966 Ut
488 937 537 966 eo
560 921 690 967 modo
714 922 842 968 etiam
867 921 978 968 illud
1004 922 1185 982 intelligi
1213 922 1346 969 velint
1377 942 1402 970 a

20 1000 145 1053 parte
164 1000 304 1036 totum
320 1028 331 1047 ,
355 991 476 1054 quod
500 991 608 1037 dixit
627 992 768 1038 Adam
787 1029 797 1048 ‚
821 1010 921 1038 cum
947 993 1012 1039 illi
1032 993 1186 1039 mulier
1208 997 1242 1053 ej
1253 1010 1298 1039 us
1325 1011 1396 1040 os-

19 1059 268 1106 tenderetur
290 1079 301 1106 :
325 1081 344 1102 «
363 1062 460 1107 Hoc
487 1079 605 1108 nunc
630 1079 675 1107 os
706 1079 754 1108 ex
783 1063 953 1108 ossibus
983 1063 1087 1109 meis
1106 1100 1116 1119 ,
1149 1074 1191 1109 et
1214 1081 1314 1109 caro
1346 1063 1399 1110 de

21 1150 41 1173 »
64 1147 194 1176 earne
232 1131 370 1177 mea2.
393 1154 412 1173 >2
453 1133 553 1178 Non
583 1133 696 1178 enim
729 1133 835 1179 dixit
867 1151 877 1178 ε
909 1134 963 1179 Et
1004 1133 1145 1180 anima
1173 1134 1227 1180 de
1259 1135 1404 1181 anima

21 1217 148 1246 mea:
177 1200 249 1246 sed
274 1201 333 1246 ita
364 1202 463 1246 fieri
485 1212 629 1265 potest
662 1213 709 1248 ut
737 1220 866 1248 carne
904 1204 1128 1248 nominata
1166 1214 1403 1268 utrumque

23 1270 306 1331 intelligatur,
333 1271 443 1318 sicut
463 1271 537 1317 hic
561 1273 725 1318 animas
749 1272 1017 1328 nominavit,
1039 1283 1080 1319 et
1103 1284 1247 1320 tamen
1269 1274 1400 1320 etiam

28 1357 214 1404 corpora
232 1341 277 1387 in
302 1341 400 1388 filiis
424 1342 608 1403 intelligi
626 1342 777 1390 voluit.

91 1412 212 1459 xlx.
251 1412 337 1458 Sed
366 1413 454 1459 hoc
485 1413 781 1459 testimonium
812 1424 927 1460 certe
950 1413 1074 1477 quasi
1106 1423 1195 1459 tam
1235 1413 1404 1462 clarum

26 1492 155 1546 atque
173 1481 450 1529 manifestum
471 1483 713 1530 enodandae
734 1484 840 1530 huic
861 1483 1091 1547 quaestioni
1114 1500 1203 1529 non
1223 1483 1398 1531 suffice-

29 1562 115 1608 ret,
142 1570 222 1599 nec
245 1553 279 1598 si
300 1553 359 1599 ita
382 1553 592 1614 legeretur
609 1572 760 1615 genere
783 1554 1013 1600 foeminino
1031 1591 1043 1610 ‚
1071 1575 1090 1596 α
1113 1554 1226 1611 Quae
1243 1574 1263 1596 >2
1282 1554 1397 1600 exie-

30 1633 133 1669 runt
156 1622 209 1669 de
231 1624 470 1670 femoribus
505 1629 623 1685 ejus,
665 1636 713 1671 ut
749 1625 912 1670 animas
934 1624 1271 1684 intelligeremus
1304 1641 1406 1688 quae

33 1694 239 1742 exierunt.
272 1695 376 1741 Ideo
409 1707 552 1742 autem
571 1713 658 1742 non
679 1696 891 1742 sufficeret
908 1732 919 1751 ,
949 1695 1157 1760 quoniam
1184 1705 1225 1741 et
1249 1695 1405 1741 animae

35 1766 209 1812 nomine
239 1784 396 1832 corpus
436 1768 576 1814 solum
609 1785 735 1832 posse
757 1768 1018 1828 significari,
1047 1766 1179 1812 modo
1212 1766 1408 1829 quodam

34 1836 265 1883 locutionis
290 1838 550 1896 ostenditur,
576 1856 664 1903 quo
685 1839 955 1899 significatur
979 1855 1057 1901 per
1077 1837 1120 1883 id
1134 1836 1254 1901 quod
1269 1838 1410 1885 conti·

36 1919 162 1954 netur
179 1908 288 1955 illud
313 1911 432 1974 quod
447 1912 665 1963 continet;
693 1910 805 1956 sicut
829 1909 889 1954 ait
909 1909 1089 1972 quidam
1118 1925 1129 1952 :
1157 1929 1177 1949 c<
1198 1908 1308 1954 Vina
1329 1925 1409 1955 co-

39 2002 60 2023 »
84 1981 271 2025 ronantb'
286 2019 296 2037 ‚
317 2004 337 2024 υ
351 2000 452 2028 cum
468 1991 778 2029 coronarentur
792 1997 890 2027 vasa
903 1980 1082 2026 vinaria.
1107 1979 1268 2026 Vinum
1291 1981 1407 2028 enim

39 2051 305 2109 continetur,
329 2064 372 2099 et
392 2071 465 2100 vas
485 2053 693 2100 continet.
718 2052 841 2099 Sicut
858 2068 960 2111 eigo
985 2050 1257 2115 appellamus
1277 2052 1413 2099 eccle-

40 2122 147 2169 siam
167 2122 392 2170 basilicam
408 2143 532 2189 ‚qua
553 2125 801 2171 continetur
824 2122 1017 2187 populus
1041 2122 1118 2185 qui
1134 2139 1231 2168 vere
1258 2124 1414 2187 appel-

42 2192 158 2241 latur
178 2194 374 2252 eeclesia,
388 2207 436 2242 ut
455 2196 629 2242 nomine
642 2194 852 2250 ecclesiae,
874 2193 919 2239 id
935 2203 1013 2250 est,
1036 2191 1194 2256 populi
1208 2210 1284 2255 qui
1303 2210 1414 2240 con-

47 2265 224 2321 tinetur,
241 2265 533 2325 Sionificemus
546 2266 691 2312 locum
706 2265 781 2328 qui
799 2265 1023 2311 continet:
1044 2265 1102 2309 ita
1122 2263 1242 2326 quod
1258 2263 1416 2311 animae

46 2336 306 2398 corporibus
345 2338 641 2394 continentur,
678 2336 861 2395 intelligi
898 2351 1081 2398 corpora
1121 2332 1310 2379 filiorum
1338 2351 1418 2398 per

48 2407 290 2454 nominatas
326 2408 488 2454 animas
521 2419 715 2472 possunt.
759 2407 829 2453 Sic
862 2406 978 2452 enim
1017 2403 1169 2450 melius
1203 2404 1420 2468 accipitur

49 2478 176 2523 etiam
201 2478 313 2525 illud
334 2479 452 2543 quod
474 2481 559 2525 Iex
579 2478 798 2544 inquinari
818 2477 927 2524 dicit
945 2493 1043 2523 eum
1060 2512 1071 2532 ,
1099 2475 1175 2539 qui
1194 2474 1420 2522 intraverit

101 2590 109 2611 ¹
128 2590 212 2622 Gen.
234 2598 321 2627 ΜΠ,
344 2591 441 2620 36.-;
463 2588 599 2629 21d.1v‚
614 2590 667 2620 23.
688 2607 728 2613 —-
747 2585 760 2611 ³
783 2585 1060 2631 Ni1·g.2E11eid.7.
