1769 3235
334 256 427 312 234
752 270 787 302 s.
829 269 1074 303 Ancus‘rim
1111 270 1314 303 Belscopi

333 356 353 375 »
375 335 492 402 apud
519 352 612 389 vos,
628 346 669 382 et
689 346 735 382 ut
754 352 955 383 eruamur
974 337 1029 382 ab
1049 336 1210 400 iniquis
1224 347 1264 382 et
1280 335 1403 383 malis
1426 337 1694 387 hominibus.
1742 369 1748 377 ·

337 426 357 445 >2
381 406 476 452 Non
489 405 600 455 enim
617 405 811 454 omnium
833 416 894 451 est
917 406 1035 453 fides.
1054 428 1074 448 ›>
1105 405 1341 464 Quomodo
1362 417 1553 454 curreret
1566 418 1606 454 et
1617 408 1703 469 glo-

334 473 577 524 rificaretur
601 475 783 523 verbum
803 476 897 527 Dei,
916 477 995 525 nisi
1017 476 1071 525 ad
1094 477 1221 524 finem
1244 477 1458 524 conversis
1480 479 1540 522 eis
1555 514 1567 531 ‚
1598 479 1701 542 qui—
1745 518 1751 544 ἱ

337 544 418 588 bus
438 544 774 609 praedicaretur3
795 545 1151 611 quandoquidem
1165 549 1255 605 jam
1269 545 1547 592 credentibus
1564 545 1699 594 dicit:

332 635 350 654 «
382 614 764 670 Quemadmodum
793 626 834 661 et
866 616 985 680 apud
1016 619 1118 663 vos?
1140 638 1158 656 n
1188 616 1280 661 Scit
1305 627 1420 661 certe
1443 616 1529 661 hoc
1555 617 1703 664 abillo
1746 614 1751 667 ῗ

339 685 446 738 fieri,
468 701 595 747 quem
617 686 712 734 vult
728 686 869 747 rogari
895 698 941 738 ut
959 687 1047 733 hoc
1072 686 1214 737 saciat,
1239 696 1285 732 ut
1303 687 1431 733 etiam
1452 697 1629 733 eruatur
1649 689 1705 734 ab
1745 672 1751 717 ¹

340 755 500 817 iniquis
513 756 690 803 etmalis
701 756 981 812 hominibus;
1005 756 1080 821 qui
1097 755 1292 820 profecto
1316 767 1357 802 et
1373 757 1458 802 illis
1481 758 1707 805 orantibus

335 842 424 871 non
451 837 573 873 erant
589 826 810 877 credituri,
853 827 1038 890 Propter
1068 825 1187 889 quod
1207 826 1410 873 addidit:
1438 827 1573 874 «Non
1593 828 1708 879 enim
1749 823 1751 831 ⁴

335 917 356 938 »
373 896 569 944 omnium
592 907 654 944 est
691 896 821 945 fides:
843 918 863 938 ›>
880 908 1090 962 tanquam
1128 896 1307 954 diceret,
1337 897 1437 945 Non
1457 897 1572 943 enim
1588 897 1709 962 apud

330 983 477 1017 omnes
497 966 624 1015 etiam
650 967 774 1015 vobis
797 968 1024 1015 orantibus
1049 967 1367 1028 glorificabitur
1392 968 1577 1016 verbum
1604 969 1699 1017 Dei.
1745 998 1750 1033 5

333 1036 448 1097 Quia
469 1036 551 1100 ipsi
573 1037 722 1100 utique
747 1036 921 1084 fuerant
941 1037 1168 1094 credituri,
1204 1039 1281 1102 qui
1309 1038 1499 1086 ordinati
1521 1048 1643 1088 erant
1664 1038 1712 1089 in

332 1107 465 1155 vitam
485 1116 704 1164 aeternam,
728 1107 1028 1171 praedestinati
1048 1108 1093 1155 iu
1114 1107 1397 1171 adoptionem
1421 1108 1611 1156 filiorum
1633 1124 1713 1171 per
1748 1119 1752 1148 ἱ

335 1179 478 1220 Jesum
510 1176 736 1226 Christum
769 1178 814 1224 in
845 1179 990 1244 ipsum
1025 1189 1068 1225 et
1091 1178 1215 1225 electi
1231 1179 1278 1225 in
1298 1180 1393 1242 ipso
1419 1189 1517 1226 ante
1557 1178 1713 1228 mundi
1750 1188 1753 1197 ⁹

335 1246 689 1296 constitutionem
711 1247 729 1276 1
747 1265 757 1296 ;
783 1248 855 1297 sed
877 1248 974 1295 ideo
994 1250 1106 1296 Deus
1120 1267 1197 1315 per
1212 1250 1426 1297 orationes
1443 1248 1714 1296 credentium
1749 1245 1754 1283 =²

334 1315 532 1366 nondum
549 1316 770 1366 credentes
794 1318 967 1366 credere
990 1318 1113 1374 facit,
1136 1330 1184 1366 ut
1199 1320 1398 1369 ostendat
1416 1319 1518 1385 quia
1535 1319 1627 1383 ipse
1644 1318 1713 1367 fa·-

335 1387 407 1433 cit.
428 1388 564 1434 Nemo
579 1398 641 1432 est
664 1388 779 1437 enirn
794 1399 882 1437 tam
903 1390 1157 1453 imperitUS,
1186 1403 1274 1439 tam
1297 1391 1497 1447 carnalis,
1528 1400 1615 1436 tam
1630 1400 1715 1439 tar·
1748 1401 1756 1458 f

338 1458 420 1509 dus
437 1459 628 1518 ingenio,
659 1460 842 1523 quinon
862 1461 1004 1509 videat
1030 1463 1171 1511 Deum
1197 1461 1355 1518 facere,
1371 1461 1493 1527 quod
1511 1461 1654 1521 rogari
1673 1478 1716 1508 se
1748 1459 1756 1524 ζ

338 1530 549 1593 praecepit
571 1540 619 1578 ut
639 1530 785 1579 faciat.
1750 1528 1757 1537 ⁴

403 1600 612 1649 XXVIII.
644 1601 751 1650 Haec
769 1612 809 1648 et
834 1601 916 1649 alia
943 1603 1185 1651 testimonia
1209 1603 1375 1660 divina,
1404 1618 1503 1666 quae
1521 1617 1716 1649 comme·
1751 1618 1760 1669 ,j

339 1687 507 1716 morare
531 1670 709 1734 longum
737 1682 817 1726 est,
839 1672 1076 1722 ostendunt
1108 1675 1249 1722 Deum
1287 1675 1424 1735 gratia
1444 1689 1522 1719 sua
1547 1670 1718 1719 auferre
1751 1701 1757 1732 1.

337 1739 590 1791 infidelibus
630 1759 706 1787 cor
725 1742 971 1806 lapideum,
1003 1757 1045 1791 et
1076 1746 1320 1810 praevenire
1368 1745 1414 1791 in
1462 1742 1720 1791 homiuibus
1750 1773 1758 1780 =

334 1812 552 1861 bonarum.
571 1813 722 1860 merita
744 1814 1041 1871 voluntatum,
1066 1817 1127 1863 ita
1155 1826 1202 1862 ut
1226 1815 1426 1863 voluntas
1440 1831 1519 1879 per
1548 1823 1721 1860 antece·
1754 1826 1756 1862 ζ

330 1881 504 1931 dentem
527 1884 709 1942 gratiam
733 1897 1024 1949 praeparetur,
1055 1904 1142 1936 nou
1158 1898 1205 1933 ut
1230 1887 1367 1946 gratia
1391 1885 1545 1932 merito
1561 1884 1721 1931 volun-

334 1953 434 1997 tatis
455 1949 739 2002 antecedente
759 1955 960 2005 donetur.
983 1958 1080 2002 Hoc
1105 1969 1146 2004 et
1161 1957 1397 2016 gratiarum
1422 1955 1534 2001 actio
1554 1953 1723 2001 indicat

337 2022 459 2090 quod
481 2024 644 2079 orati03
667 2027 803 2072 oratio
822 2044 903 2088 pro
939 2028 1210 2082 infidelibus,
1236 2028 1475 2087 gratiarum
1498 2025 1613 2075 actio
1641 2040 1721 2088 pro

339 2093 557 2140 fidelibus.
584 2095 671 2150 Qui
689 2097 803 2141 enim
816 2108 876 2142 est
891 2098 1082 2143 orandus
1100 2109 1146 2143 ut
1166 2098 1312 2154 faciat,
1327 2097 1390 2142 illi
1407 2107 1470 2142 est
1485 2095 1597 2142 actio
1616 2111 1721 2156 gra-

343 2164 501 2215 riarum
525 2164 748 2215 reddenda
767 2183 868 2215 cum
888 2167 1053 2216 fecerit.
1082 2168 1206 2216 [ude
1227 2167 1341 2216 idem
1361 2167 1470 2214 dicit
1491 2164 1723 2229 Apostolus
1753 2204 1755 2206 .

340 2234 396 2284 ad
423 2234 662 2303 Ephesios:
692 2257 713 2279 e<
734 2238 922 2300 Propter
944 2238 1030 2285 hoc
1057 2248 1097 2285 et
1119 2255 1215 2298 ego,
1239 2237 1388 2285 audita
1409 2236 1494 2283 fide
1511 2246 1652 2284 vestra
1677 2235 1723 2280 in
1747 2256 1769 2328 (Ι

344 2327 364 2347 »
388 2305 579 2355 Domino
603 2306 778 2364 Jesu,et
797 2307 1032 2358 dilectione
1054 2309 1098 2355 in
1117 2325 1266 2357 omnes
1282 2318 1470 2361 sanctos,
1494 2323 1581 2355 non
1604 2320 1722 2352 cesso
1747 2316 1769 2378 ,εἴ

342 2398 362 2418 »
382 2376 542 2438 gratias
564 2393 684 2436 agere
705 2394 787 2444 pro
803 2379 929 2428 vobis
949 2379 985 2428 “·.
1010 2401 1030 2421 »
1747 2378 1754 2455 f

403 2447 567 2497 XXIX.
593 2449 840 2508 Loquimur
855 2460 997 2499 autem
1012 2466 1131 2499 nune
1149 2449 1202 2498 de
1219 2449 1324 2513 ipsis
1339 2448 1495 2504 initiis,
1517 2463 1620 2494 cum
1632 2445 1722 2492 ho-
1747 2457 1769 2572 Γ

1747 2653 1752 2675 l

342 2517 479 2569 mines
500 2519 577 2581 qui
597 2529 720 2570 erant
740 2521 876 2572 aveni
892 2532 934 2571 et
948 2520 1134 2577 adversi,
1157 2529 1474 2570 convertuntur
1489 2516 1544 2567 ad
1557 2517 1719 2571 Deum,
1748 2530 1769 2587 ‚⁴

389 2599 535 2644 ¹Ephes.
562 2612 589 2640 1,
609 2608 641 2640 4,
661 2603 753 2633 5.-
769 2601 784 2624 ²
799 2603 887 2643 Ibid,
909 2605 960 2640 15·
