1769 3235
315 262 408 326 395
720 275 754 305 s.
798 274 1039 305 Auocanr
1083 275 1283 307 EPlscopr

316 341 598 406 sperandum,
627 340 747 405 quod
784 351 908 387 tuum
938 340 1196 388 desiderium
1222 344 1357 406 possit
1391 344 1574 409 explere.
1602 348 1690 394 Aut

318 423 432 459 certe
449 414 493 458 in
514 412 744 476 praesentia
769 428 888 458 sume
908 412 1027 476 quod
1042 424 1214 476 potero,
1233 430 1363 477 quam
1384 426 1422 460 te
1438 427 1549 479 puto
1567 429 1687 465 tuam

315 484 443 529 nobis
473 483 570 529 ideo
594 500 682 529 non
704 483 924 539 exhibere,
954 485 1056 547 quia
1076 502 1163 529 non
1182 485 1259 531 vis.
1288 486 1407 542 Quid
1424 488 1538 533 enim
1561 505 1686 549 mag-

313 571 417 599 num
443 565 505 600 est
531 553 762 614 adjuvante
787 555 995 611 Domine,
1024 567 1072 600 ut
1091 555 1224 600 homo
1243 555 1354 601 liber
1381 574 1403 602 a
1424 560 1683 622 cujusquam
1745 579 1748 610 ς

311 624 397 670 loci
422 642 599 670 munere
629 625 771 671 venias
789 624 843 671 ad
867 642 943 671 nos
967 662 976 681 ,
1007 626 1094 670 sive
1117 625 1345 671 nobiscum
1373 626 1451 673 diu
1472 627 1646 674 futurus
1670 667 1682 687 ‚
1746 635 1751 687 ξ

311 697 398 742 sive
413 707 589 759 peracto
621 696 768 742 saltem
783 696 975 759 pauxillo
1005 696 1211 759 temporis
1233 695 1476 743 rediturus?
1748 695 1751 711 ¹

370 766 444 813 IV.
472 767 582 813 Ecce
605 784 712 830 pene
731 766 898 813 factum
938 776 1016 820 est,
1046 766 1173 829 quod
1198 767 1243 812 in
1265 767 1459 831 quinque
1480 784 1681 815 versuum
1750 815 1755 824 ,

309 847 483 882 tuorum
509 838 633 883 tertio
659 837 855 900 posuisti,
881 846 929 881 ut
946 837 1078 896 magis
1098 835 1326 900 loquacem
1343 854 1472 901 quam
1485 838 1686 902 eloquen-

311 918 394 952 tem
416 907 597 953 haberes
621 907 861 970 Epistolam
882 923 1036 953 meam.
1070 906 1202 963 Quod
1227 918 1367 953 autem
1389 908 1432 953 in
1451 909 1606 971 quinto
1626 920 1688 956 at·
1752 903 1758 962 i

309 995 393 1042 que
418 978 572 1024 ultimo
597 995 721 1023 versu
747 988 910 1041 septem
933 976 1064 1040 pedes
1087 989 1204 1032 sunt,
1235 978 1378 1023 nescio
1413 989 1559 1024 utrum
1598 997 1681 1026 nu-
1755 970 1757 995 ³

306 1065 448 1094 merus
470 1060 594 1094 tuum
614 1047 768 1094 fefellit
790 1048 1008 1104 auditum,
1033 1066 1087 1094 an
1105 1049 1291 1111 experiri
1320 1049 1510 1104 voluisti,
1535 1061 1685 1096 utrum

307 1137 384 1179 ego
421 1119 567 1165 adhuc
599 1119 679 1165 ista
713 1118 957 1179 dijudicare
995 1119 1264 1164 meminerim
1285 1156 1295 1174 ‚
1324 1135 1424 1181 quae
1449 1119 1561 1165 forte
1593 1124 1684 1179 jam

306 1189 434 1235 obliti
454 1200 572 1245 sunt,
598 1190 675 1253 qui
702 1189 856 1235 talium
886 1188 1120 1252 aliquando
1145 1188 1326 1234 studiosi
1364 1200 1512 1252 postea
1540 1189 1685 1252 pluri-

304 1277 424 1306 mum
446 1261 489 1305 in
512 1260 813 1306 ecclesiasticis
831 1259 986 1305 litteris
1001 1259 1296 1322 profecerunt.

372 1331 423 1378 V.
454 1331 714 1377 Psalterium
741 1349 763 1377 a
788 1341 935 1376 sancto
958 1328 1227 1393 Hieronymo
1253 1329 1509 1375 translatum
1531 1346 1578 1375 ex
1605 1330 1690 1375 He·
1767 1382 1769 1403 1

302 1402 424 1447 braeo
450 1419 537 1447 non
562 1401 721 1448 habeo.
744 1402 831 1447 Nos
855 1411 999 1446 autem
1022 1417 1110 1445 non
1130 1400 1402 1463 interpretati
1424 1416 1589 1455 sumus,
1612 1400 1686 1446 sed
1762 1404 1769 1468 ζ

303 1472 509 1518 codicum
546 1472 782 1518 latinorum
825 1470 1056 1516 nonnullas
1099 1470 1406 1515 mendositates
1445 1486 1491 1514 ex
1533 1470 1685 1529 graecis
1764 1483 1769 1565 ἱ

1767 1655 1769 1682 1

1767 1683 1769 1711 4

302 1542 622 1606 exemplaribus
643 1541 983 1588 emendavimus.
1010 1541 1133 1586 L’nde
1153 1540 1344 1586 fortassis
1361 1540 1587 1586 fecerimus
1605 1539 1684 1585 ali-

299 1613 406 1676 quid
436 1613 714 1659 commodius
738 1629 869 1676 quam
897 1622 1006 1668 erat,
1044 1629 1133 1657 non
1159 1622 1302 1657 tamen
1344 1611 1426 1657 tale
1448 1609 1577 1674 quale
1595 1627 1683 1655 esse

297 1683 500 1729 debebat.
536 1685 647 1729 Nam
666 1684 796 1728 etiam
815 1699 951 1731 nunc.
971 1698 1073 1745 quae
1091 1681 1201 1727 forte
1227 1698 1303 1727 nos
1322 1693 1428 1727 tunc
1456 1681 1683 1744 praeterie-

296 1765 416 1809 runt,
435 1754 469 1799 si
510 1754 696 1815 legentes
725 1754 956 1809 moverint,
993 1753 1163 1799 collatis
1203 1753 1434 1798 codicibus
1472 1751 1681 1797 emenda-

297 1842 404 1871 mus.
436 1826 502 1871 Ita
526 1825 636 1872 illud
655 1825 775 1889 quod
794 1824 1036 1888 perfectum
1050 1835 1129 1880 est,
1158 1836 1303 1870 tecum
1330 1841 1406 1869 nos
1425 1839 1598 1887 quoque
1614 1839 1683 1869 re-

299 1912 531 1959 quirimus.
