1769 3235
343 294 436 351 3¹4
763 307 798 336 s.
842 302 1085 336 Auersrisi
1123 307 1326 339 Et’lscoPI

340 374 532 421 tentione
567 372 699 418 animi
740 372 981 435 mentisque
1010 372 1069 417 ire
1091 370 1313 436 festinat.]
1352 374 1464 430 Quae
1501 374 1634 421 verba
1670 392 1717 421 ex

341 442 539 507 Epistola
569 453 639 488 tua
660 441 931 502 recognoscis
949 478 959 497 ,
989 458 1088 487 cum
1113 442 1317 488 addidisti
1340 481 1349 498 ‚
1379 454 1420 488 et
1447 443 1540 489 aie-ti
1562 463 1571 489 :
1605 445 1619 506 [
1640 444 1717 490 Via

339 525 430 570 est,
472 515 682 577 inquam,
725 529 812 576 qua
849 513 1023 576 purgati
1059 513 1337 576 antiquorum
1380 531 1600 560 sacrorum
1635 515 1718 578 piis

336 585 571 649 praeceptis
584 621 594 639 ‚
624 583 1029 647 expiationibusque
1054 584 1315 646 purissimis,
1334 595 1375 629 et
1394 585 1613 631 abstemiis
1630 586 1716 631 ob-

338 655 654 701 servationibus
693 653 862 700 decocti
887 692 898 710 ,
937 656 1078 700 anima
1107 665 1148 699 et
1171 672 1353 717 corpore
1374 666 1616 702 constantes
1636 656 1716 702 de-

338 736 594 789 properant.
611 726 624 786 ]

403 798 464 843 11.
491 798 543 842 In
563 796 632 842 his
657 796 799 842 verbis
820 796 955 842 sentio
970 830 982 851 ,
1009 794 1052 841 ui
1075 794 1202 840 fallor
1219 829 1230 849 ,
1254 796 1391 842 videri
1403 797 1582 843 tibinon
1593 797 1715 844 suffi-

338 885 433 917 cere
456 867 511 914 ad
531 867 645 914 viam
657 867 845 930 quaitur
863 866 915 911 ad
931 868 1090 921 Deum,
1113 866 1175 911 uti
1192 867 1432 924 virbonus,
1447 868 1546 931 piis,
1566 868 1712 928 J'ustis,

333 939 484 1003 puris,
513 937 662 994 castis,
703 936 814 983 veris
845 935 972 982 dictis
1007 934 1218 1001 factisque
1252 948 1548 1001 promereatur
1581 937 1711 994 de05,

334 1026 522 1072 quorum
550 1008 766 1054 comitatu
791 1006 977 1054 vallatus
996 1007 1041 1052 in
1066 1007 1192 1052 illum
1217 1025 1436 1054 summum
1457 1010 1597 1056 Deum
1617 1026 1715 1055 om-

333 1081 456 1126 nium
479 1080 727 1125 Creatorem
751 1078 814 1125 ire
840 1077 1037 1135 festinet,
1071 1079 1154 1125 nisi
1180 1079 1310 1125 etiam
1337 1097 1562 1126 sacrorum
1595 1080 1713 1126 anti-

330 1167 518 1215 quorum
533 1150 617 1214 piis
629 1151 860 1214 praeceptis
873 1149 1280 1213 expiationibusque
1299 1162 1524 1214 purgetur.
1549 1151 1714 1208 Quam-

331 1221 480 1268 obrem
521 1221 650 1268 velim
703 1221 841 1267 scire.
889 1221 999 1285 quid
1048 1221 1267 1268 arbitretis
1322 1239 1408 1268 esse
1465 1240 1544 1286 per
1594 1239 1715 1270 sacra

327 1291 638 1360 purgandum
675 1291 721 1337 in
747 1309 797 1337 eo
824 1273 900 1356 qui
935 1292 1037 1357 pie,
1065 1296 1210 1352 Juste,
1238 1310 1379 1356 pure,
1417 1292 1714 1358 veraciterque

328 1363 515 1417 vivendo
541 1374 815 1428 promeretur
839 1362 964 1421 deos,
985 1374 1117 1427 etper
1129 1380 1202 1410 eos
1217 1380 1354 1410 unum
1378 1363 1505 1410 illum
1529 1363 1713 1413 deorum

328 1437 486 1482 Deum.
534 1433 580 1481 Si
623 1434 740 1481 enim
780 1432 928 1480 adhuc
965 1434 1095 1482 sacris
1132 1451 1246 1500 purg
1222 1433 1387 1481 candus
1431 1445 1522 1491 est,
1560 1435 1713 1499 utique

325 1504 518 1553 mundus
534 1521 622 1551 non
643 1514 733 1550 est:
759 1515 801 1550 et
819 1505 853 1550 si
883 1504 1074 1551 mundus
1096 1523 1184 1552 non
1204 1516 1288 1561 est,
1316 1505 1388 1570 pie
1403 1543 1414 1562 ‚
1433 1508 1548 1565 J'uste
1567 1542 1579 1563 ,
1600 1522 1713 1569 pure

324 1587 526 1642 casteque
544 1593 632 1622 non
656 1575 776 1623 vivit.
813 1575 860 1623 Si
889 1575 1003 1623 enim
1025 1580 1118 1637 jam
1140 1577 1200 1623 ita
1227 1577 1359 1634 vivit,
1388 1580 1483 1636 jam
1519 1575 1711 1622 mundus
1768 1577 1769 1584 ’

1768 1643 1769 1659 1

325 1659 399 1697 est.
420 1650 560 1695 Porro
576 1651 668 1708 jam
687 1647 903 1695 mundum
925 1659 1053 1713 atque
1074 1666 1236 1712 purum
1255 1686 1267 1706 ,
1290 1648 1399 1714 quid
1425 1664 1536 1712 opus
1555 1659 1618 1695 est
1635 1665 1709 1694 sa·-

324 1720 410 1766 cris
430 1719 645 1782 expiando
662 1718 869 1782 purgari?
891 1721 1043 1782 Itaque
1069 1720 1144 1765 hic
1169 1719 1308 1766 nodus
1324 1730 1385 1765 est
1396 1717 1705 1782 disputationis

322 1801 510 1845 nostrae,
545 1806 632 1852 quo
673 1789 816 1835 soluto
853 1790 1163 1853 consequentia
1186 1790 1432 1837 videbimus
1458 1808 1468 1834 ε
1496 1789 1708 1838 Vivat-ne
1768 1822 1769 1829 κ

321 1859 456 1912 homo
479 1860 614 1915 bene,
643 1870 692 1906 ut
722 1860 853 1907 sacris
876 1872 1088 1924 purgetur
1110 1879 1121 1906 ι
1149 1879 1201 1907 an
1233 1861 1365 1909 sacris
1390 1870 1602 1924 purgetur
1619 1896 1630 1916 ,
1659 1870 1708 1909 ut
1768 1857 1769 1931 J

321 1931 432 1978 bene
456 1930 576 1977 vivat
596 1948 606 1975 ε
634 1949 690 1977 an
708 1931 802 1997 ipse
825 1943 1209 1998 quantuscumque
1227 1933 1337 1979 bene
1360 1931 1537 1979 vivendi
1558 1931 1604 1978 in
1618 1931 1706 1979 ho·-
1768 1947 1769 1970 1

320 2003 437 2050 mine
458 2001 616 2049 modus
638 2002 836 2049 nondum
859 2004 913 2049 sit
943 2004 1125 2050 idoneus
1147 2004 1201 2050 ad
1223 2004 1400 2050 beatam
1425 2003 1556 2050 vitam
1574 2040 1585 2060 ‚
1605 2019 1706 2067 quae
1768 2050 1769 2054 ,

320 2089 369 2120 ex
387 2073 478 2118 Deo
504 2072 678 2136 capitur
696 2110 706 2128 ,
733 2074 816 2120 nisi
840 2074 1051 2120 accedant
1075 2074 1329 2134 adjumenta
1360 2091 1580 2122 sacrorum
1600 2091 1615 2119 ·.
1650 2091 1703 2120 an

317 2143 430 2190 bene
454 2143 631 2190 vivendi
652 2145 859 2208 quaedam
886 2145 1005 2192 velut
1033 2147 1175 2209 portio
1196 2146 1248 2191 sit
1266 2146 1395 2192 etiam
1415 2163 1534 2192 sacra
1557 2144 1704 2209 perci„

315 2230 444 2277 pere,
474 2213 639 2260 scilicet
661 2225 812 2261 utnon
830 2215 949 2262 aliud
976 2216 1157 2262 Sithone
1183 2217 1324 2262 vivere
1346 2254 1356 2271 ‚
1387 2216 1508 2262 aliud
1539 2225 1704 2264 sacrate

312 2285 486 2339 vivere,
525 2284 600 2330 sed
636 2285 748 2332 bene
794 2287 967 2333 vivendi
998 2288 1193 2334 terminis
1234 2289 1363 2333 etiam
1411 2298 1578 2336 sacrata
1611 2287 1701 2334 vita

315 2355 565 2402 claudatur.
586 2356 758 2403 Horum
785 2369 976 2421 quatuor
1000 2375 1100 2421 quae
1126 2359 1354 2422 proposui,
1382 2358 1504 2422 quod
1530 2357 1699 2422 potissi-

315 2442 437 2472 mum
459 2426 640 2489 probes,
669 2444 813 2491 quaeso
833 2439 874 2473 te
895 2428 1046 2475 litteris
1073 2430 1241 2492 aperire
1260 2447 1345 2475 non
1371 2431 1530 2493 pigeat.
1561 2428 1701 2477 Pluri-

312 2513 435 2545 mum
461 2496 629 2560 quippe
660 2497 837 2545 interest
869 2500 924 2547 ad
946 2500 992 2546 id
1024 2500 1147 2564 quod
1183 2501 1452 2564 suscepimus
1485 2500 1599 2547 inter
1624 2499 1699 2547 nes

308 2566 598 2631 colloquendo
638 2586 871 2632 peragere,
911 2588 963 2616 ne
997 2588 1097 2616 cum
1138 2571 1274 2617 multa
1310 2589 1396 2617 non
1430 2570 1692 2624 necessaria,

308 2646 515 2701 tanquam
541 2654 588 2682 ea
604 2640 781 2691 sentias.
806 2646 903 2704 qute
920 2640 1029 2687 forte
1047 2660 1130 2687 uon
1151 2643 1279 2688 sentis
1295 2680 1305 2693 ,
1330 2641 1519 2688 refellere
1541 2640 1695 2686 molior
