1769 3235
477 267 880 300 RETRACTATloNUM
915 271 1001 301 Lm.
1046 272 1076 301 1.
1364 255 1458 312 453

88 330 254 395 quippe
273 331 318 377 in
349 332 464 378 libro
482 333 627 396 primo
645 369 658 390 ,
685 334 911 380 malefacta
931 336 1100 395 justitia
1125 336 1202 381 Dei
1222 335 1452 384 vindicari.

89 403 144 447 Et
158 402 307 448 addidi
332 421 342 448 :
367 408 479 449 Non
500 406 624 449 enim
636 406 770 465 juste
782 407 1158 463 vindicarentur,
1179 410 1461 466 nisifierent

86 473 346 519 voluntate.
384 474 492 519 Item
533 491 632 519 cum
675 475 813 536 ipsam
857 476 1020 521 bonam
1057 477 1326 522 voluntatem
1372 489 1462 523 tam

68 560 292 603 >magnum
318 545 485 590 bonum
504 562 590 591 esse
611 555 917 602 monstrarem,
943 557 992 592 ut
1020 548 1226 593 omnibus
1241 549 1463 611 corporeis

87 625 128 659 et
149 615 328 660 externis
347 615 475 661 bonis
499 617 652 662 merito
674 627 1008 679 anteponeretur
1023 653 1034 675 ‚
1056 618 1142 663 dixi
1170 636 1180 663 ε
1207 620 1350 664 Vides
1375 623 1463 681 igi-

88 695 162 728 tur
164 687 275 746 jam
289 723 302 742 ‚
327 697 378 730 ut
398 690 643 743 existimo,
679 691 725 732 in
749 688 993 732 voluntate
1029 700 1195 733 nostra
1227 706 1329 734 esse
1354 707 1466 735 con—

85 759 293 801 stitutum
308 793 319 812 ‚
343 768 395 801 ut
411 758 501 802 lioc
531 758 611 802 vel
619 759 854 815 fruamur
877 758 959 803 vel
981 775 1231 804 careamus
1268 770 1397 805 tanto
1422 771 1469 804 et

89 837 185 870 tam
207 844 319 872 vero
345 827 467 872 bono
491 845 503 871 .-
545 829 664 890 quid
685 833 811 873 enim
836 839 932 873 tam
958 833 1007 874 in
1033 829 1295 887 voluntate,
1318 847 1466 892 quam

87 899 191 957 ipsa
210 897 431 942 voluntas
453 901 544 943 sita
564 909 633 943 est
651 900 674 943 9
695 899 752 943 Et
776 898 859 944 alio
877 898 975 944 loco
992 937 1003 956 ‚
1037 898 1168 958 Quid
1183 916 1293 961 ergo
1310 916 1466 945 caasce

87 977 184 1024 est,
229 967 408 1031 inquam
429 1006 440 1024 ‚
485 985 570 1012 cut·
607 967 918 1014 dubitandum
957 981 1214 1032 putemus,
1249 973 1392 1014 etiam
1427 974 1473 1014 si

87 1054 335 1101 nunquam
359 1050 469 1083 ante
500 1043 738 1101 sapientes
759 1041 946 1095 fuimus
963 1077 973 1095 ‚
1008 1040 1255 1084 voluntate
1277 1057 1366 1084 nos
1392 1050 1465 1084 ta-

87 1125 194 1153 men
221 1109 517 1154 laudabilem
534 1120 580 1154 et
602 1110 794 1154 beatam
815 1115 987 1165 vitam,
1014 1111 1263 1155 voluntate
1281 1121 1469 1173 turpem

88 1191 133 1224 et
168 1185 390 1225 miseram
430 1181 601 1225 mereri
633 1197 691 1224 ac
726 1179 893 1242 (legere
912 1183 935 1225 2³
966 1182 1076 1226 Item
1114 1180 1199 1226 alio
1221 1180 1318 1226 loco
1339 1217 1352 1235 ‚
1393 1185 1471 1227 Ex

88 1267 184 1313 quo
209 1253 483 1309 conficitur,
503 1250 684 1313 inquam
703 1287 714 1305 ‚
743 1261 796 1294 ut
811 1255 1028 1314 quisquis
1042 1262 1163 1296 recte
1182 1252 1472 1314 honesteque

87 1321 194 1365 vult
213 1326 387 1378 vivere,
421 1323 465 1366 si
483 1319 534 1364 iil
549 1337 599 1365 36
629 1319 740 1364 velle
751 1338 860 1383 prce
879 1321 1143 1384 fugacibus
1170 1321 1306 1366 rebus
1330 1321 1465 1374 velit,

86 1403 370 1454 assequatur
397 1402 580 1436 tantam
627 1408 728 1435 rem
773 1402 908 1436 tanta
938 1391 1189 1452 facilitate
1209 1428 1222 1447 ,
1266 1402 1319 1436 ut
1351 1392 1476 1436 nilul

87 1462 225 1508 aliud
240 1467 284 1507 ei
298 1499 310 1519 ,
341 1480 488 1526 quam
514 1463 666 1524 ipsum
685 1462 809 1507 velle
825 1498 836 1517 ,
862 1466 925 1506 sit
943 1462 1120 1507 lzabere
1143 1462 1276 1525 quod
1294 1462 1464 1507 voluit.

88 1533 284 1596 Itemque
303 1532 410 1578 alibi
433 1532 518 1577 dixi
539 1549 550 1577 z
578 1535 683 1576 Hoc
700 1536 826 1576 enim
849 1544 1028 1577 aeterna
1063 1533 1142 1577 lex
1166 1532 1278 1589 illa,
1299 1531 1367 1576 acl
1385 1549 1470 1577 cu—

72 1605 160 1664 jas
185 1604 606 1649 considerationem
641 1603 793 1648 redire
808 1602 921 1665 jam
947 1615 1133 1666 tempus
1167 1614 1259 1656 est,
1285 1607 1471 1648 incom-

86 1675 307 1720 mutabili
323 1675 582 1721 stabilitate
591 1675 821 1732 firmavit,
839 1685 893 1719 ut
912 1676 959 1719 in
971 1675 1222 1720 voluntate
1245 1677 1468 1718 meritum

86 1749 149 1790 sit
164 1781 175 1803 ,
212 1748 261 1790 in
286 1745 507 1790 beatitate
543 1755 703 1789 autem
743 1755 787 1789 et
821 1749 1012 1789 miseria
1040 1745 1300 1807 pmemium
1331 1755 1474 1806 atque

86 1817 377 1879 supplicium.
403 1816 461 1862 Et
481 1815 562 1861 alio
583 1814 682 1860 loco
702 1851 715 1871 ,
748 1816 883 1874 Quid
901 1850 911 1871 ‚
932 1815 1112 1878 inquam
1130 1851 1141 1871 ‚
1165 1819 1367 1877 quisque
1377 1831 1472 1859 366-

87 1887 287 1932 tandum
308 1899 353 1933 et
372 1886 760 1950 amplectendam
795 1886 965 1949 eligat,
1009 1889 1059 1930 in
1095 1885 1344 1930 voluntate
1376 1901 1473 1929 esse

75 1962 292 2021 positam
317 1959 535 2004 constitit.
573 1957 628 2002 Et
667 1956 711 2001 in
738 1956 929 2002 secundo
967 1956 1082 2002 libro
1102 1993 1113 2011 ‚
1158 1959 1316 2001 Homo
1341 1957 1469 2000 enim

87 2032 188 2091 ipse
206 2066 218 2085 ‚
246 2029 455 2093 inquam,
498 2033 545 2073 in
576 2038 807 2091 quantum
832 2029 975 2072 lzomo
1012 2037 1109 2083 est,
1153 2024 1356 2089 aliquod
1388 2025 1472 2079 bo-

86 2116 200 2144 num
219 2111 305 2156 est,
334 2105 451 2163 quia
472 2110 592 2144 recte
613 2103 756 2143 vivere
773 2134 784 2156 ,
818 2115 926 2143 cum
968 2098 1089 2152 vult,
1116 2108 1282 2160 potest.
1306 2097 1362 2141 Et
1386 2094 1472 2141 alio

82 2170 183 2216 loco
207 2170 294 2216 dixi
309 2207 320 2228 ,
344 2182 480 2229 recte
483 2173 597 2227 fieri
611 2187 708 2214 non
726 2187 867 2232 posse
889 2206 900 2224 ,
926 2173 1021 2214 nisi
1043 2168 1205 2213 eodem
1228 2167 1376 2212 libero
1397 2184 1470 2212 vo-

88 2242 284 2288 luntatis
319 2243 533 2288 arbitrio.
563 2242 619 2287 Et
655 2240 702 2286 in
724 2240 840 2286 libro
865 2240 992 2285 tertio
1012 2276 1024 2296 ‚
1071 2237 1202 2299 Quid
1225 2255 1345 2301 opus
1373 2249 1473 2296 est,

87 2313 267 2376 inquam
281 2351 293 2370 ‚
315 2318 464 2377 quaeri
487 2311 609 2358 uncle
639 2314 723 2357 iste
742 2322 893 2356 motus
912 2313 1104 2365 existat,
1136 2326 1228 2373 quo
1255 2309 1474 2354 voluntas

87 2388 310 2429 avertitur
321 2402 379 2430 ac
403 2383 778 2430 incommutabili
800 2382 926 2427 bono
947 2380 1015 2426 acl
1033 2380 1366 2426 commutabile
1387 2380 1472 2425 bo-

87 2472 203 2499 num
222 2475 241 2510 ,·
267 2472 376 2501 cum
400 2472 508 2500 eum
533 2471 631 2500 non
651 2455 746 2499 nisi
762 2454 935 2508 animi,
969 2463 1018 2498 et
1050 2452 1365 2497 voluntarium
1389 2487 1401 2507 ‚
1429 2461 1474 2496 ec

88 2525 146 2570 ob
170 2526 260 2570 lzoc
286 2526 570 2589 culpabilem
601 2542 699 2570 6336
709 2526 965 2583 fateamur
985 2541 996 2567 :
1027 2526 1276 2584 omnisque
1298 2521 1358 2566 de
1380 2521 1474 2565 liae

88 2612 138 2641 re
157 2596 408 2660 disol'plina
443 2595 569 2642 utilis
590 2595 657 2639 acl
684 2596 737 2649 ia'
771 2594 924 2638 valeat
940 2630 951 2650 ‚
979 2603 1028 2638 ut
1050 2609 1104 2638 eo
1129 2601 1261 2637 motu
1294 2595 1474 2654 impro-
