1769 3235
557 270 770 304 EPISTOLA
806 272 934 305 ccxx.
1348 258 1444 323 249

25 365 29 390 ‚
116 338 219 386 XII.
268 338 313 385 Si
344 336 462 384 enim
491 340 721 397 conjugem
756 355 843 383 non
884 338 1086 396 haberes,
1129 339 1318 387 dicerem
1361 341 1442 387 tibi

3 399 27 483 3
53 410 172 476 quod
198 420 241 455 et
266 408 469 455 Tubunis
489 407 690 463 diximus,
726 419 775 453 ut
809 409 855 453 in
892 411 1118 456 sanctitate
1155 412 1438 458 continentiae

23 486 26 523 Ι
57 481 218 527 viveres
246 497 256 525 :
279 479 501 533 adderem,
531 478 649 542 quod
672 489 777 524 tunc
810 479 902 524 fieri
928 480 1258 542 prohibuimus,
1281 492 1327 526 ut
1347 485 1439 541 jam

21 554 26 623 3
56 563 97 598 te
118 562 331 615 quantum
357 567 497 596 rerum
518 549 812 595 humanarum
846 549 963 595 salva
999 568 1107 613 pace
1132 552 1359 614 potuisses,
1381 552 1437 597 ab

0 636 24 686 ¹?
57 622 146 668 istis
165 623 294 667 rebus
321 621 490 666 bellicis
517 620 804 667 abstraheres.
831 629 872 664 et
905 620 940 665 ei
979 622 1084 666 vitae
1103 639 1277 667 vacares
1303 622 1346 667 in
1370 639 1442 667 so-

19 692 23 765 3
46 694 205 739 'cietate
221 702 488 745 sanctorum,
514 691 584 735 cui
605 701 710 735 tunc
724 706 878 735 vacare
895 690 1121 753 cupiebas,
1145 691 1222 736 ubi
1242 692 1286 736 in
1313 692 1440 737 silen-

18 774 22 825 ᾗ
52 763 111 810 tio
132 773 329 826 pugnant
345 761 501 806 milites
516 761 700 816 Christi,
722 777 810 805 non
835 771 882 805 ut
900 760 1108 806 occidant
1127 761 1344 813 homines,
1367 762 1439 807 scd

16 850 20 897 ς
52 843 100 880 ut
117 843 364 896 expugnent
383 831 603 894 principes
623 842 664 876 et
684 842 914 895 potestates
929 842 970 876 et
984 831 1195 894 spiritalia
1210 832 1434 895 nequitiae,

0 905 18 976 3
46 904 99 951 vid
118 914 198 961 est,
228 903 452 949 diabolum
477 913 518 948 et
539 902 710 962 angelos
731 906 835 962 ejus.
867 902 958 947 Hos
981 903 1093 948 enim
1120 902 1263 947 hostes
1298 903 1435 947 sancti

14 987 18 1058 3
52 975 251 1030 vincunt,
271 991 378 1037 quos
398 973 544 1019 videre
567 991 654 1019 non
671 985 876 1036 possunt3
901 984 941 1019 et
968 984 1111 1018 tamen
1130 990 1239 1036 quos
1266 990 1343 1017 nos
1369 973 1435 1018 vi-

12 1061 18 1112 3
48 1045 170 1100 dent,
191 1045 392 1100 vincunt,
414 1044 494 1090 ista
528 1044 744 1090 vincendo
766 1061 865 1108 quae
894 1045 1099 1091 sentiunt.
1132 1043 1216 1089 Sed
1243 1054 1290 1088 ut
1314 1055 1355 1089 te
1381 1044 1435 1089 ad

51 1115 175 1162 istam
201 1115 336 1160 vitam
354 1131 440 1159 non
467 1115 683 1168 exhorter,
708 1119 898 1174 conjunx
916 1115 1231 1178 impedimento
1251 1125 1326 1168 est,
1349 1114 1437 1160 sine

53 1190 175 1246 cujus
199 1185 478 1230 consensione
504 1185 775 1230 continenter
794 1186 876 1230 tibi
896 1203 984 1230 non
1006 1185 1107 1231 licet
1124 1186 1268 1231 vivere
1297 1203 1307 1230 :
1332 1186 1437 1249 quia

9 1254 14 1337 3
53 1257 193 1302 etsitu
211 1272 303 1301 eam
330 1265 429 1318 post
469 1255 543 1300 illa
569 1265 642 1300 tua
680 1255 814 1300 verba
844 1255 1128 1301 Tubunensia
1155 1255 1314 1301 ducere
1346 1273 1435 1301 non

0 1340 1 1346 ¹
53 1327 258 1379 debebas,
286 1326 360 1372 illa
380 1327 456 1372 tibi
481 1337 626 1372 tamen
657 1326 769 1372 nihil
793 1343 942 1373 eorum
968 1328 1104 1373 sciens
1124 1327 1379 1373 innocenter
1396 1338 1438 1373 et

6 1342 12 1499 3
53 1398 308 1461 simpliciter
347 1399 511 1462 nupsit.
550 1402 694 1463 Atque
730 1399 899 1444 utinam
940 1416 1085 1462 posses
1116 1399 1152 1444 ei
1176 1398 1436 1463 persuadere

6 1502 11 1533 ί
53 1469 385 1523 continentiam,
411 1480 454 1514 et
470 1470 560 1515 sine
580 1469 896 1534 impedimento
923 1469 1123 1516 redderes
1142 1472 1234 1516 Deo
1254 1470 1374 1534 quod
1396 1481 1437 1516 te

5 1537 9 1601 3
51 1539 207 1586 debere
225 1540 464 1599 cognoscis.
495 1540 580 1586 Sed
601 1541 634 1586 si
657 1557 759 1586 cum
779 1541 852 1586 illa
876 1558 997 1601 agere
1020 1558 1107 1586 non
1133 1551 1282 1604 potes;
1310 1558 1431 1587 serva

4 1605 9 1691 3
53 1611 200 1657 saltem
222 1611 480 1674 pudicitiam
513 1612 790 1672 conjugalem
823 1623 864 1658 et
900 1629 1004 1672 roga
1037 1613 1194 1668 Deum,
1223 1612 1298 1675 qui
1321 1623 1362 1658 te
1383 1612 1435 1658 de

54 1683 379 1729 necessitatibus
403 1694 523 1729 eruet
540 1695 589 1730 ut
609 1684 729 1747 quod
744 1702 829 1730 non
856 1695 980 1748 potes
1005 1684 1155 1739 modo,
1180 1686 1317 1746 possis
1354 1684 1436 1730 ali-

2 1693 8 1840 3
55 1753 246 1816 quando.
274 1753 585 1800 Verumtamen
609 1765 658 1800 ut
679 1756 822 1800 Deum
850 1755 1022 1815 diligas,
1040 1773 1128 1800 non
1143 1754 1295 1814 diligas
1313 1771 1439 1800 mun-

1 1844 6 1903 3
49 1824 176 1881 dum,
203 1834 250 1870 ut
265 1829 312 1872 in
334 1824 439 1888 ipsis
463 1824 607 1881 bellis,
628 1827 660 1870 si
681 1825 828 1871 adhuc
852 1826 897 1871 in
923 1827 981 1871 eis
1002 1836 1042 1871 te
1059 1825 1215 1871 versari
1230 1842 1340 1889 opus
1355 1835 1434 1881 est,

0 1908 5 1963 3
56 1895 186 1941 fidem
214 1905 374 1951 teneas,
400 1913 555 1959 pacem
580 1913 777 1959 quaeras3
820 1907 867 1942 ut
886 1914 932 1942 ex
957 1896 1110 1942 mundi
1136 1896 1262 1942 bonis
1307 1895 1439 1942 facias

0 1966 4 2026 3
55 1965 170 2011 bona
182 1983 331 2028 opera,
354 1977 397 2011 et
416 1977 602 2030 propter
620 1967 774 2013 mundi
790 1967 908 2013 bona
932 1985 1018 2012 non
1035 1966 1166 2012 facias
1179 1967 1433 2030 operamala

0 2029 3 2049 ι
46 2047 130 2083 'aut
158 2054 246 2083 non
270 2036 454 2100 impedit
473 2041 632 2097 conJ'ux
651 2075 660 2093 ,
707 2048 780 2083 aut
802 2037 1015 2102 impedire
1034 2055 1122 2083 non
1156 2037 1299 2085 debet.
1329 2038 1437 2085 Haec

0 2055 3 2154 l
57 2108 111 2154 ad
135 2119 176 2154 te
202 2107 283 2164 fili,
314 2107 375 2153 fili
400 2108 695 2166 dilectissime,
724 2120 772 2155 ut
805 2110 1058 2164 scriberem,
1084 2109 1433 2169 charitasjussit,

0 2160 1 2241 3
57 2195 142 2242 qua
157 2189 198 2224 te
225 2178 466 2225 secundum
481 2180 638 2232 Deum,
654 2198 743 2226 non
763 2180 924 2227 secund
934 2198 1006 2226 um
1032 2180 1119 2226 hoc
1138 2179 1345 2226 saeculum
1364 2180 1436 2225 di-

55 2249 271 2312 ligo,quia
285 2260 325 2295 et
343 2251 534 2311 cogitans
548 2251 667 2315 quod
690 2252 902 2315 scriptum
923 2261 983 2296 est
1001 2269 1011 2295 :
1036 2272 1055 2291 α
1073 2250 1254 2312 Corripe
1269 2251 1438 2314 sapien-

58 2339 80 2361 »
92 2329 192 2377 tem,
203 2330 245 2365 et
262 2320 428 2366 amabit
441 2330 481 2366 te
499 2341 510 2373 ;
524 2322 696 2385 corripe
709 2322 906 2377 stultum,
925 2331 965 2366 et
978 2321 1152 2381 adjiciet
1166 2319 1304 2365 odisse
1323 2319 1440 2375 te'13»

58 2407 144 2437 non
172 2400 211 2436 te
228 2391 380 2455 utique
402 2391 604 2449 stultum,
626 2391 700 2438 sed
725 2392 962 2456 sapientem
987 2390 1121 2437 debui
1145 2390 1352 2451 cogitare.

107 2486 117 2509 ¹
137 2485 231 2520 Prov.
246 2500 289 2529 rx,
306 2491 338 2522 8.
