1769 3235
341 265 432 319 534
761 285 793 313 S.
838 286 1082 316 Aeeesrmr
1119 285 1320 318 Erlscori

344 345 479 390 hahet
502 347 667 410 quippe
699 349 741 393 in
774 350 919 412 capite
946 351 1042 413 quis
1073 350 1128 396 ad
1150 369 1280 416 quem
1299 354 1491 408 scribat3
1514 356 1586 403 sed
1616 356 1713 404 ideo

340 415 452 461 inter
490 416 621 462 libros
660 431 970 466 annumeratur
1006 421 1091 467 hoc
1123 439 1263 485 opuS‚
1289 426 1498 488 quoniam
1533 440 1714 491 sequens

338 486 415 549 qui
447 488 623 533 nomina
649 501 792 535 nostra
817 509 903 537 non
933 492 1093 549 habet,
1125 493 1268 540 multo
1294 495 1420 558 plura
1451 508 1706 544 tractantur.
1750 531 1754 541 .

343 558 392 601 ln
416 557 560 620 primo
585 559 716 618 igitur
735 561 855 624 quod
885 561 938 607 de
972 580 1131 608 manna
1154 563 1272 620 dixi,
1311 568 1425 628 qaia
1461 572 1715 632 unicuique

340 629 592 673 seeundum
605 636 849 693 propriam
880 632 1159 677 volunlatem
1187 638 1234 678 ιή
1265 651 1343 679 ore
1362 636 1601 699 sapiebat,
1627 655 1712 683 non

342 698 452 744 mihi
469 700 661 745 occurrit
685 701 800 747 unde
822 702 958 765 possit
979 702 1186 765 probari,
1220 704 1299 750 nisi
1320 721 1367 750 ex
1396 705 1512 752 libro
1536 707 1715 771 Sapien-

344 769 414 815 tiae
435 807 445 825 ,
475 787 603 834 quem
636 770 780 817 Judaei
815 789 902 817 non
934 771 1153 834 recipiunt
1182 773 1228 819 in
1252 776 1555 823 auctoritatem
1587 795 1715 825 cano-

341 840 550 895 nicam13
594 840 714 905 quod
750 852 893 886 tamen
927 841 1132 888 fidelibus
1155 844 1301 907 potuit
1337 847 1568 909 provenire
1588 885 1598 904 ‚
1629 865 1717 895 non

339 909 425 956 illis
450 911 651 958 adversus
676 912 815 956 Deum
838 914 1252 971 murmuratoribus,
1286 917 1363 980 qui
1379 917 1580 981 profecto
1613 919 1718 966 alias

338 998 455 1026 escas
489 995 574 1027 non
596 981 917 1031 desiderarent.
959 983 992 1028 si
1024 983 1112 1030 hoc
1139 985 1198 1030 eis
1229 997 1398 1049 saperet
1413 1004 1572 1034 manna
1595 989 1716 1053 quod

341 1052 511 1099 vellent.
551 1054 647 1098 Hoc
673 1053 800 1116 Opus
839 1055 898 1099 sic
926 1054 1109 1118 incipit:
1138 1057 1225 1102 Ad
1249 1075 1303 1102 ea
1334 1076 1445 1122 φατε
1479 1076 1553 1105 me
1576 1064 1716 1105 ineer-

344 1128 533 1185 rogasti.

341 1290 375 1300 xz
384 1290 394 1299 s
406 1289 586 1300 nvn-§2222
595 1291 669 1302 ιιις
677 1292 689 1300 κ
699 1291 711 1300 s
720 1287 1715 1308 ussus*-xxxzssmu'mmmquffimev-hw

862 1407 1039 1449 CAPUT
1070 1407 1190 1450 XXI.

583 1529 641 1569 Do
676 1525 813 1582 Opere
849 1527 1194 1578 Monachoram‚
1225 1528 1333 1571 liber
1353 1543 1476 1572 umus.

408 1674 465 1717 Ut
503 1672 557 1716 (le
594 1677 743 1734 Opere
795 1671 1117 1715 llatzczcleorwn
1153 1670 1317 1717 librum
1351 1669 1617 1727 scriberem,
1645 1669 1719 1718 illa

342 1743 566 1789 necessitas
593 1740 833 1804 compulit,
868 1740 989 1804 quod
1014 1758 1114 1787 cum
1136 1741 1256 1804 apud
1279 1740 1588 1801 Carthaginem
1618 1759 1718 1788 mo-

342 1814 523 1860 nasteria
555 1831 641 1859 esse
675 1813 935 1875 coepissent,
975 1811 1046 1857 alii
1083 1829 1125 1858 se
1152 1813 1238 1858 suis
1276 1813 1477 1859 manibus
1514 1813 1719 1873 transige·
1767 1833 1769 1923 1

343 1886 451 1931 bant
469 1923 478 1940 ‚
509 1886 862 1947 obtemperantes
885 1882 1095 1946 Apostolo
1119 1900 1130 1927 :
1155 1882 1227 1929 alii
1252 1900 1353 1929 vero
1376 1883 1432 1929 ita
1463 1902 1511 1930 ex
1531 1883 1719 1930 oblatio·
1768 1939 1769 1953 χ

344 1958 473 2002 nibus
499 1957 796 2016 religiosorum
826 1955 967 2000 vivere
992 1953 1227 2010 volebant,
1256 1970 1303 1999 ut
1329 1954 1442 2000 nihil
1460 1965 1686 2019 operantes
1705 1991 1715 2008 ,

343 2027 457 2072 unde
481 2026 716 2072 necessaria
750 2025 819 2070 vel
844 2024 1056 2069 haberent
1089 2023 1153 2069 rel
1181 2023 1459 2087 supplerent,
1495 2042 1536 2070 se
1575 2025 1720 2088 potius

339 2098 520 2161 implere
545 2108 815 2161 praeceptum
842 2095 1140 2154 evangelicum
1166 2096 1457 2141 existimarent
1479 2100 1719 2160 atquejac-

343 2181 509 2226 tarent,
558 2169 631 2214 ubi
672 2168 884 2213 Dominus
918 2166 1005 2212 ait:
1040 2188 1058 2208 α
1081 2166 1301 2229 Respicite
1332 2167 1521 2213 volatilia
1546 2167 1648 2213 coeli
1679 2177 1720 2212 et

340 2240 459 2286 »titia
472 2241 560 2300 agri
576 2240 608 2286 2.
623 2262 640 2281 υ
663 2238 785 2284 Unde
802 2239 933 2283 etiam
954 2238 1066 2282 inter
1088 2236 1223 2283 laicos
1246 2236 1459 2283 inferioris
1484 2238 1714 2301 propositi,

338 2311 411 2358 sed
439 2323 580 2357 tamen
601 2310 746 2356 studio
772 2311 997 2363 ferventes,
1020 2309 1193 2354 existere
1205 2319 1431 2371 coeperant
1452 2309 1718 2354 tumultuosa

342 2382 577 2428 certamina
597 2419 606 2437 ‚
635 2381 798 2444 quibus
820 2379 1012 2425 Ecclesia
1039 2379 1293 2425 turbaretur
1310 2416 1322 2435 ‚
1356 2379 1450 2425 aliis
1474 2380 1558 2424 hoc
1579 2416 1591 2435 ‚
1626 2379 1719 2424 aliis

341 2453 459 2500 aliud
499 2451 847 2499 detendentibus.
892 2451 991 2497 Huc
1015 2449 1252 2497 accedebat
1278 2449 1396 2515 quod
1428 2450 1574 2496 criniti
1594 2460 1720 2495 crau-t

340 2525 517 2588 quidam
547 2541 715 2579 eorum,
741 2524 819 2588 qui
838 2522 1110 2588 operandum
1137 2540 1224 2569 non
1251 2521 1573 2568 essedicebant.
1595 2517 1718 2567 Unde

392 2631 482 2671 ¹Sap
516 2640 583 2663 xw,
609 2639 662 2659 μ»,
710 2646 713 2647 ⁷
746 2626 759 2647 ⁴2
782 2625 885 2657 Manli
921 2637 961 2661 vi,
984 2626 1036 2655 26,
