1769 3235
337 261 399 323 96
742 274 776 303 s.
820 271 1063 304 Auflcsrtm
1097 271 1300 304 muscort

340 348 489 393 erant,
519 337 741 383 voluntate
764 337 911 383 divina
928 337 1180 383 hominibus
1203 337 1466 384 suntlocuti.
1494 337 1616 384 Unde
1634 355 1704 383 sa-
1768 357 1769 378 1

343 410 394 454 tis
418 408 702 454 admiratione
727 409 904 471 plenum
931 419 992 454 est
1009 445 1020 464 ‚
1039 409 1070 453 si
1094 425 1141 453 ea
1162 413 1281 454 Deus
1301 425 1400 471 quae
1415 408 1599 472 praedici
1624 425 1706 455 vo-
1768 437 1769 473 j

339 480 449 535 luit,
480 479 533 524 ad
567 479 796 525 hominum
828 496 972 525 sensus
1006 479 1178 543 penitus
1211 496 1299 524 non
1334 496 1457 542 posse
1481 479 1706 543 pervenire

339 548 595 604 constituit,
630 548 869 594 secundum
905 549 991 594 hoc
1023 548 1265 611 capitulum
1287 585 1298 605 ,
1339 548 1458 612 quod
1492 549 1707 594 Dominus
1767 591 1769 595 .

338 619 476 666 beatis
500 618 717 681 Apostolis
735 618 906 664 locutus
925 629 1012 675 est,
1037 617 1183 664 dicens
1205 636 1216 663 z
1241 619 1416 664 «Nemo
1440 629 1581 683 potest
1600 635 1707 679 cog-
1766 615 1769 618 ⁴

339 711 361 732 »
385 705 560 734 noscere
579 699 772 752 tempora
788 725 798 744 ‚
816 706 915 751 quae
940 690 1069 734 Pater
1086 689 1233 751 posuit
1251 689 1296 734 in
1321 706 1395 734 sua
1416 688 1663 752 potestatel.
1686 709 1708 731 »
1766 697 1768 722 ἰ

340 759 537 805 Primum
558 758 660 821 quia
683 759 728 803 in
757 758 1064 821 antiquissimis
1082 758 1205 803 libris
1231 757 1519 804 Ecclesiarum
1540 775 1628 804 non
1648 757 1706 803 ita
1766 785 1767 789 =

337 829 547 893 scriptum
563 839 624 873 est
648 847 658 873 ε
686 849 705 870 α
729 829 866 874 Nemo
891 838 1064 891 potest,
1087 827 1196 873 »sed
1222 828 1432 890 scriptum
1453 838 1542 874 est:
1570 849 1589 870 <‹
1612 828 1710 873 Non

339 918 361 941 »
386 909 448 943 est
479 909 670 943 vestrum
697 914 818 942 nosse
851 908 1046 960 tempora
1072 896 1139 942 vel
1176 907 1419 953 momenta,
1449 914 1549 960 quae
1582 897 1710 942 Pater
1764 909 1767 913 '

340 990 360 1010 ›)
387 969 590 1031 posuitin
613 985 686 1013 sua
707 978 932 1031 potestate.
963 989 982 1009 ›>
1012 968 1124 1023 Quae
1152 966 1262 1011 ratio
1286 968 1492 1013 sermonis
1514 966 1709 1030 sequenti
1763 998 1765 1003 π

339 1038 472 1084 verbo
488 1048 600 1083 recte
620 1036 881 1100 completur,
908 1053 1008 1081 cum
1033 1035 1141 1081 dicit
1164 1053 1174 1080 ε
1199 1057 1218 1077 «
1236 1035 1319 1081 Sed
1334 1036 1449 1081 eritis
1464 1036 1573 1082 mihi
1587 1047 1712 1082 testes

341 1128 360 1148 ›>
384 1107 428 1152 in
453 1107 712 1162 Jerusalem,
741 1117 783 1151 et
807 1106 850 1151 in
875 1105 1025 1151 Judaea
1053 1116 1094 1151 et
1118 1106 1163 1151 in
1185 1107 1377 1151 Samaria
1393 1143 1404 1162 ‚
1432 1117 1472 1152 et
1498 1122 1631 1170 usque
1654 1105 1711 1152 ad

340 1199 360 1219 ))
386 1176 588 1223 ultimum
621 1187 760 1222 terrae.
788 1200 806 1218 »
832 1177 929 1221 Non
964 1194 1064 1236 ergo
1089 1175 1319 1239 Apostolos
1348 1187 1471 1222 testes
1501 1193 1711 1222 consum-

339 1248 539 1293 mationis
559 1247 738 1304 mundi,
761 1246 835 1293 sed
854 1247 1039 1292 nominis
1059 1257 1101 1292 et
1122 1247 1446 1292 resurrectionis
1468 1263 1557 1293 suae
1577 1246 1711 1294 voluit
1759 1263 1762 1301 j

338 1319 534 1379 intelligi.
560 1341 580 1361 >³

405 1394 486 1439 ΙΙΙ.
518 1414 537 1433 «
559 1393 669 1438 Nam
689 1391 743 1437 de
763 1392 1034 1455 temporibus
1061 1392 1370 1453 cognoscendis
1387 1392 1477 1456 ipse
1496 1393 1710 1440 Dominus
1758 1412 1769 1438 Ηῑ

340 1473 485 1509 monet
509 1480 519 1507 ε
548 1461 798 1518 «Quisnam
834 1472 895 1507 est
919 1462 1058 1508 fidelis
1086 1479 1232 1509 servus
1253 1473 1293 1508 et
1325 1462 1542 1526 prudens,
1578 1480 1710 1527 quem

340 1556 360 1576 »
387 1532 612 1580 constituit
640 1532 855 1578 Dominus
888 1549 1018 1595 super
1046 1532 1255 1578 familiam
1280 1549 1401 1578 suam
1420 1570 1431 1589 ‚
1460 1543 1508 1578 ut
1532 1532 1604 1579 det
1625 1531 1712 1578 illis

339 1627 359 1648 >2
388 1605 537 1650 cibum
568 1603 612 1648 in
644 1607 871 1666 tempore?
901 1607 1053 1649 Beatus
1085 1604 1156 1649 ille
1179 1621 1349 1660 servus,
1387 1620 1514 1666 quem
1538 1603 1712 1649 veniens
1762 1622 1769 1639 =

338 1698 360 1719 ))
387 1675 600 1721 Dominus
614 1678 706 1734 eJus
726 1675 935 1720 invenerit
948 1676 1007 1720 sic
1018 1675 1244 1721 facientem
1259 1675 1291 1722 2.
1312 1696 1332 1717 ›>
1352 1674 1528 1720 Familia
1545 1673 1712 1720 Christi

337 1746 472 1794 verbo
486 1743 810 1807 praedicationis
830 1746 1040 1807 pascitur.
1055 1756 1096 1790 et
1116 1744 1255 1790 fidelis
1271 1743 1544 1790 famulusinv
1547 1744 1707 1799 enitur,

337 1815 414 1878 qui
446 1814 491 1859 in
529 1824 722 1875 tempore
759 1815 1087 1876 expectantibus
1128 1814 1389 1870 Dominum,
1429 1812 1710 1859 necessariam

337 1901 476 1931 escam
517 1882 794 1928 credentibus
834 1894 1026 1946 praestat.
1058 1884 1199 1929 Malus
1230 1884 1343 1929 enim
1380 1900 1527 1930 servus
1550 1884 1610 1930 sic
1637 1899 1710 1928 re-

337 1952 661 2017 prehenditur:
690 1974 710 1994 «
733 1953 863 2008 Ouod
896 1954 928 1999 si
965 1954 1117 2000 dixerit
1153 1954 1292 2000 malus
1327 1971 1506 2000 servus.
1541 1958 1754 2000 Moram

339 2045 359 2065 »
382 2023 488 2069 facit
522 2023 734 2068 Dominus
769 2040 886 2069 meus
918 2024 1062 2070 venire
1086 2044 1097 2077 3
1124 2024 1267 2070 veniet
1303 2023 1518 2069 Dominus
1546 2027 1638 2084 ejus
1665 2023 1718 2077 in„
1750 2030 1769 2084 51]

338 2114 358 2136 ›>
382 2093 452 2139 die
475 2110 561 2156 qua
586 2093 741 2149 nescit,
764 2104 805 2137 et
827 2093 933 2139 hora
950 2110 1036 2157 qua
1056 2094 1274 2153 ignoratss,
1294 2115 1314 2135 ›>
1335 2103 1376 2138 et
1396 2093 1576 2156 reliqua.
1601 2094 1711 2138 Item

1750 2116 1752 2123 ’
1763 2110 1769 2139 1

1748 2150 1751 2160 Λ

336 2163 478 2223 arguit
498 2179 630 2225 quare
654 2173 823 2225 tempus
846 2180 934 2208 non
956 2174 1231 2223 agnoscatur,
1259 2162 1446 2208 dicendo
1469 2179 1480 2207 :
1509 2183 1530 2204 <c
1549 2163 1711 2226 Hypo·
1749 2171 1769 2222 «j

335 2255 357 2277 >2
383 2235 504 2279 critae
522 2270 533 2289 ‚
569 2232 720 2278 faciem
745 2233 845 2278 coeli
874 2235 1006 2279 nostis
1027 2234 1216 2297 probare
1237 2269 1246 2286 ‚
1277 2244 1447 2296 tempus
1471 2232 1558 2278 hoc
1577 2248 1711 2296 quare

337 2325 358 2347 »
382 2322 469 2349 non
509 2302 795 2362 agiioscitis'·2‘
817 2325 835 2344 ›>
876 2305 984 2349 Item
1024 2303 1258 2366 Apostolus
1293 2320 1304 2348 :
1340 2304 1432 2348 «In
1469 2302 1711 2348 novissimis
1748 2319 1749 2331 ¹

336 2374 534 2419 »diebus
570 2374 797 2418 instabunt
833 2384 1028 2437 tempora
1063 2374 1335 2437 periculosa5
1356 2410 1366 2427 ,
1388 2394 1408 2414 n
1443 2384 1485 2418 et
1519 2372 1699 2436 reliqua.

337 2446 444 2492 Item
479 2444 742 2507 Apostolus:
778 2447 882 2489 «De
918 2455 988 2489 tes
990 2445 1187 2509 iporibus
1221 2455 1368 2490 autem
1402 2454 1444 2490 et
1479 2443 1709 2490 momentis
1744 2452 1748 2467 ⁸

382 2539 1706 2582 ¹Acz..17-2L11cffx‚42.-=-0'11›;,d4.5--41bid.56-⁵21im.

334 2611 412 2640 11¹,
423 2598 609 2635 sttui-²<
599 2609 683 2631 <av
713 2609 740 2631 r,

1747 2232 1769 2298 il.

1745 2414 1748 2437 5
1761 2428 1764 2429 a

1744 2471 1748 2490 ς
