1769 3235
516 269 731 302 EPISTOLA
767 271 924 301 ccvni.
1328 255 1416 316 169

39 362 60 384 ›>
83 337 327 399 refrigescet
365 335 556 384 charitas
592 335 831 381 multorum
852 334 886 379 1.
921 356 941 377 »
963 334 1046 380 Sed
1061 336 1181 399 quod
1200 336 1413 401 sequitur,

37 429 114 459 nos
136 410 265 456 debet
289 408 501 455 consolari
528 418 569 452 et
599 407 844 460 exhortar53
890 426 909 447 (ι
933 407 1019 462 Qui
1056 407 1413 469 perseveraverit,

41 504 60 526 >)
77 480 238 544 inquit,
262 496 396 543 usque
420 479 463 524 in
491 478 639 534 finem,
664 476 739 522 hic
768 476 911 522 salvus
933 476 1014 521 erit
1038 477 1071 522 2.
1100 498 1119 519 η

101 552 184 597 ΙΙΙ.
211 550 335 595 Sicut
360 560 501 595 autem
525 558 625 593 sunt
642 557 832 610 pastores
850 547 956 592 boni
980 557 1022 592 et
1050 546 1169 602 mali,
1198 546 1258 592 sic
1278 546 1407 591 etiam

39 623 84 669 in
101 621 204 685 ipsis
228 620 430 679 gregibus
465 630 505 664 et
541 618 646 663 boni
670 628 711 662 et
735 616 852 666 mali.
899 617 1029 672 Boni,
1071 617 1219 662 ovium
1246 616 1421 661 nomine

41 692 364 753 significantur3
407 689 509 735 mali
531 706 655 741 vem,
693 687 819 733 hoedi
857 687 1165 751 appellantur:
1199 686 1271 732 sed
1295 703 1421 732 com-

41 762 161 810 mixti
186 762 350 824 pariter
367 771 571 825 pascunt,
595 759 736 805 donec
772 759 918 805 veniat
945 759 1152 823 princeps
1175 768 1419 821 pastorum,

42 833 118 899 qui
141 832 284 878 dictus
307 843 369 877 651
395 854 414 873 α
441 832 561 876 Unus
592 841 740 895 pastor
765 830 802 886 3,
823 852 842 872 ›>
863 840 905 875 et
927 828 1299 893 quemadmodum
1332 827 1425 889 ipse

43 903 259 968 promisit,
302 912 471 966 separet
510 901 621 947 sicut
658 912 807 964 pastor
839 917 939 946 oves
964 901 1019 945 ab
1054 899 1201 946 hoedis
1221 897 1258 945 ¹⁸.
1290 896 1428 942 Nobis

44 974 158 1021 enim
180 974 414 1037 imperavit
430 973 826 1033 congregationem,
854 972 938 1018 sibi
974 982 1117 1017 autem
1143 969 1331 1016 servavit
1359 984 1426 1013 seu

43 1045 310 1110 parationem
334 1063 344 1089 ε
372 1045 474 1108 quia
497 1043 568 1089 ille
593 1043 724 1089 debet
750 1060 965 1107 separare,
993 1043 1069 1106 qui
1099 1044 1234 1087 nescit
1260 1055 1416 1086 errare.

47 1116 158 1161 Nam
181 1115 257 1178 qui
279 1131 476 1176 separare
497 1124 594 1159 aute
612 1124 803 1175 tempuS,
829 1112 949 1176 quod
971 1113 1054 1158 sibi
1089 1112 1303 1158 Dominus
1338 1126 1431 1154 ser-

49 1186 167 1232 vavit
198 1222 207 1237 ‚
232 1184 410 1248 superbi
435 1184 452 1212 5
477 1182 586 1228 servi
608 1183 734 1229 facile
748 1183 835 1228 ausi
852 1193 970 1239 sunt,
988 1181 1236 1245 ipsipotius
1258 1180 1314 1225 ab
1328 1178 1431 1224 uni-

50 1267 135 1302 tate
174 1255 393 1301 catholica
420 1254 610 1317 separati
645 1263 759 1300 sunt.
808 1253 919 1299 Nam
952 1253 1186 1298 schismate
1210 1248 1433 1296 immundi

50 1326 264 1373 mundum
291 1342 459 1385 gregem
492 1324 608 1370 unde
632 1324 795 1370 habere
812 1326 1083 1387 potuerunt?

116 1397 189 1444 IV.
217 1398 276 1442 Ut
298 1413 397 1456 ergo
424 1396 469 1441 in
487 1395 653 1441 unitate
677 1412 946 1449 maneamus,
967 1411 1047 1440 nec
1066 1393 1216 1439 offensi
1244 1391 1434 1438 scanda-

51 1469 101 1515 lis
120 1468 347 1532 palearum
371 1485 512 1513 aream
533 1467 799 1513 dominicam
819 1467 1113 1513 desideramus
1138 1467 1175 1522 6,
1198 1464 1271 1511 sed
1292 1464 1438 1527 potius

54 1555 188 1602 usque
213 1539 258 1584 in
283 1540 411 1584 finem
451 1538 745 1584 ventilationis
776 1537 993 1584 frumenta
1029 1551 1367 1601 perseveremus,
1395 1544 1438 1580 et

54 1611 366 1657 communitam
403 1610 610 1674 stipulam
636 1611 762 1656 firmo
787 1610 1017 1655 charitatis
1049 1608 1242 1672 pondere
1277 1606 1436 1652 tolere-

57 1699 174 1736 mus;
200 1682 291 1745 ipse
305 1692 450 1744 pastor
472 1692 616 1727 noster
640 1681 683 1726 in
705 1680 940 1741 Evangelio
966 1680 1019 1726 de
1037 1679 1288 1744 pastoribus
1308 1676 1436 1722 bonis

57 1769 133 1798 nos
155 1752 377 1806 admonet,
405 1763 452 1797 ut
492 1763 675 1815 propter
701 1752 817 1796 bona
844 1768 974 1814 opera
1000 1768 1167 1805 eorum,
1191 1766 1272 1794 1166
1309 1748 1354 1793 111
1378 1747 1438 1792 615

59 1822 162 1887 ipsis
179 1832 370 1868 nostram
384 1840 505 1886 spem
521 1839 760 1886 ponamus3
782 1821 855 1867 sed
876 1839 993 1877 eum,
1021 1821 1095 1884 qui
1121 1820 1222 1865 tales
1250 1818 1346 1864 illos
1370 1816 1432 1863 fe-

61 1894 136 1950 cit,
157 1904 345 1956 patrem,
372 1897 450 1957 qui
472 1894 517 1939 in
547 1893 670 1940 coelis
689 1904 767 1947 est,
795 1893 1088 1953 glorificemus
1112 1903 1153 1937 et
1171 1890 1224 1936 de
1247 1888 1438 1953 pastori-

61 1964 144 2010 bus
162 1964 303 2018 malis.
324 1981 433 2027 quos
452 1966 627 2010 nomine
661 1963 917 2010 Scribarum
937 1974 979 2009 et
999 1963 1297 2008 Phrisaeorum
1311 1958 1441 2019 signi-

63 2035 193 2081 ficare
212 2035 367 2088 voluit,
390 2035 592 2082 docentes
612 2035 728 2080 bona
751 2046 792 2080 et
814 2034 1018 2080 facientes
1045 2033 1174 2079 mala.

129 2106 183 2151 V.
211 2107 322 2151 Nam
347 2105 400 2152 de
425 2107 553 2152 bonis
585 2106 834 2170 pastoribus
854 2106 913 2151 ita
939 2105 1136 2169 loquitur
1157 2121 1167 2148 ε
1191 2125 1210 2143 «
1231 2102 1317 2147 Vos
1343 2100 1444 2146 estis

68 2197 88 2218 ³>
112 2176 259 2222 lumen
283 2177 451 2224 mundi.
482 2177 579 2222 Non
602 2187 744 2241 potest
764 2176 914 2223 civitas
939 2174 1150 2221 abscondi
1168 2190 1298 2237 super
1316 2188 1447 2217 mona

71 2270 91 2291 2>
115 2258 197 2294 tem
224 2248 458 2294 constituta
478 2267 488 2300 ;
515 2265 654 2312 neque
677 2247 924 2295 accendunt
944 2247 1164 2293 lucernam
1180 2281 1191 2303 ,
1212 2256 1254 2291 61
1276 2253 1450 2308 ponunt

72 2340 92 2361 ›>
118 2337 211 2366 eam
243 2320 325 2365 sub
366 2319 514 2365 modio
533 2357 544 2377 ,
585 2320 658 2366 sed
695 2336 825 2383 super
850 2318 1165 2365 candelabrum
1184 2354 1194 2373 ,
1229 2326 1279 2362 ut
1308 2315 1453 2360 luceat

10 2418 11 2423 =
73 2411 93 2432 »
115 2391 344 2447 omnibuS‚
373 2391 449 2454 qui
473 2391 516 2436 111
537 2390 670 2437 domo
696 2401 810 2437 sunt.
837 2389 910 2436 Sic
930 2389 1074 2435 luceat
1090 2388 1239 2434 lumen
1257 2395 1450 2433 vestrum

10 2502 12 2532 3
75 2480 96 2503 »
119 2478 264 2507 coram
293 2461 549 2507 hominibus
568 2499 578 2518 ‚
606 2472 656 2508 ut
686 2460 864 2508 videant
895 2476 1028 2524 opera
1058 2469 1199 2505 vestra
1232 2457 1352 2502 bona
1370 2492 1381 2513 ,
1413 2464 1455 2500 et

122 2560 132 2580 ¹
153 2558 271 2590 Manh.
292 2569 382 2595 xxiv,
404 2570 442 2589 12
473 2576 517 2581 —-
533 2556 548 2580 2
568 2558 652 2591 Ibid.
671 2561 723 2591 13.
740 2555 814 2581 —3
830 2559 929 2591 Joan.
949 2567 981 2596 x,
1001 2557 1100 2587 16.-
1121 2552 1136 2578 ⁴
1152 2552 1271 2587 Matth.
1290 2563 1370 2594 xxv,
1398 2553 1454 2585 32.

78 2632 121 2640 —
135 2613 148 2637 5
168 2614 413 2647 Donatistae.—
426 2612 441 2636 6
460 2613 578 2648 Matth.
593 2623 645 2655 ¹¹¹,
664 2626 719 2648 12.
