1769 3235
332 317 425 364 260
741 331 776 360 s.
818 329 1063 360 AUGUsrim
1097 327 1300 360 EPISCOPI

334 398 478 444 derem
495 432 506 452 ‚
532 397 566 442 si
585 413 632 442 ea
649 411 749 457 quae
774 394 898 440 valde
921 396 1163 459 perniciosa
1189 410 1274 440 esse
1289 392 1508 452 intelligo,
1537 392 1592 438 ad
1610 409 1702 457 spe-

334 467 488 514 cialem
507 477 739 530 patronum
761 463 861 510 fidei
885 482 974 511 non
996 465 1211 511 referrem.
1231 485 1250 505 n

396 539 457 584 II.
496 558 517 579 «
536 536 666 582 Multi
699 552 800 595 ergo
833 551 1055 582 servorum
1082 535 1247 580 Christi
1274 534 1350 597 qui
1381 534 1427 579 in
1452 533 1703 581 Massiliensi

330 608 438 654 urbe
461 608 720 662 consistunt,
739 606 784 651 in
802 607 1041 652 sanctitatis
1058 616 1143 651 tuae
1167 605 1340 667 scriptis
1354 641 1365 660 ‚
1382 621 1482 667 quae
1503 604 1704 651 adversus

328 678 584 739 Pelagianos
610 677 838 723 haereticos
863 676 1122 733 condidisti,
1146 675 1413 721 contrarium
1436 684 1596 736 putant
1621 692 1704 738 pa-

333 761 446 795 trum
472 747 668 812 opinioni
696 758 737 792 et
759 747 1048 793 ecclesiastico
1075 745 1239 801 sensui,
1267 744 1487 808 quidquid
1506 745 1551 790 in
1570 744 1629 790 eis
1652 744 1704 790 de

328 820 557 866 vocatione
575 819 811 864 electorum
824 818 1061 863 secundum
1074 817 1154 863 Dei
1165 816 1439 879 propositum
1454 815 1699 878 disputasti.

329 892 386 936 Et
403 907 504 937 cum
530 887 789 952 aliquandiu
814 888 1060 934 tarditatem
1082 904 1204 932 suam
1235 886 1412 949 culpare
1436 885 1668 931 maluerint
1689 922 1701 943 ,

330 978 463 1025 quam
498 978 586 1007 non
618 959 836 1005 intellecta
869 957 1213 1022 reprehendere,
1252 957 1520 1019 quidamque
1556 972 1706 1003 eorum

326 1032 586 1078 lucidiorem
611 1046 741 1093 super
764 1029 851 1074 hoc
876 1040 1006 1092 atque
1031 1029 1292 1092 apertiorem
1317 1026 1603 1072 beatitudinis
1622 1036 1706 1072 tuae

328 1102 639 1166 expositionem
664 1099 884 1146 voluerint
907 1099 1151 1163 postulare3
1179 1098 1321 1144 evenit
1353 1114 1400 1143 ex
1427 1097 1707 1160 dispositione

331 1172 641 1219 misericordiae
668 1172 781 1226 Dei,
820 1181 868 1216 ut
903 1187 1000 1216 cum
1027 1169 1268 1233 quosdam'l
1294 1169 1407 1214 intra
1430 1167 1623 1214 Africam
1648 1168 1708 1213 si-

330 1246 450 1291 milia
474 1244 706 1290 movissent
722 1278 733 1298 ,
757 1241 922 1286 librum
943 1241 1000 1286 de
1029 1242 1331 1304 Col‘reptl'one
1353 1251 1397 1284 et
1418 1243 1601 1295 Gratia,
1616 1238 1707 1302 ple-

330 1334 435 1362 num
458 1316 619 1361 divinae
644 1313 912 1359 auctoritatis
935 1313 1161 1358 emitteres.
1195 1312 1294 1368 Quo
1317 1311 1362 1355 in
1390 1310 1589 1356 notitiam
1604 1327 1708 1355 nos-

328 1399 439 1434 tram
468 1388 686 1450 insperata
716 1384 1047 1447 opportunitate
1087 1383 1254 1440 delato,
1281 1382 1533 1445 putavimus
1561 1398 1707 1427 omnes

332 1458 525 1523 querelas
551 1455 842 1503 resistentium
863 1454 1092 1517 sopiendas
1111 1472 1120 1498 :
1143 1454 1244 1517 quia
1275 1453 1483 1498 universis
1506 1452 1707 1515 quaestio-

331 1530 487 1584 nibus,
516 1527 569 1573 de
605 1526 765 1589 quibus
802 1524 1066 1570 consulenda
1106 1534 1197 1568 erat
1231 1523 1435 1569 sanctitas
1471 1533 1576 1579 tua,
1618 1533 1707 1569 tam

331 1601 458 1665 plene
480 1599 569 1645 illic
595 1596 879 1659 absoluteque
899 1612 1154 1659 responsum
1177 1605 1264 1650 est,
1294 1593 1418 1657 quasi
1440 1593 1528 1639 hoc
1548 1594 1708 1657 specia-

334 1672 432 1718 liter
452 1669 688 1723 studueris,
711 1678 759 1713 ut
776 1684 875 1729 quae
894 1666 1012 1730 apud
1040 1683 1116 1712 nos
1142 1676 1263 1711 erant
1292 1665 1489 1720 turbata,
1521 1681 1706 1727 compo-

330 1759 467 1788 neres.
497 1740 728 1786 Recensito
748 1748 889 1783 autem
914 1738 998 1782 hoc
1021 1736 1306 1782 beatitudinis
1329 1747 1414 1781 tuae
1431 1735 1564 1791 libro,
1582 1735 1707 1794 sicut,

333 1814 409 1876 qui
429 1821 619 1858 sanctam
635 1819 761 1872 atque
773 1807 1057 1870 apostolicam
1071 1807 1284 1852 doctrinae
1303 1817 1388 1852 tuae
1407 1806 1707 1852 auctoritatem

334 1895 457 1929 antea
484 1882 777 1946 sequebantur
798 1917 808 1935 ,
836 1878 1191 1938 intelligentiores
1218 1878 1354 1923 multo
1388 1877 1707 1922 instructiores-

334 1971 418 2017 que
455 1965 555 1999 sunt
586 1951 714 2004 facti3
740 1951 799 1995 ita
823 1950 898 2013 qui
923 1950 1214 2012 persuasionis
1239 1965 1328 1994 suae
1356 1947 1708 2011 impediebantur

334 2027 550 2079 obscuro
579 2040 629 2068 ax
633 2023 808 2067 ersiores
825 2038 956 2084 quam
983 2020 1182 2066 fucrant
1207 2030 1484 2065 recesserunt.
1510 2019 1710 2075 Quorum

335 2107 422 2141 tam
447 2061 636 2157 abrupta
660 2092 723 2137 dis
709 2093 862 2136 sensio
897 2092 1088 2154 primum
1124 2103 1306 2154 propter
1337 2091 1403 2153 ips
1387 2107 1452 2135 os
1477 2087 1710 2134 metuenda

335 2178 426 2219 est,
461 2183 513 2211 ne
538 2175 623 2209 tam
649 2162 687 2208 cl
694 2162 774 2207 aris
798 2173 972 2224 tamque
997 2162 1175 2220 egregiis
1199 2163 1241 2205 in
1268 2161 1462 2205 omnium
1498 2159 1709 2205 xirtutum

335 2237 478 2284 studio
501 2234 602 2281 siris
624 2233 801 2296 spiritus
821 2231 895 2277 Pel
901 2232 1065 2291 agian-ce
1088 2231 1300 2293 impietati
1306 2249 1322 2275 5
1342 2230 1451 2276 illud
1457 2240 1529 2275 azt
1553 2228 1709 2275 deinde

338 2326 391 2354 ne
415 2306 702 2369 simpliciores
727 2304 914 2367 quique,
927 2269 1061 2365 0apud
1085 2319 1192 2364 quos
1217 2302 1373 2346 horum
1398 2318 1554 2361 magna
1580 2310 1642 2345 est
1657 2298 1709 2345 de

335 2379 486 2443 probit
491 2388 567 2422 m<
580 2374 949 2437 contemplatione
972 2391 1045 2419 rex
1048 2373 1228 2427 crentia
1242 2373 1326 2418 hoc
1345 2372 1608 2417 tutissimum
1627 2369 1709 2416 sibi

337 2450 576 2504 aestiment,
603 2445 723 2510 quod
744 2445 924 2490 audiant
950 2461 1045 2492 cos.
1069 2461 1256 2507 quorum
1284 2443 1588 2489 auctoritatem
1619 2441 1708 2486 sine

332 2521 501 2582 judicio
519 2528 780 2582 sequuntur,
805 2533 998 2562 asserere.
1025 2538 1044 2557 »

399 2592 482 2637 lll.
520 2612 540 2631 «
558 2590 667 2635 Haec
701 2589 814 2634 enim
845 2588 1040 2652 ipsorum
1075 2587 1270 2633 definitio
1298 2603 1346 2632 ac
1372 2584 1580 2649 professio
1606 2593 1704 2630 est:

378 2677 387 2698 ¹
405 2673 634 2707 Adrumetinos
655 2671 843 2705 monachos.
