1769 3235
491 304 699 336 Epis'rom
735 303 977 336 chxxvnt.
1383 306 1412 350 9

41 386 286 440 »operatur
308 375 353 420 in
387 373 511 419 vobis
541 381 581 416 et
598 371 706 416 velle
739 381 780 415 et
813 370 980 433 operari
1002 386 1082 432 pro
1105 370 1222 416 bona
1247 370 1410 417 volun-

41 467 62 488 »
83 447 216 500 tate'¹‚
242 468 262 487 »
292 461 380 490 non
406 444 517 489 sicut
545 441 614 487 isti
647 442 834 487 sentiunt
858 440 1162 485 tantummodo
1188 441 1412 487 scientiam

40 515 269 562 revelando
288 551 297 569 ‚
339 524 386 558 ut
426 512 672 558 noverimus
711 511 818 574 quid
859 509 1000 555 facere
1039 509 1298 567 debeamus,
1339 510 1413 556 sed

40 586 168 632 etiam
198 584 453 648 inspirando
474 582 732 628 charitatem
753 619 764 638 ,
787 593 834 627 ut
859 598 906 627 ea
924 597 1025 646 quie
1048 580 1255 627 discendo
1284 582 1414 628 novi-

39 673 162 712 mus,
188 657 316 701 etiam
338 652 557 712 diligendo
582 652 804 699 faciamus,

105 726 229 772 VIII.
260 726 371 770 Nam
396 724 546 787 utique.
566 733 743 768 noverat
768 722 840 768 ille
862 739 993 785 quam
1015 738 1221 782 magnum
1247 723 1416 768 bonum

41 807 146 843 esset
163 794 430 842 continentia
443 794 518 856 qui
534 793 708 839 dicebat
730 811 740 838 ε
769 813 789 834 ι(
809 794 976 838 Etcum
995 793 1148 839 scirem
1168 793 1272 857 quia
1288 809 1415 839 nemo

43 888 64 909 »
78 876 221 930 potest
242 881 328 910 esse
350 865 594 917 continens,
613 864 694 909 nisi
722 868 839 909 Deus
857 863 977 910 det‘·'.
1006 888 1025 905 >s
1049 865 1147 909 Non
1162 864 1300 910 solum
1319 879 1418 922 ergo

42 936 206 982 sciebat
230 943 444 998 quantum
466 944 573 979 esset
592 934 678 979 hoc
694 934 878 989 bonum,
909 943 950 978 et
973 950 1105 996 quam
1126 932 1422 980 desiderabili-

43 1017 108 1052 ter
130 1016 235 1051 esset
271 1004 697 1067 concupiscendum,
723 1005 1003 1051 verumetiam
1033 1004 1152 1067 quod
1178 1004 1260 1049 nisi
1294 1003 1425 1049 dante

44 1077 136 1123 Deo
160 1093 245 1121 esse
264 1092 350 1120 non
369 1085 512 1137 posset
542 1092 552 1119 ε
573 1074 780 1120 docuerat
799 1075 912 1120 enim
938 1091 1036 1120 eum
1057 1074 1283 1137 sapientia.
1307 1074 1421 1119 Nam

44 1146 133 1192 hoc
155 1145 264 1190 dicit
285 1162 295 1189 ε
317 1165 336 1185 «
354 1148 411 1189 Et
428 1144 515 1189 hoc
535 1144 677 1206 ipsum
689 1155 778 1189 erat
792 1144 1032 1207 sapientiae,
1056 1144 1163 1190 scire
1178 1147 1302 1203 cujus
1318 1151 1425 1188 esset

47 1216 175 1261 »hoc
200 1214 383 1261 donum.
410 1235 430 1255 »
455 1213 546 1259 Nec
571 1223 714 1258 tamen
743 1214 780 1258 ei
804 1213 982 1258 scientia
1013 1214 1210 1265 suffecit3
1237 1212 1310 1258 sed
1327 1212 1386 1257 ait
1410 1228 1423 1255 t

47 1308 67 1329 >J
97 1285 197 1332 Adii
215 1284 472 1339 Dominum,
500 1294 542 1328 et
562 1283 819 1345 deprecatus
842 1299 937 1328 sum
971 1281 1094 1327 illum
1115 1282 1148 1329 3.
1179 1303 1200 1323 »
1225 1281 1428 1341 Nonigi-

48 1368 118 1403 tur
138 1353 442 1401 tantummodo
480 1353 524 1398 in
553 1353 640 1399 hoc
679 1370 756 1399 nos
801 1353 980 1414 adjuvat
998 1355 1132 1408 Deus,
1160 1363 1209 1397 ut
1239 1351 1427 1397 sciamus

47 1424 155 1488 quid
182 1423 396 1484 agendum
421 1423 492 1479 sit,
516 1424 797 1469 verumetiam
813 1434 861 1469 ut
878 1422 1066 1469 amando
1089 1438 1284 1482 agamus,
1306 1420 1428 1484 quod

49 1494 255 1541 discendo
263 1498 355 1554 jam
375 1494 551 1540 scimus.
580 1495 718 1539 Nemo
741 1494 889 1557 itaque
916 1503 1164 1557 potestesse
1184 1509 1274 1538 non
1287 1491 1428 1537 solum

50 1565 204 1620 sciens,
233 1564 516 1610 verumetiam
547 1565 790 1621 continens,
823 1564 903 1609 nisi
925 1565 1040 1609 Deus
1061 1562 1148 1610 det.
1182 1561 1309 1608 Unde
1328 1578 1428 1607 cum

45 1638 136 1695 jam
160 1635 231 1680 ille
247 1635 430 1680 haberet
449 1635 689 1690 scientiam,
718 1635 983 1698 precabatur
1002 1645 1048 1680 ut
1066 1634 1247 1679 haberet
1270 1643 1311 1678 et
1327 1648 1430 1677 con-

52 1706 299 1761 tinentiam,
327 1716 375 1751 ut
402 1717 508 1751 esset
531 1706 659 1751 etiam
686 1706 730 1751 in
767 1706 861 1762 illo,
897 1705 1016 1769 quod
1037 1702 1318 1767 sciebatquia
1341 1718 1430 1747 non

53 1787 159 1822 esset
171 1792 219 1821 ex
242 1775 316 1821 illo
341 1786 443 1821 :aut
461 1776 493 1821 si
512 1787 695 1839 propter
711 1775 897 1822 liberum
924 1776 1172 1830 arbitrium,
1200 1772 1431 1836 proprium

56 1846 325 1910 aliquantum
345 1857 385 1892 et
400 1863 447 1892 ex
469 1846 562 1903 illo,
596 1864 685 1891 non
712 1857 857 1891 tamen
879 1846 961 1891 nisi
979 1863 1025 1891 ex
1043 1845 1118 1891 illo
1137 1865 1148 1899 ;
1169 1844 1270 1906 quia
1301 1858 1430 1888 nemo

55 1927 200 1980 potest
215 1934 300 1963 esse
314 1917 558 1972 continens,
574 1916 655 1961 nisi
671 1917 786 1961 Deus
805 1916 890 1961 det.
913 1916 996 1961 Iste
1020 1925 1162 1960 autem
1185 1913 1239 1958 de
1257 1911 1436 1975 spirita-

54 1987 172 2033 libus
190 1987 370 2043 divitiis,
393 1987 439 2032 in
458 1987 620 2050 quibus
645 1996 706 2031 est
727 1986 876 2049 utique
897 1986 1027 2031 etiam
1041 1986 1132 2048 ipsa
1153 1984 1366 2030 luminosa
1391 1990 1433 2027 et

57 2058 248 2122 speciosa
269 2058 553 2112 continentia,
579 2074 667 2102 non
691 2057 774 2102 ait:
799 2057 849 2102 In
872 2067 912 2102 te
928 2067 968 2102 et
985 2074 1033 2101 ex
1055 2067 1094 2101 te
1107 2072 1192 2101 esse
1214 2063 1398 2117 possunt
1420 2072 1432 2106 ;

59 2128 130 2175 sed
157 2128 216 2174 ait
249 2146 259 2173 ι
286 2149 306 2170 α
329 2128 421 2173 Nisi
445 2146 491 2173 ex
512 2138 552 2173 te
572 2139 614 2174 et
632 2128 677 2174 in
698 2138 831 2174 teesse
847 2146 936 2174 non
951 2137 1159 2191 possunt:
1182 2148 1202 2168 »
1219 2136 1266 2171 ut
1283 2140 1436 2187 quem-

61 2198 300 2245 admodum
320 2215 407 2243 non
427 2198 464 2243 ei
485 2209 584 2243 sunt
600 2197 704 2243 alibi
723 2198 801 2243 nisi
819 2198 863 2243 in
886 2198 978 2255 illa,
1003 2199 1063 2243 sic
1093 2197 1130 2242 ei
1143 2213 1233 2241 non
1256 2192 1433 2240 aliunde

61 2268 141 2314 nisi
166 2286 211 2314 ex
226 2268 299 2314 illa
313 2285 398 2313 esse
428 2286 551 2331 posse
572 2268 822 2323 credantur,
843 2279 883 2314 et
907 2269 964 2313 ob
983 2269 1070 2314 hoc
1097 2264 1237 2330 (quod
1257 2263 1437 2309 misera--

65 2351 132 2385 tor
146 2339 358 2385 Dominus
371 2356 393 2384 a
412 2338 542 2384 corde
561 2342 652 2398 eJ‘us
667 2339 854 2400 avertat)
879 2339 938 2384 sic
959 2338 1184 2399 glorietur,
1207 2334 1331 2398 quasi
1345 2349 1435 2378 non

65 2410 303 2472 acceperit.

129 2482 208 2527 IX.
240 2481 298 2525 Et
318 2496 395 2524 nos
434 2479 612 2542 quidem
646 2479 698 2524 de
738 2490 898 2525 sanctae
930 2478 1109 2538 virginis
1135 2474 1368 2539 disciplina
1399 2482 1441 2518 et

66 2551 312 2597 humilitate
348 2549 608 2607 christiana,
639 2550 683 2594 in
703 2566 788 2612 qua
809 2551 972 2595 nutrita
990 2559 1030 2595 et
1048 2547 1226 2595 educata
1250 2555 1329 2600 est,
1353 2543 1445 2589 hoc

117 2634 126 2655 ¹
151 2631 326 2676 Philip.11‚
352 2633 405 2664 13.
425 2651 465 2656 —
480 2631 494 2653 ²
508 2636 746 2676 Sap.x·1u,21.
761 2651 804 2655 —
820 2631 934 2667 31bid,
