1769 3235
430 265 832 299 RETRACTATIONUM
869 269 956 299 Lm.
1001 270 1029 300 1.
1315 255 1405 319 477

39 333 150 380 illud
176 331 399 397 praecipue
430 330 760 390 intelligendum
786 344 846 378 est
864 370 874 389 ‚
903 334 1022 397 quod
1049 334 1159 393 justa
1191 335 1411 381 damnatio

42 415 270 451 consecuta
294 414 383 449 est:
413 402 543 448 «Hoc
569 403 683 447 enim
704 421 780 466 per
812 421 946 450 unum
973 406 1193 451 hominem
1220 408 1417 453 introivit

42 475 128 520 »in
161 473 419 520 mundumst.
450 494 469 514 »
515 472 778 536 Quanquam
819 485 860 519 et
897 475 982 520 hoc
1019 487 1278 538 peccatum,
1329 495 1416 541 quo

43 545 308 590 consentitur
343 542 515 606 peccati
540 543 936 605 concupiscentiae,
972 562 1058 590 non
1089 547 1168 591 nisi
1199 547 1418 594 voluntate

44 614 345 660 committitur.
373 614 559 676 Propter
584 612 668 658 hoc
689 623 731 658 et
752 613 836 658 alio
860 613 958 660 loco
993 615 1077 660 dixi
1097 653 1108 672 ‚
1151 622 1256 663 Nou
1282 623 1424 680 igitur

44 689 135 730 ηι“’3ι
152 686 400 730 voluntate
415 694 652 748 peccatur.

110 755 192 800 ΙΙΙ.
226 756 423 817 Itemque
447 753 530 799 alio
554 753 687 799 loco
677 770 817 817 lpsam
841 754 1107 801 voluntatem
1133 756 1327 814 delinivi,
1350 759 1420 804 di·-

46 843 177 880 cens,
212 826 442 871 Voluntas
472 836 540 870 est
565 843 712 869 amma
745 837 903 871 motus
923 839 1150 888 ‚cogenle
1174 830 1431 883 nallo,‹1(l

47 897 235 960 alc'qcczcl
256 897 336 942 vel
349 914 443 941 non.
465 897 777 941 ιιιηιίῐεηζίαηῑ
799 897 881 942 vel
898 899 1080 960 czcll'snsc
1076 898 1269 945 endum.
1293 901 1424 956 Ouod

48 979 279 1030 propterea
312 965 481 1012 dictum
507 978 598 1021 est,
630 977 678 1011 ut
716 966 799 1011 hac
832 967 1085 1013 definitione
1122 968 1268 1014 volens
1298 989 1320 1015 a
1345 988 1427 1016 no-

49 1039 162 1084 lente
189 1037 526 1093 discerneretur,
554 1048 595 1082 et
615 1038 675 1082 sic
694 1037 748 1083 ad
767 1037 863 1083 illos
882 1038 1113 1084 referretur
1136 1039 1333 1098 intentio,
1352 1043 1428 1105 qui

49 1108 184 1172 primi
217 1108 260 1152 in
288 1108 490 1170 paradiso
521 1107 698 1153 fuerunt
732 1108 929 1154 humano
955 1110 1098 1168 generi
1132 1111 1252 1170 origo
1290 1113 1390 1158 mali
1411 1151 1423 1169 ‚

50 1178 172 1224 nullo
190 1189 371 1238 cogente
387 1216 397 1234 ,
426 1178 669 1242 peccand0‚
693 1179 780 1224 hoc
806 1190 866 1224 est
882 1216 893 1234 ,
915 1179 1051 1225 libera
1077 1181 1300 1228 voluntate
1325 1201 1426 1247 pec-

48 1249 188 1295 cando
208 1249 336 1312 :quia
350 1260 391 1295 et
405 1249 584 1294 scientes
601 1259 752 1294 contra
769 1259 1042 1312 praeceptum
1056 1250 1267 1308 fecerunt,
1285 1263 1327 1298 et
1350 1255 1422 1300 ille

53 1330 242 1366 tentator
251 1320 381 1365 suasit
393 1331 441 1366 ut
454 1320 540 1366 hoc
555 1321 691 1376 fieret,
707 1337 794 1365 non
804 1322 964 1381 co'egit.
981 1322 1092 1366 Nam
1105 1333 1146 1367 et
1157 1323 1230 1385 qui
1241 1325 1433 1370 nesciens

14 1435 16 1437 ,
54 1391 271 1455 peccavit,
294 1391 731 1450 nonincongruenter
749 1390 898 1436 nolens
918 1408 1117 1453 peccasse
1135 1393 1222 1437 dici
1251 1405 1393 1456 potest
1418 1413 1428 1439 ε

55 1461 254 1524 quamvis
265 1461 406 1524 etipse
419 1461 538 1524 quod
561 1461 751 1507 nesciens
762 1459 1045 1515 fecit‚volens
1068 1472 1209 1508 tamen
1224 1462 1323 1509 fecit
1345 1484 1355 1520 ;
1374 1465 1430 1511 ita

56 1548 134 1577 nec
149 1530 282 1594 ipsius
292 1547 377 1576 esse
392 1531 536 1594 potuit
554 1531 643 1576 sine
656 1530 879 1577 voluntate
892 1541 1138 1593 peccatum.
1151 1533 1263 1589 Quae
1277 1535 1436 1580 volun—

58 1613 120 1647 tas
142 1600 291 1664 utique
306 1639 316 1656 ,
345 1601 456 1646 sicut
477 1601 656 1646 definita
672 1611 760 1656 est,
782 1601 914 1646 animi
929 1612 1071 1647 motus
1098 1602 1198 1657 fuit,
1222 1605 1342 1651 nullo
1358 1624 1436 1652 co-

58 1682 180 1733 gente
199 1710 209 1728 ‚
238 1671 292 1717 acl
313 1671 477 1735 aliquid
498 1671 566 1717 vel
586 1688 673 1717 non
690 1671 976 1716 amittendum
994 1672 1060 1717 vel
1081 1673 1427 1736 adipiscendum.

60 1743 188 1800 Quod
216 1743 331 1788 enim
371 1744 404 1788 si
440 1742 672 1799 noluisset,
714 1759 801 1787 non
827 1743 1022 1800 fecisset,
1059 1760 1148 1789 non
1176 1757 1351 1792 coactus
1373 1759 1435 1793 est

59 1815 211 1861 facere.
249 1814 364 1871 Quia
396 1814 552 1870 voluit,
576 1831 676 1874 ergo
697 1814 799 1859 fecit
818 1850 827 1868 ‚
851 1815 980 1859 etiam
1005 1815 1037 1859 si
1063 1832 1150 1860 non
1172 1817 1273 1878 quia
1299 1819 1434 1865 voluit

60 1886 277 1951 peccavit,
306 1885 496 1930 nesciens
512 1894 742 1948 peccatum
763 1901 848 1930 esse
869 1884 988 1947 quod
1006 1885 1108 1930 fecit
1132 1906 1140 1931 :
1168 1886 1227 1932 ita
1252 1905 1330 1933 nec
1354 1890 1437 1935 tale

62 1968 292 2021 peccatum
310 1956 398 2001 sine
426 1956 648 2001 voluntate
671 1972 757 2000 esse
778 1957 922 2018 potuit
941 1992 951 2010 ‚
981 1955 1053 2001 sed
1071 1956 1293 2003 voluntate
1312 1960 1434 2016 facti,

63 2045 150 2073 non
182 2026 404 2071 voluntate
431 2026 599 2089 peccati
634 2043 644 2070 :
686 2025 803 2088 quod
844 2036 983 2070 tamen
1017 2025 1180 2071 factum
1209 2041 1438 2090 peccatum

62 2097 176 2150 fuit;
205 2097 290 2142 hoc
315 2096 430 2142 enim
450 2096 612 2142 factum
631 2106 693 2140 est
714 2132 725 2150 ‚
752 2095 871 2158 quod
893 2096 986 2140 fieri
1006 2113 1092 2141 non
1118 2096 1286 2145 debuit.
1311 2101 1438 2158 Quis-

66 2169 163 2232 quis
182 2178 325 2213 autem
350 2167 485 2213 sciens
506 2177 682 2230 peccat,
704 2166 737 2211 si
770 2177 912 2230 potest
934 2168 1103 2227 cogenti
1130 2167 1183 2213 ad
1207 2183 1437 2231 peccatum

67 2242 156 2286 sine
191 2248 372 2301 peccato
400 2238 616 2292 resistere,
650 2253 729 2282 nec
769 2248 911 2282 tamen
952 2237 1080 2293 facit,
1118 2240 1265 2302 utique
1297 2243 1441 2291 volens

69 2320 223 2375 peccat
250 2327 259 2353 :
288 2309 495 2372 quoniam
530 2309 606 2387 qui
631 2318 773 2371 potest
803 2309 1019 2362 resistere,
1056 2325 1143 2354 non
1168 2312 1338 2370 cogitur
1367 2333 1442 2361 ce·—

70 2383 184 2428 dere
207 2381 295 2437 Qui
314 2397 415 2426 vero
429 2380 597 2441 cogenti
622 2380 805 2443 cupidit
799 2381 855 2425 iti
875 2380 992 2426 bona
1011 2380 1233 2427 voluntate
1252 2385 1442 2434 resistere

72 2470 159 2499 non
183 2461 346 2515 potest,
373 2461 416 2496 et
444 2451 542 2496 ideo
570 2449 674 2496 facit
697 2462 848 2497 contra
871 2461 1093 2514 praecepta
1117 2452 1329 2511 justitiae,
1354 2460 1445 2516 jam

72 2524 159 2573 hoc
182 2524 240 2568 ita
266 2532 496 2585 peccatum
519 2532 609 2579 est,
642 2531 691 2569 ut
715 2523 770 2569 sit
798 2523 927 2569 etiam
954 2538 1087 2586 poena
1111 2525 1295 2586 peccati.
1324 2527 1446 2586 Qua-

124 2607 249 2637 ¹R0m.
271 2616 304 2647 v,
330 2615 382 2637 12
