1769 3235
484 322 695 354 EPISTOLA
732 322 959 354 CLXXXVIII
1384 313 1412 359 5

45 391 245 436 hortatur
263 388 499 437 reverentia
521 399 658 435 vestra
674 425 684 444 ‚
713 405 766 434 ne
800 405 922 434 aures
952 388 1200 450 indulgeam
1223 392 1292 439 his
1324 393 1411 439 ho-

44 460 234 506 minibus
252 497 263 516 ,
285 459 360 523 qui
379 459 524 522 pravis
550 457 803 504 tractatibus
825 459 1120 506 venerandam
1145 461 1276 507 fidem
1297 479 1412 526 saepe

43 543 361 597 corrumpunt,
387 533 542 591 gratias
567 532 718 576 uberes
745 548 823 592 ago
847 542 933 577 tam
955 532 1042 594 piae
1068 532 1366 581 admonitioni.
1393 556 1415 577 2>

107 603 189 649 111.
224 601 356 659 Quod
383 602 527 665 itaque
555 601 753 661 adjungis
776 612 818 646 et
832 601 941 647 dicis
965 619 975 646 ε
998 623 1019 644 c<
1043 602 1126 648 Sed
1146 604 1319 650 noverit
1342 621 1414 651 sa-

41 672 281 719 cerdotium
300 682 488 719 vestrum
505 709 514 727 ,
543 672 667 731 longe
699 688 765 716 me
789 688 837 717 ac
862 671 1172 719 domunculam
1197 691 1336 720 meam
1356 676 1412 720 ab

39 743 295 803 hujusmodi
329 743 524 807 personis
559 760 644 788 esse
682 742 908 791 discretam
947 761 957 788 ε
993 744 1218 808 omnisque
1250 745 1416 792 familia

39 825 183 860 nostra
203 815 310 860 adeo
336 813 599 860 catholicam
622 814 817 877 sequitur
835 814 984 871 fidem,
1008 826 1055 860 ut
1075 815 1118 860 in
1139 815 1303 860 nullam
1330 816 1422 862 hae·

39 885 164 930 resim
190 884 428 948 aliquando
456 883 721 937 deviaverit,
752 900 831 929 nec
859 901 1053 947 unquam
1074 884 1195 947 lapsa
1222 885 1304 930 sit:
1326 902 1416 932 non

37 953 136 1000 dico
156 954 202 1000 in
225 971 293 1000 eas
312 965 444 1000 sectas
465 990 474 1008 ,
503 970 602 1016 quae
620 953 688 999 vix
709 954 952 1017 expiantur,
972 954 1044 999 sed
1067 971 1147 1000 nec
1167 955 1211 1000 in
1233 972 1301 1001 eas
1313 972 1416 1019 quae

35 1040 194 1086 parvos
222 1024 387 1070 habere
417 1022 621 1070 videntur
663 1041 827 1068 errores
855 1042 866 1069 ε
893 1045 912 1065 ›>
936 1024 1023 1069 hoc
1060 1035 1147 1080 est,
1181 1025 1301 1088 quod
1335 1042 1413 1072 nos

35 1093 170 1153 magis
194 1094 414 1156 magisque
440 1093 666 1155 compellit
706 1111 793 1138 non
826 1105 967 1140 tacere
991 1094 1111 1157 apud
1136 1111 1212 1139 vos
1248 1094 1302 1140 de
1337 1095 1411 1152 iis,

34 1164 111 1227 qui
135 1163 263 1209 etiam
291 1162 365 1209 illa
384 1180 485 1227 quae
511 1179 611 1208 sana
635 1174 761 1218 sunt,
790 1164 942 1209 vitiare
957 1175 1188 1211 conantur.
1219 1166 1411 1210 Domum

30 1233 145 1279 enim
158 1244 460 1290 vestram‚non
479 1250 661 1297 parvam
683 1233 848 1279 Christi
873 1234 1099 1279 ecclesiam
1124 1234 1400 1297 deputamus,

34 1305 124 1350 Nec
155 1321 254 1350 sane
286 1321 446 1368 parvus
469 1315 531 1350 est
552 1321 671 1349 error
694 1303 869 1349 illorum
886 1341 896 1360 ,
924 1305 1000 1368 qui
1030 1315 1188 1367 putant
1209 1322 1255 1350 ex
1282 1304 1410 1350 nobis

30 1374 134 1438 ipsis
153 1392 229 1421 nos
246 1375 410 1421 habere
426 1412 436 1431 ‚
459 1376 490 1420 si
513 1374 619 1438 quid
635 1375 841 1434 justitiae,
867 1375 1148 1421 continentiae,
1167 1413 1177 1431 ‚
1201 1376 1376 1438 pietatis
1396 1413 1409 1434 ,

31 1444 238 1490 castitatis
266 1445 311 1490 in
343 1444 470 1490 nobis
488 1455 572 1498 est,
594 1460 643 1489 eo
666 1443 787 1508 quod
806 1444 865 1490 ita
888 1462 965 1490 nos
990 1444 1236 1491 condiderit
1261 1447 1376 1491 Deus
1393 1482 1406 1502 ,

31 1524 80 1560 ut
103 1515 215 1560 ultra
230 1552 241 1572 ,
263 1526 425 1578 praeter
449 1514 569 1578 quod
594 1514 722 1560 nobis
744 1515 906 1561 revelat
931 1514 1178 1572 scientiam,
1198 1515 1312 1561 nihil
1331 1532 1410 1562 nos

30 1583 230 1645 adjuvet,
253 1595 300 1630 ut
332 1603 380 1631 ea
415 1602 513 1649 quae
546 1584 743 1630 facienda
776 1585 983 1631 discendo
1013 1587 1243 1642 novimus,
1278 1587 1409 1632 etiam

29 1655 251 1715 diligendo
292 1656 522 1711 faciamus,
555 1666 756 1702 naturam
797 1656 961 1703 scilicet
1000 1667 1127 1720 atque
1163 1657 1409 1704 doctrinam

28 1724 279 1772 definientes
299 1726 604 1772 tantummodo
631 1743 716 1772 esse
732 1727 912 1786 gratiam
932 1728 1012 1773 Dei
1033 1739 1075 1773 et
1101 1728 1369 1787 adjutorium
1389 1765 1402 1785 ,

27 1806 77 1842 ut
110 1808 227 1842 recte
253 1800 452 1861 justeque
485 1797 696 1844 vivamus.
731 1797 798 1842 Ad
836 1797 1087 1843 habendam
1117 1814 1218 1844 vero
1242 1798 1406 1844 bonam

25 1865 293 1912 voluntatem
311 1904 322 1922 ‚
349 1867 426 1912 ubi
450 1878 511 1913 est
530 1867 617 1912 hoc
637 1867 781 1928 ipsum
804 1867 924 1930 quod
957 1872 1072 1926 Juste
1106 1867 1319 1923 vivimus,
1359 1878 1403 1914 et

24 1936 118 1999 ipsa
140 1936 331 1982 charitas
355 1953 455 1999 quae
478 1936 523 1981 in
549 1936 754 1981 omnibus
782 1937 861 1981 Dei
886 1936 1012 1981 donis
1036 1937 1094 1981 ita
1126 1936 1324 1993 excellit,
1352 1948 1402 1983 ut

25 2006 154 2051 etiam
186 2007 301 2051 Deus
326 2005 444 2051 dicta
460 2005 561 2059 sit'1‚
586 2021 673 2067 qua
706 2022 793 2050 una
829 2005 1096 2069 adimpletur
1124 2007 1168 2052 in
1193 2006 1342 2063 nobis,
1369 2008 1404 2053 si

25 2075 132 2137 quid
154 2075 313 2122 divinae
336 2075 439 2134 legis
459 2085 499 2120 et
523 2075 830 2120 admonitionis
852 2075 1085 2138 implemus
1102 2112 1114 2131 ‚
1143 2075 1297 2121 nolunt
1323 2093 1401 2122 nos

22 2144 234 2191 divinitus
256 2145 477 2205 adjuvari,
500 2145 573 2190 sed
594 2162 670 2191 nos
693 2145 808 2208 ipsos
829 2146 983 2192 dicunt
1009 2146 1191 2191 arbitrio
1216 2147 1398 2210 proprio

22 2216 148 2262 nobis
173 2216 227 2262 ad
250 2217 329 2261 ista
354 2215 560 2262 sufficere.
588 2217 683 2262 Non
699 2217 823 2263 vohis
842 2217 1040 2263 videatur
1064 2234 1183 2262 error
1206 2217 1283 2262 iste
1305 2234 1397 2263 me-

23 2284 206 2341 diocris,
245 2286 442 2349 profiteri
466 2303 507 2330 sc
533 2285 637 2331 velle
668 2287 941 2332 Christianos
959 2324 969 2343 ‚
1006 2304 1085 2333 nec
1109 2287 1217 2333 velle
1246 2287 1397 2332 audire

25 2355 282 2418 Apostolum
313 2355 504 2410 Christi,
529 2355 604 2418 qni
630 2372 731 2401 cum
763 2356 1019 2402 dixississet:
1044 2378 1063 2397 «
1088 2357 1290 2403 Charitas
1314 2358 1395 2403 Dei

25 2446 45 2467 »
68 2425 223 2471 diffusa
244 2436 306 2471 est
324 2426 368 2471 in
391 2425 599 2471 cordibus
622 2427 806 2472 nostris2
826 2447 837 2480 ς
861 2450 880 2468 ›>
905 2445 957 2472 ne
981 2427 1210 2490 quisquam
1237 2444 1328 2473 eam
1356 2444 1399 2473 se

22 2495 184 2541 habere
196 2496 367 2541 nonnisi
381 2513 459 2559 per
472 2496 700 2559 proprium
717 2507 891 2560 putaret
907 2497 1137 2543 arbitrium
1153 2532 1163 2553 ‚
1184 2498 1394 2542 continuo

25 2565 246 2626 subjunxit
283 2584 293 2611 ε
329 2587 348 2607 (ε
367 2567 449 2611 Per
473 2566 688 2629 Spiritum
720 2578 943 2625 sanctum,
971 2568 1047 2631 qui
1066 2567 1193 2614 datus
1226 2578 1288 2613 est
1313 2584 1396 2613 no-

71 2648 81 2669 ¹
101 2659 114 2677 1
137 2650 232 2679 Joan.
254 2646 597 2687 1v‚8⁴-²Romvv‚
619 2663 629 2678 j
