1769 3235
511 307 725 338 EPISTOLA
760 308 940 339 CCXXlX.
1326 315 1408 361 291

2 390 8 414 r
45 380 194 417 sancto
219 371 472 433 Evangelio,
503 383 546 418 et
568 389 645 417 nos
683 383 725 418 et
764 382 810 418 tu
834 373 925 436 ipse
947 375 1139 438 propitio
1169 380 1280 434 Deo,
1321 389 1417 425 tan—

45 457 176 504 quam
203 441 248 487 in
276 443 454 505 speculo
477 442 722 488 laetissimus
757 443 954 505 inspicis,
981 445 1058 490 ubi
1081 448 1292 510 scriptum
1318 460 1417 496 esta

46 512 223 558 veritate
242 511 411 559 dicente
434 530 444 558 :
468 512 625 558 «Beati
649 513 826 576 pacifici
845 514 1053 576 quoniam
1075 516 1154 562 filii
1181 518 1260 564 Dei
1293 536 1418 566 voca-

0 598 23 642 ‘w
47 601 69 623 »
86 580 255 627 buntur
272 581 304 630 4.
329 605 349 625 »

21 645 24 651 ⁵
111 653 169 699 ΙΙ.
206 653 351 713 Magni
373 653 550 717 quidem
571 664 687 709 sunt,
715 663 756 699 et
783 653 949 699 habent
973 654 1151 713 gloriam
1172 674 1309 715 suam,
1330 677 1419 706 non

47 721 186 768 solum
204 722 442 780 fortissimi,
472 724 545 770 sed
576 725 722 781 etiam,
746 724 866 789 quod
889 725 1066 771 verioris
1085 743 1215 786 genus
1237 740 1297 774 est
1323 730 1421 777 lau-

47 792 130 849 diS,
155 794 392 840 fidelissimi
412 795 660 852 bellatores,
689 812 877 859 quorum
901 795 1128 841 laboribus
1155 808 1282 860 atque
1301 800 1421 862 peri-

48 863 174 920 culis,
194 865 272 910 Dei
289 865 557 928 protegentis
579 876 706 929 atque
725 865 980 929 opitulantis
1005 866 1179 923 auxilio,
1197 867 1333 914 hostis
1360 870 1422 915 in-

47 933 238 981 domitus
259 936 467 992 vincitur,
492 937 667 1000 etquies
689 935 946 1000 reipublicae
960 936 1217 1000 pacatisque
1239 939 1423 1001 provin-

47 1004 124 1050 ciis
135 1017 430 1069 comparatur.
464 1005 550 1052 Sed
576 1006 750 1066 majoris
768 1017 830 1052 est
854 1006 1021 1066 glorias,
1037 1006 1130 1070 ipsa
1149 1007 1264 1054 bella
1290 1011 1424 1057 verbo

48 1075 261 1132 oacidere,
288 1093 421 1140 quam
451 1077 651 1123 homines
669 1077 810 1131 ferro3
838 1087 878 1122 et
899 1077 1118 1140 acquirere
1142 1078 1209 1125 vel
1232 1080 1428 1128 obtinere

46 1162 218 1210 pacem,
241 1164 351 1210 pace
379 1165 467 1193 non
495 1147 626 1194 bello.
661 1147 773 1193 Nam
797 1159 838 1194 et
857 1148 905 1193 hi
925 1149 1000 1212 qui
1026 1161 1241 1211 pugnant,
1266 1152 1300 1196 si
1321 1152 1428 1198 honi

48 1226 166 1274 sunt,
211 1217 367 1282 procul
398 1218 535 1265 dubio
574 1234 747 1281 pacem,
775 1217 849 1264 sed
893 1229 1037 1264 tamen
1067 1237 1145 1282 per
1175 1222 1429 1281 sanguinem

45 1299 264 1352 quaerunt.
292 1289 360 1335 Tu
385 1299 527 1335 autem
552 1305 605 1334 ne
638 1292 898 1352 cujusquam
936 1290 1108 1348 sanguis
1135 1303 1423 1353 quaereretur,

48 1373 91 1405 es
109 1360 275 1406 missus.
306 1361 378 1406 Est
397 1361 545 1424 itaque
563 1359 656 1405 aliis
680 1359 751 1405 illa
774 1359 1017 1414 necessitas,
1041 1360 1123 1405 tibi
1141 1361 1219 1406 ista
1232 1361 1425 1412 felicitas.

49 1430 238 1476 Proinde
261 1431 447 1476 Domine
470 1430 623 1476 merito
639 1429 818 1475 illustris
838 1440 880 1475 et
901 1430 1341 1490 magnificentissime,
1369 1446 1433 1480 at-

46 1518 132 1565 que
146 1501 192 1547 in
207 1502 383 1548 Christo
411 1502 662 1547 charissime
683 1501 763 1555 fili,
791 1501 932 1561 gaude
959 1502 1040 1546 isto
1060 1510 1133 1547 tuo
1166 1513 1254 1548 tam
1276 1522 1433 1565 magno

48 1580 91 1616 et
113 1588 211 1617 vere
243 1572 381 1628 bono,
421 1582 462 1617 et
482 1571 624 1618 fruere
662 1572 706 1618 in
731 1573 824 1618 Deo
850 1571 965 1617 unde
990 1573 1230 1635 sumpsisti,
1265 1586 1313 1620 ut
1334 1573 1428 1622 talis

48 1657 172 1698 esses,
200 1652 242 1687 et
268 1642 370 1688 talia
396 1641 581 1703 gerenda
601 1642 856 1705 susciperes.
895 1642 1135 1687 Confirmet
1155 1643 1287 1699 Deus,
1312 1645 1433 1709 quod

48 1730 126 1776 per
148 1724 189 1759 te
206 1725 410 1777 operatus
432 1724 492 1760 est
515 1714 656 1761 nobis.
688 1714 851 1777 Accipe
875 1713 994 1759 hanc
1006 1713 1306 1761 salutationem
1327 1734 1432 1763 nos-

51 1792 183 1839 tram,
202 1795 244 1830 et
258 1796 376 1830 tuam
392 1784 570 1845 dignare
583 1784 832 1847 rependere.
849 1784 972 1830 Sicut
988 1784 1096 1830 mihi
1113 1786 1286 1850 scripsit
1299 1785 1433 1834 frater

49 1850 266 1911 Novatus,
306 1854 418 1914 egit,
462 1865 510 1900 ut
534 1872 600 1899 me
623 1853 870 1900 excellentia
903 1864 944 1899 et
972 1854 1158 1900 eruditio
1183 1867 1280 1911 tua,
1302 1858 1429 1904 etiam

42 1925 94 1970 ‘in
115 1926 218 1972 meis
241 1926 465 1989 opusculis
488 1936 642 1972 nosset.
679 1926 723 1970 si
748 1943 848 1985 ergo
872 1925 1012 1986 legisti
1053 1943 1153 1990 quae
1177 1927 1319 1985 dedit,
1352 1947 1429 1989 ego

0 2015 1 2027 ¹
49 2010 224 2060 quoque
257 1997 430 2042 innotui
463 1996 743 2042 interioribus
776 1997 860 2041 tuis
880 1996 1090 2041 sensibus.
1118 1995 1214 2042 Non
1242 1998 1429 2045 multum

0 2079 1 2097 ³
49 2064 308 2130 displicent,
335 2078 551 2132 quantum
576 2067 769 2113 existimo
788 2104 798 2123 ,
824 2067 856 2112 si
882 2067 1162 2130 propensiore
1185 2067 1424 2128 charitate,

49 2152 183 2201 quam
210 2140 431 2185 severitate
463 2138 616 2199 legisti.
658 2139 755 2184 Non
789 2148 850 2183 est
878 2138 1095 2191 multum3
1132 2138 1205 2184 sed
1237 2139 1426 2186 multum

50 2219 218 2269 gratum
238 2246 249 2266 ,
279 2209 311 2255 si
338 2227 417 2273 pro
436 2209 589 2255 litteris
612 2209 789 2265 nostris,
821 2219 862 2254 et
886 2208 954 2254 his
983 2219 1026 2254 et
1048 2208 1131 2254 illis
1148 2246 1159 2265 ,
1183 2226 1314 2255 unam
1340 2228 1425 2257 no-

50 2280 120 2325 bis
151 2279 379 2343 epistolam
416 2280 584 2326 reddas.
626 2279 777 2326 Saluto
811 2289 853 2325 et
899 2279 1093 2342 pignus2
1128 2280 1276 2343 pacis,
1303 2280 1424 2345 quod

50 2346 240 2397 Domino
266 2351 354 2396 Deo
378 2361 524 2396 nostro
555 2350 788 2411 adjuvante
815 2349 999 2396 feliciter
1025 2350 1256 2415 accepisti,
1281 2368 1329 2399 ea
1352 2351 1422 2399 di-

50 2420 258 2479 lectione,
279 2437 368 2486 qua
389 2420 542 2468 debeo.

101 2525 112 2548 ¹
134 2521 252 2560 Matth.
275 2535 306 2569 v,
322 2536 355 2567 9.
370 2542 414 2550 -
426 2522 442 2546 2
460 2523 685 2556 Verimodum.

1233 2726 1303 2777 19.
