1769 3235
333 268 425 315 336
740 281 773 309 s.
820 277 1062 308 Aceusnm
1098 277 1299 309 Emscorl

340 347 428 393 sive
472 355 636 390 tantum
663 343 715 390 de
752 345 908 400 Patre,
937 342 1025 388 sive
1061 354 1228 389 tantum
1256 343 1309 389 de
1340 343 1467 397 Filio,
1502 344 1588 390 sive
1608 356 1703 390 tan·

332 427 424 462 tum
449 415 501 461 de
529 415 696 478 Spiritu
726 425 900 467 saneto,
929 414 1016 459 sive
1040 414 1167 459 simul
1205 414 1258 459 de
1284 415 1411 458 Patre
1444 424 1487 458 et
1529 414 1636 460 Filio
1662 426 1704 460 et

335 488 500 551 Spiritu
521 497 669 533 sancto
688 487 1015 545 interrogemur.
1037 492 1162 530 (leste
1186 486 1395 548 scriptum
1418 496 1511 530 cst:
1554 509 1569 525 «
1592 485 1704 532 Audi

338 579 359 601 »
386 558 548 614 lsrael,
581 557 795 602 Dominus
821 559 937 601 Deus
958 567 1056 601 tuus
1078 557 1292 600 Dominus
1328 567 1389 600 est
1412 554 1440 600 4.
1481 578 1501 597 »
1527 556 1588 600 De
1615 572 1704 618 quo

332 629 502 675 dictum
539 631 696 692 putas?
726 628 770 673 Si
815 638 982 673 tantum
1009 626 1062 671 de
1086 629 1225 682 Patro,
1272 643 1358 671 non
1396 637 1456 670 est
1493 627 1705 671 Dominus

332 700 448 746 Deus
483 710 627 745 noster
661 702 780 743 Jesus
795 697 1009 743 Christus.
1040 698 1091 741 Et
1119 696 1191 740 ubi
1218 707 1378 741 estvox
1402 696 1474 741 illa
1497 697 1705 756 tangentis

331 781 373 816 et
397 770 651 816 clamantis:
677 791 695 810 α
727 768 935 814 Dominus
966 783 1085 811 meus
1116 776 1157 810 et
1179 767 1292 811 Deus
1312 784 1429 812 meus
1450 767 1493 822 23
1526 789 1546 809 >a
1573 784 1703 830 quam

331 842 532 887 Christus
561 842 650 903 ipse
668 856 754 884 non
779 836 1077 901 reprehendit,
1108 835 1180 881 sed
1206 836 1489 899 approbavit,
1515 837 1662 882 dicens
1684 853 1695 881 :

332 933 353 954 κ
387 913 502 968 Quia
532 910 677 956 vidisti
699 926 795 964 me,
824 907 1076 953 credidisti?
1106 910 1283 952 »Porro
1310 907 1343 951 si
1371 918 1412 953 et
1441 907 1572 952 Filius
1609 909 1703 952 Do-

331 983 476 1030 minus
502 982 614 1026 Deus
635 990 712 1035 est,
753 990 794 1024 et
830 979 958 1023 Pater
988 978 1201 1023 Dominus
1241 978 1352 1022 Deus
1385 987 1464 1032 est,
1511 988 1551 1023 et
1577 977 1705 1023 ambo

331 1056 422 1112 jam
446 1050 705 1096 duodomini
734 1059 775 1094 et
793 1047 880 1093 duo
907 1047 985 1099 dii,
1012 1048 1235 1111 quomodo
1257 1048 1337 1093 erit
1361 1064 1508 1093 verum
1536 1065 1546 1093 ε
1570 1070 1589 1089 α
1608 1052 1704 1093 Do-

332 1145 353 1166 »
378 1122 519 1167 minus
544 1123 652 1166 Deus
674 1132 791 1174 tuus,
819 1119 1028 1164 Dominus
1054 1135 1164 1164 unus
1184 1121 1275 1164 est?
1305 1139 1324 1161 »
1349 1121 1412 1164 An
1437 1118 1546 1164 sorte
1579 1122 1705 1164 Pater

329 1205 390 1240 est
418 1210 527 1239 unus
556 1191 789 1245 Dominus,
815 1190 950 1235 Filius
975 1200 1117 1235 autem
1142 1206 1230 1234 non
1263 1206 1374 1234 unus
1398 1189 1606 1235 Dominus
1630 1189 1703 1235 sed

330 1276 497 1311 'tantum
520 1264 741 1318 Dominus,
759 1261 983 1306 sieutsunt
1003 1260 1062 1306 dii
1081 1260 1203 1305 multi
1225 1259 1443 1305 etdomini
1464 1260 1601 1315 multi,
1618 1277 1703 1306 non

331 1335 443 1381 sicut
458 1334 528 1380 ille
546 1350 653 1378 unus
671 1331 724 1376 de
743 1348 830 1394 quo
850 1331 1065 1393 seriptum
1084 1340 1145 1375 est
1168 1348 1211 1374 :a
1227 1330 1438 1374 Dominus
1454 1347 1563 1376 unus
1576 1333 1667 1376 est?
1683 1352 1702 1372 υ

330 1404 450 1461 Quid
476 1420 576 1463 ergo
618 1400 980 1464 respondebimus
1021 1401 1226 1463 Apostoio
1263 1399 1424 1446 dicenti
1447 1419 1456 1446 ε
1487 1422 1506 1442 α
1529 1402 1638 1447 Nam
1662 1410 1703 1446 et

329 1496 352 1518 »
376 1476 410 1521 si
433 1485 531 1520 sunt
574 1474 649 1537 qui
671 1473 879 1517 dicuntur
915 1470 993 1526 dii,
1018 1473 1105 1515 sive
1129 1471 1172 1515 in
1198 1469 1311 1515 coelo
1329 1507 1338 1525 ‚
1368 1472 1455 1516 sive
1494 1473 1537 1518 in
1575 1483 1701 1528 terra,

329 1568 350 1589 >2
371 1546 484 1592 sicut
504 1557 605 1591 sunt
624 1543 684 1589 dii
707 1542 833 1588 multi
849 1552 890 1586 et
912 1541 1079 1586 domini
1105 1541 1255 1594 multi3
1286 1542 1412 1587 nohis
1433 1554 1575 1589 tamen
1594 1561 1703 1590 unus

329 1637 350 1659 »
376 1617 490 1662 Deus
510 1617 654 1670 Pater,
675 1630 720 1658 ex
735 1629 822 1676 quo
847 1612 1011 1661 omnia,
1038 1621 1079 1656 et
1100 1628 1176 1656 nos
1195 1612 1237 1656 in
1262 1612 1383 1674 ipso;
1408 1623 1450 1658 et
1478 1630 1590 1660 unus
1611 1615 1702 1660 Do-

324 1708 346 1731 »
371 1687 514 1732 minus
530 1695 671 1730 noster
693 1683 814 1728 Jesus
834 1681 1051 1735 Christus,
1067 1699 1286 1744 perquem
1307 1683 1466 1738 omnia,
1485 1694 1703 1749 etnosper

328 1778 349 1800 >›
373 1757 516 1820 ipsum
533 1754 550 1783 3
571 1758 588 1800 ἱ)
610 1754 780 1798 »Porro
807 1752 840 1796 si
863 1751 983 1814 quod
1003 1751 1055 1796 de
1074 1769 1160 1796 uno
1183 1753 1271 1797 Deo
1285 1753 1412 1798 Patre
1430 1753 1606 1810 dicitur,
1632 1772 1702 1801 co-

324 1826 499 1887 gitinde
513 1825 669 1870 Filium
690 1839 902 1886 separare,
923 1821 1074 1867 dicant
1090 1822 1166 1885 qui
1189 1822 1363 1879 audent,
1378 1841 1461 1868 non
1475 1829 1701 1887 possejam

324 1896 509 1955 intelligi
530 1893 771 1939 Dominum
798 1892 990 1947 Patrem,
1031 1892 1133 1955 quia
1155 1913 1174 1932 «
1196 1893 1331 1947 Unus,
1362 1894 1521 1956 iuquit,
1550 1895 1701 1941 Domi-

335 1989 356 2009 »
372 1984 452 2012 nus
483 1975 624 2010 noster
640 1964 762 2007 Jesus
787 1962 1000 2008 (hristus,
1023 1983 1043 2003 »
1061 1963 1170 2006 Nam
1192 1963 1223 2007 si
1244 1979 1371 2018 unus,
1396 1964 1545 2028 utique
1559 1966 1697 2012 solus:

327 2039 361 2084 si
385 2036 516 2091 solus,
551 2032 775 2098 quomodo
801 2042 841 2077 et
864 2032 1019 2083 Pater3
1055 2033 1133 2077 nisi
1158 2033 1260 2095 qnia
1285 2044 1326 2078 et
1363 2034 1454 2096 ipse
1485 2047 1527 2081 et
1551 2037 1697 2092 Pater,

325 2124 439 2153 uuus
465 2107 577 2150 Deus
594 2116 635 2149 et
656 2102 770 2148 solus
796 2103 927 2155 Deus,
972 2119 1059 2147 non
1095 2114 1292 2164 separato
1332 2104 1499 2167 Spiritu
1524 2110 1700 2153 sancto?

330 2178 447 2223 Unus
464 2192 563 2235 ergo
586 2177 700 2220 Deus
728 2174 872 2225 Pater,
900 2182 941 2217 et
977 2189 1077 2217 cum
1114 2173 1189 2217 illo
1238 2173 1366 2219 Filius
1407 2192 1518 2221 unus.
1565 2178 1696 2233 Deus,

323 2246 522 2312 quamvis
544 2261 629 2290 non
650 2260 750 2289 cum
765 2242 840 2288 illo
863 2258 971 2287 unus
987 2243 1128 2288 Pater.
1151 2246 1344 2306 Itemque
1361 2261 1469 2291 unus
1491 2247 1700 2293 Dominus

324 2321 444 2364 Jesus
461 2315 679 2366 Christus,
701 2323 742 2358 et
761 2328 861 2357 cum
880 2312 953 2356 illo
971 2328 1080 2356 unus
1104 2314 1314 2358 Dominus
1335 2317 1475 2371 Pater,
1501 2318 1700 2379 quamvis

320 2405 408 2434 non
429 2403 530 2433 cum
552 2385 627 2430 illo
661 2399 772 2429 unus
796 2383 920 2427 Jesus
949 2382 1150 2427 Christus
1189 2395 1397 2447 tanquam
1425 2397 1467 2431 et
1495 2387 1623 2432 Pater
1646 2388 1698 2433 sit

320 2461 438 2503 Jesus
464 2457 680 2502 Christus.
727 2454 824 2498 Hoc
859 2453 974 2498 enim
1013 2469 1170 2497 nomen
1201 2471 1248 2498 ex
1280 2456 1597 2518 dispensatione
1621 2458 1698 2502 mi-

314 2527 561 2575 sericordiae
585 2535 888 2588 susceptaeque
911 2523 1199 2569 humanitatis
1226 2537 1492 2589 assumptum
1517 2539 1592 2575 est.

365 2615 374 2636 ¹
397 2614 491 2644 Deut.
505 2621 548 2648 vr,
568 2617 600 2647 4.
619 2627 661 2634 ——
681 2607 695 2630 ²
713 2611 808 2641 Joan.
828 2617 882 2646 xx,
903 2609 959 2640 28.
980 2625 1020 2631 -
1038 2604 1052 2629 3
1076 2617 1090 2637 1
1109 2607 1188 2639 Cor.
1205 2618 1275 2646 viu,
1302 2610 1330 2641 5.
