1769 3235
4 158 9 212 i

4 223 7 278 i

3 287 7 322 ε

2 335 6 423 i

0 447 5 535 l

1 537 5 587 ἓ

555 286 767 318 nrisrotA
802 287 948 318 cxciv.
1378 274 1436 336 75

65 355 117 402 de
140 354 344 400 fidelibus
362 354 452 399 nati
477 353 560 398 sint
576 389 586 408 ,
614 352 726 398 sicut
749 352 954 412 agricolas
978 369 1066 398 non
1088 352 1291 416 impedit,
1320 368 1437 416 quo-

63 425 206 471 minus
232 425 288 470 31)
315 424 373 470 eis
399 423 613 469 inserendi
639 439 741 468 cura
766 423 812 468 in
838 423 949 468 oleas
968 434 1278 469 convertantur
1299 422 1439 469 oleas-

64 497 138 548 tri,
155 495 241 540 sivc
259 494 312 540 de
335 494 525 540 oleastris
544 495 631 539 sive
655 493 708 539 de
729 493 830 539 oleis
855 494 1065 540 oriantur.
1098 495 1207 539 Nam
1223 505 1261 538 ct
1282 495 1386 550 hoc,
1407 494 1441 540 si

0 598 3 617 2
64 576 111 611 ut
131 565 406 628 respondeat,
431 565 593 610 rustico
610 575 901 627 proponatur,
927 580 1026 627 quae
1048 581 1174 609 causa
1200 564 1252 609 sit
1269 574 1314 608 ut
1335 580 1436 610 cum

1 643 3 658 ³
62 635 179 682 aliud
207 635 261 680 sit
289 635 381 680 olea
404 671 413 691 ‚
440 634 560 680 aliud
584 634 778 689 oleaster,
801 652 889 680 non
915 644 1054 679 tamen
1080 634 1162 679 nisi
1187 634 1364 679 oleaster
1383 634 1436 680 de

62 707 219 753 semine
245 717 431 770 utroque
466 717 697 763 nascatur,
741 723 827 752 non
861 706 1022 752 omittit
1040 705 1254 752 inserendi
1279 722 1434 768 opera-

61 777 219 823 tionem
240 814 250 833 ,
288 777 454 822 etiamsi
488 793 575 822 non
611 776 746 840 possit
769 777 894 821 istam
935 776 1099 821 solvere
1129 776 1427 839 quaestionem.

0 863 2 891 e
61 846 270 911 Alioquin
298 847 403 893 dum
426 865 474 893 ex
498 847 624 893 olivae
651 848 812 893 semine
838 858 980 893 exorta
1001 847 1186 906 virgulta
1209 864 1297 892 non
1316 846 1435 892 aliud

0 955 1 967 ,
60 934 191 981 quam
220 919 334 964 oleas
371 935 457 964 esse
490 918 722 974 existimat,
749 918 881 963 efficit
919 917 1083 963 desidia
1113 917 1316 963 vanitatis
1339 953 1350 972 ,
1387 927 1435 962 ut

0 1004 2 1025 l

0 1028 2 1040 i

59 999 175 1034 totus
193 986 264 1034 ille
284 1005 382 1049 ager
407 1005 551 1034 amara
575 988 798 1034 sterilitate
821 988 1041 1049 sylvescat.

122 1059 255 1105 XLV.
296 1061 406 1104 Nam
439 1058 551 1104 illud
585 1058 701 1122 quod
735 1060 1086 1118 excogitaverunt
1118 1074 1220 1102 cum
1243 1056 1434 1103 veritatis

0 1163 1 1176 ³
57 1128 248 1193 pondere
267 1139 582 1191 premerentur,
600 1129 702 1191 quia
717 1129 855 1174 fidelis
874 1129 1086 1174 Dominus
1101 1128 1145 1173 in
1167 1127 1309 1173 verbis
1324 1128 1427 1181 suis,

58 1210 100 1246 et
112 1209 344 1262 propterea
368 1202 458 1258 ejus
480 1198 672 1243 Ecclesia
696 1198 817 1243 nullo
842 1199 974 1244 modo
999 1198 1206 1243 fallaciter
1229 1197 1434 1260 parvulos

57 1270 103 1316 in
127 1269 418 1315 remissionem
445 1279 727 1332 peccatorum
753 1269 947 1332 baptizat
965 1306 974 1324 ,
1002 1269 1074 1313 sed
1100 1279 1147 1313 ut
1172 1269 1258 1312 fide
1282 1277 1434 1326 agatur

59 1340 176 1405 quod
197 1341 353 1401 agitur,
384 1340 534 1403 utique
556 1341 605 1386 fit
626 1340 746 1403 quod
771 1340 932 1386 dicitur
954 1358 964 1385 ε
987 1339 1106 1404 quod
1138 1355 1237 1398 ergo
1260 1338 1432 1398 excogi-

60 1423 257 1459 taverunt
278 1428 379 1457 cum
396 1412 495 1458 haec
512 1428 582 1457 eos
597 1412 862 1475 apertissima
884 1411 1017 1456 moles
1033 1410 1224 1455 veritatis
1241 1419 1427 1468 urgeret,

59 1482 154 1547 quis
188 1500 277 1528 non
311 1481 584 1528 Christianus
622 1483 800 1528 irrideat
829 1482 1071 1546 quamlibet
1092 1480 1430 1526 versutissimum

58 1555 230 1599 cernat?
270 1552 435 1599 Dicunt
469 1553 583 1598 enim
621 1571 631 1598 ε
668 1575 688 1595 α
710 1554 927 1600 Veraciter
956 1552 1132 1616 quidem
1171 1549 1431 1613 respondere

57 1622 260 1687 parvulos
283 1640 362 1686 per
396 1640 467 1668 ora
500 1624 758 1683 gestantium
776 1661 785 1679 ,
810 1623 854 1668 in
877 1623 1167 1669 remissionem
1192 1639 1233 1667 se
1259 1620 1430 1666 credere

57 1704 366 1758 peccatorum3
399 1711 486 1739 non
511 1704 652 1740 tamen
674 1695 778 1758 quia
808 1694 890 1740 sibi
915 1695 1207 1748 remittantur,
1231 1691 1304 1737 scd
1328 1691 1430 1754 quia

59 1764 237 1811 credant
258 1764 377 1828 quod
395 1765 439 1810 in
459 1765 650 1810 Ecclesia
670 1766 737 1811 vel
759 1765 804 1810 in
824 1764 1046 1827 baptismo
1069 1763 1359 1817 remittantur,
1385 1761 1430 1806 in

57 1836 218 1900 quibus
238 1836 534 1892 inveniuntur,
554 1837 701 1882 nonin
719 1838 882 1900 quibus
899 1836 1017 1881 nulla
1032 1846 1145 1881 sunt.
1174 1838 1235 1880 Ac
1248 1850 1325 1897 per
1344 1832 1433 1878 hoc

58 1905 212 1952 nolunt
234 1923 305 1951 eos
333 1906 392 1951 ita
414 1907 629 1969 baptizari
647 1908 692 1952 in
710 1908 1001 1952 remissionem
1026 1916 1308 1969 peccatorum
1332 1914 1433 1948 tan-

58 1993 189 2040 quam
217 1977 262 2022 in
289 1978 347 2022 eis
371 1978 445 2022 fiat
463 1978 557 2040 ipsa
586 1978 803 2034 remissio,
830 1995 939 2041 quos
964 1976 1236 2023 contendunt
1261 1974 1434 2020 nullum

58 2047 220 2093 habere
242 2058 472 2110 peccatum
499 2065 509 2094 ε
533 2048 605 2093 sed
629 2049 835 2111 quoniam
860 2049 961 2093 licet
984 2047 1074 2093 aine
1088 2058 1270 2110 peccato
1286 2083 1296 2100 ,
1323 2046 1366 2090 in
1383 2060 1432 2089 eo

59 2127 205 2163 tamen
224 2118 485 2181 baptismate
505 2119 803 2182 baptizantur,
830 2135 917 2182 quo
942 2117 1048 2163 fitin
1070 2117 1318 2180 quibusque
1334 2131 1434 2179 pec-

61 2188 282 2234 catoribus
297 2189 488 2234 remissio
506 2201 803 2252 peccatorum.
829 2212 849 2231 2>

124 2260 280 2306 XLVI.
312 2260 423 2305 Fieri
447 2260 622 2323 quidem
646 2271 787 2324 potest
811 2271 860 2306 ut
882 2261 981 2306 haec
1008 2259 1245 2324 versipellis
1277 2256 1433 2303 astutia

61 2330 263 2375 subtilius
289 2341 331 2375 et
355 2331 524 2376 acutius
555 2348 606 2377 ex
637 2333 725 2377 otio
761 2332 983 2377 refellatur
1007 2349 1017 2376 :
1045 2340 1343 2376 verumtamen
1366 2344 1435 2373 se-

62 2401 255 2446 cundum
280 2401 403 2446 istam
430 2418 552 2446 suam
583 2402 863 2448 calliditatem
888 2419 974 2447 nou
1002 2401 1228 2446 inveniunt
1251 2397 1359 2463 quid
1381 2396 1434 2442 ad

60 2469 146 2515 hoc
170 2471 484 2534 respondeant,
510 2472 629 2535 quod
655 2474 967 2527 exorcizantur,
994 2482 1033 2516 et
1057 2470 1332 2516 exsufflantur
1361 2468 1434 2513 iu-

59 2539 221 2598 fantes;
244 2542 330 2587 hoc
354 2542 467 2587 enim
490 2542 645 2605 procul
673 2542 811 2588 dubio
836 2541 1048 2589 fallaciter
1070 2542 1146 2595 fit,
1174 2541 1206 2585 si
1233 2537 1436 2585 diabolus

62 2610 119 2656 eis
139 2627 227 2657 non
253 2611 516 2658 dominatur.
544 2613 589 2659 Si
618 2624 758 2660 autem
779 2613 1049 2667 dominatur,
1072 2623 1113 2657 ct
1133 2611 1229 2658 ideo
1250 2627 1337 2656 non
1352 2608 1433 2655 fal-
