1769 3235
517 257 732 287 amsrom
770 259 931 289 ccxxx.
1317 245 1407 307 293

19 373 22 395 f
95 326 150 371 11
180 321 317 368 «Hoc
343 333 388 368 ut
406 322 514 367 mihi
534 333 819 382 continoeret
848 336 1029 387 propter
1049 325 1396 371 ardentissimum

19 409 93 443 tui
113 392 396 447 desiderium
419 390 600 437 forsitan
621 360 844 437 merebar’·
834 405 1049 457 ‚propter
1068 395 1399 451 conscientiam,

17 466 181 531 'fateon
223 482 310 510 non
347 464 558 510 merebar.
591 463 675 509 Sed
709 464 861 509 absens
894 483 994 529 quo
995 483 1069 530 [ue
1107 466 1203 530 cepi
1238 466 1407 513 fructus

0 494 282 601 ¹{cupiditatis
307 535 438 579 bonae
460 552 546 580 non
579 534 779 579 minimos
799 571 809 583 .
839 546 880 579 et
901 547 963 580 est
989 536 1098 581 mihi
1127 536 1180 583 de
1203 536 1405 584 secundis

15 607 155 669 {honis
177 607 394 651 bonorum
429 621 595 650 summa
626 603 848 667 perfectio.
884 605 1227 653 commendatus
1251 625 1342 653 sum
1370 607 1409 653 ei

15 675 101 742 {cui
123 675 270 722 vellem
295 713 304 730 ,
327 692 398 719 ore
423 686 668 720 sanctoruni
692 687 733 719 et
751 674 937 720 duorum
959 675 1065 721 locis
1088 694 1137 722 ac
1160 678 1410 738 regionibus

14 749 144 814 §inter
162 764 203 792 se
231 745 483 791 distantium
509 745 782 790 sacerdotum
804 765 815 798 3
842 745 968 790 unius
990 783 999 799 ,
1028 746 1145 809 quod
1173 751 1264 807 jam
1289 747 1376 793 dixi
1396 784 1405 802 ‚

13 819 85 865 {de
109 834 175 863 me
198 815 433 861 benevolus
463 833 601 861 sermo
618 853 627 869 ,
666 827 706 862 et
725 833 912 879 praesens
935 827 980 861 ut
1007 816 1062 861 ita
1089 817 1231 862 dicam
1252 854 1262 872 ,
1286 817 1409 862 testi-

13 874 257 939 imonium3
290 886 464 931 altetius
502 887 694 947 ejusdem
732 904 879 933 sensus
915 887 1151 951 parilisque
1186 887 1409 933 sententiae

11 952 217 1007 ΙνοΙᾎιιῖίιι
248 957 299 1003 ad
337 968 373 1003 te
397 957 558 1021 scripta
587 969 869 1004 concurrunt
905 964 1120 1004 (oronam
1149 958 1257 1004 mihi
1288 958 1407 1021 apud

10 1012 72 1119 {te
95 1028 356 1093 quamdam,
383 1030 490 1074 tanti
513 1046 561 1074 ae
584 1029 685 1075 tales
707 1030 812 1079 viri
841 1047 927 1074 non
948 1029 1231 1075 ιὶΓίεῐιιΓιῖίιιιιι
1252 1030 1413 1075 florum

10 1093 244 1163 3germine,
267 1099 337 1144 sed
360 1099 556 1159 gloriosae
577 1101 693 1145 vocis
714 1100 976 1156 testimonio,
997 1111 1203 1163 tanquam
1231 1101 1411 1163 quibus-

9 1163 130 1228 {dam
171 1135 474 1234 perpetuitatis
519 1170 746 1230 gemmulis
784 1181 1023 1217 texuerunt.
1065 1173 1253 1234 Propter
1288 1170 1410 1235 quod

9 1244 170 1302 {Deum
204 1258 421 1287 summum
458 1258 535 1286 oro
573 1259 654 1305 pro
690 1253 754 1295 te,
795 1252 837 1286 et
874 1252 993 1286 tuam
1029 1242 1406 1297 intercessionem,

8 1307 170 1359 Jsancte
195 1323 336 1376 pater,
361 1312 585 1375 expostulo
604 1349 613 1367 ‚
643 1324 690 1358 ut
711 1312 918 1375 quoniam
949 1312 1125 1356 mininie
1151 1312 1261 1356 mihi
1289 1311 1410 1356 testi—

28 1384 159 1430 monii
185 1383 293 1428 tanti
322 1400 415 1428 sum
447 1383 645 1428 conscius
662 1420 672 1439 ,
701 1400 788 1428 esse
817 1382 926 1428 mihi
952 1382 1100 1436 talem,
1119 1382 1185 1427 vel
1207 1381 1414 1445 quando-

7 1471 110 1518 ⁴que
131 1454 371 1518 proveniat.
401 1455 499 1498 Jam
527 1453 598 1499 illa
627 1471 769 1499 nonne
791 1454 935 1498 omnia
967 1453 1176 1498 absentiae
1201 1469 1308 1497 nieae
1327 1452 1408 1498 de-

6 1510 226 1586 {trimenta
246 1523 463 1579 vicerunt,
490 1524 610 1587 quod
635 1525 726 1587 ipse
750 1541 828 1568 nos
848 1523 1025 1587 alloqui,
1052 1522 1170 1586 quod
1196 1523 1404 1578 scribere,

5 1594 144 1662 {quod
164 1593 349 1640 salutare
375 1594 584 1654 dignaris,
606 1605 648 1639 et
672 1595 848 1640 absente
873 1611 957 1651 me,
976 1594 1195 1640 absentem
1220 1610 1408 1638 essenon

4 1666 197 1739 ¹pateris.
224 1665 435 1711 Dolebam
457 1683 524 1710 rne
540 1665 673 1711 modo
700 1676 797 1729 post
827 1667 960 1711 Deum
970 1702 1109 1712 .......
1137 1682 1224 1710 non
1238 1664 1405 1709 visum·

5 1742 9 1807 ΙΙ
30 1747 217 1782 attamen
249 1752 338 1781 non
367 1737 509 1781 carnis
533 1735 712 1790 faciem,
747 1737 808 1781 sic
829 1736 943 1781 enim
964 1736 1049 1788 ais,
1075 1734 1147 1780 sed
1169 1734 1286 1797 quod
1309 1734 1407 1797 plus

4 1817 8 1846 ¹
30 1818 112 1863 est,
135 1805 278 1852 cordis
296 1806 480 1852 attendis
499 1823 668 1869 ,eoque
687 1807 801 1852 visus
818 1823 913 1851 sum
934 1806 1015 1851 tibi
1036 1822 1122 1851 esse
1145 1804 1404 1864 jucundior,

4 1850 7 1940 1
30 1894 115 1942 quo
143 1877 332 1941 penitius
355 1877 589 1941 inspexisti.
632 1877 750 1923 laxit
776 1879 914 1932 Deus,
942 1875 1204 1937 utjudicio,
1236 1875 1292 1920 mi
1322 1893 1408 1938 pa-

3 1975 6 2014 5
30 1959 109 2003 ter,
137 1958 211 1994 tuo
229 1948 543 2011 respondeam,
573 1965 652 1993 nec
675 1948 755 1993 sim
783 1947 903 2011 apud
929 1964 1067 1992 meam
1097 1945 1405 1991 conscientiam

3 2036 145 2081 ;‚reus
167 2036 267 2065 cum
293 2018 421 2065 talem
448 2037 537 2077 me,
561 2019 733 2083 qualem
765 2019 881 2064 tibi
871 2036 963 2082 ipse
985 2017 1199 2068 formasti,
1228 2016 1410 2063 interius

2 2063 6 2162 i
30 2107 104 2151 ego
125 2107 210 2136 non
231 2090 467 2138 videam.»

2 2169 5 2203 Ι
97 2161 181 2207 llL
212 2160 370 2207 «Bella
407 2179 473 2207 me
496 2161 540 2206 in
564 2161 713 2207 eadem
750 2161 898 2207 divina
932 2178 981 2207 ac
1011 2161 1176 2207 coelesti
1213 2159 1407 2222 Epistola

1 2225 5 2275 Ι
31 2242 132 2288 tua,
155 2248 202 2276 ex
226 2248 345 2276 more
373 2232 485 2286 tibi,
516 2232 635 2310 quod
672 2232 850 2277 laudare
871 2231 1029 2282 velles.
1058 2231 1303 2295 (loquentia
1326 2230 1412 2275 mi-

1 2293 4 2330 ¹
31 2301 262 2356 nistrante,
300 2301 413 2347 bella
446 2320 539 2358 me
576 2303 787 2380 inquam,
817 2302 952 2348 verbo
985 2302 1044 2348 ais
1074 2301 1284 2347 occichre.
1325 2301 1409 2347 Hic

0 2374 3 2401 ¹
31 2389 154 2428 vero,
179 2373 237 2418 mi
263 2384 409 2418 sancte
431 2384 570 2436 pater,
600 2374 771 2419 animus
805 2373 912 2418 mihi
937 2384 1143 2436 tanquam
1176 2390 1197 2417 e
1221 2372 1408 2434 quibus-

0 2447 3 2493 i
33 2443 130 2490 dam
151 2443 464 2504 cogitationum
486 2445 698 2500 tenebris,
726 2445 849 2508 qnasi
870 2461 990 2489 veras
1010 2445 1074 2489 sui
1096 2443 1244 2489 laudes
1265 2460 1409 2503 recog-

0 2518 2 2567 t
33 2513 240 2570 novisset,
270 2516 455 2562 emersit.
484 2517 545 2561 Ut
568 2515 681 2561 enim
710 2526 849 2561 totum
872 2514 1061 2560 breviter
1086 2531 1134 2560 ac
1158 2512 1413 2577 simpliciter

0 2593 2 2629 Ι
33 2552 291 2632 beatitudini
311 2596 399 2632 tuae
424 2587 649 2642 confitear,
679 2586 712 2632 si
735 2603 820 2631 non
844 2585 1102 2631 extinximus
1127 2583 1271 2642 bella,
1299 2595 1413 2631 certe
