1769 3235
546 266 757 299 EPISTOLA
798 267 894 298 ccx.
1319 269 1404 316 ¹79

29 359 51 385 u
73 339 202 396 justos
231 348 272 384 et
290 336 493 395 injustos*
519 352 529 379 ι
555 334 782 378 »breviter
806 335 916 377 mim
946 334 1110 396 aliquid
1131 335 1298 380 dictum
1321 344 1399 388 est,

29 420 79 463 ut
96 408 222 472 plura
238 407 497 467 cogitentur.
524 404 667 460 Quam
699 404 832 449 multa
861 405 972 448 enim
1006 404 1193 449 habeant
1216 405 1340 468 impii
1362 407 1405 451 ἰιι

28 479 113 531 hac
137 480 225 525 vita
251 493 428 524 munera
455 485 495 519 et
510 473 624 519 dona
645 474 831 532 gratuita
857 474 912 517 ab
932 473 1021 521 ntor
1053 491 1178 536 quern
1206 487 1401 520 contem-

29 559 157 605 nunt,
185 562 437 595 enumerare
453 545 550 608 quis
572 547 748 607 potest?
777 545 896 589 Inter
928 560 1028 606 quae.
1051 543 1159 588 illud
1183 562 1405 604 magnum.

30 619 147 684 quod
166 617 369 681 exemplis
389 616 742 677 interpositarum
771 613 1124 660 tribulationum.
1149 632 1257 678 quas
1281 616 1308 660 h
1319 620 1412 675 ujtis

31 689 177 736 saeculi
196 687 421 734 dulcedini
443 697 649 748 tanquam
669 685 812 730 bonus
832 683 1027 729 medicus
1060 684 1228 740 miscet,
1257 685 1411 731 admo-

30 771 103 813 net
118 777 206 815 eos,
227 760 259 804 si
282 757 503 804 attendere
520 757 670 811 velint,
687 755 836 814 fugere
858 755 913 799 ab
932 755 994 799 ira
1009 765 1215 807 ventura;
1242 766 1282 800 et
1308 773 1408 800 cum

29 831 157 877 invia
180 839 298 884 sunt‚
326 828 372 873 id
398 838 459 873 est
479 828 523 872 in
545 827 629 872 hac
652 827 758 880 vita,
793 825 1060 871 concordare
1085 842 1188 870 cum
1217 843 1412 871 sermone

33 900 129 956 Dei,
151 916 281 964 quem
303 898 385 944 sibi
403 897 698 943 adversarium
723 895 920 942 fecerunt
944 895 1054 941 male
1067 895 1268 942 vivendo.
1296 896 1414 953 Quid

33 984 132 1030 ergo
148 987 235 1015 non
260 967 596 1015 misericorditer
620 977 853 1031 praestatur
889 966 1145 1012 hominibus
1182 984 1204 1012 a
1230 968 1419 1013 Domino

33 1041 143 1095 Deo,
168 1056 190 1086 a
216 1056 305 1103 quo
340 1039 469 1084 etiam
497 1037 727 1084 tribulatio
766 1037 1032 1082 beneficium
1073 1039 1163 1083 esti)
1206 1038 1317 1083 Nam
1353 1055 1416 1083 res

33 1128 242 1176 prospera
267 1110 437 1156 donum
468 1121 531 1156 est
560 1108 841 1163 consolantis,
869 1125 933 1154 res
961 1118 1104 1154 autem
1134 1107 1313 1155 adversa
1334 1109 1415 1155 (10⁴

33 1199 138 1229 num
156 1192 218 1227 est
263 1180 535 1226 admonentis
587 1179 680 1224 Dei.
715 1179 770 1224 Et
796 1179 829 1223 si
860 1179 958 1224 haec
985 1189 1192 1242 praestat,
1228 1190 1275 1226 ut
1300 1180 1412 1235 dixi,

33 1253 162 1299 etiam
182 1252 322 1307 malis,
350 1251 459 1315 quid
478 1261 702 1314 praeparat
725 1250 1039 1296 sustinentibus
1065 1253 1139 1295 se?
1158 1267 1348 1313 quorum
1375 1253 1421 1298 in

35 1338 214 1370 numero
249 1339 324 1368 vos
358 1340 436 1386 per
468 1322 582 1368 illius
609 1320 794 1381 gratiam
826 1330 1107 1380 congregatos
1130 1336 1216 1366 esse
1238 1321 1423 1381 gaudete

35 1397 290 1442 sustinentes
306 1397 492 1442 invicem
519 1396 564 1441 in
586 1394 836 1441 dilectione.
862 1393 1081 1439 studentes
1099 1410 1267 1440 servare
1283 1395 1425 1441 unita-

37 1478 121 1513 tem
148 1467 326 1530 spiritus
348 1467 393 1512 iu
412 1465 589 1513 vinculo
613 1466 733 1529 pacis
756 1465 789 1511 2.
815 1466 914 1510 Non
932 1463 1048 1509 enim
1082 1463 1218 1510 deerit
1238 1465 1357 1528 quod
1377 1466 1423 1511 in

40 1538 166 1585 vobis
184 1538 371 1583 invicem
392 1536 605 1583 sufferatis
628 1535 710 1581 nisi
743 1552 845 1580 cum
871 1551 944 1580 vos
971 1534 1029 1579 ita
1048 1536 1301 1596 purgaverit
1325 1537 1422 1581 Do-

37 1609 178 1655 minus
201 1609 412 1671 absorpta
438 1607 633 1654 mortein
653 1606 902 1660 victoriam,
928 1617 975 1651 ut
992 1605 1045 1650 sit
1065 1605 1180 1650 Deus
1204 1607 1350 1652 omnia
1375 1607 1421 1652 in

38 1679 242 1724 omnibus
276 1678 314 1725 ὃ.

103 1751 161 1796 ΙΙ.
201 1748 496 1795 Dissensiones
533 1759 673 1794 autem
708 1763 937 1810 nunquam
972 1745 1134 1792 debent
1169 1748 1327 1802 amari3
1348 1747 1422 1793 sed

41 1819 275 1884 aliquando
288 1831 431 1865 tamen
445 1829 519 1865 aut
534 1837 554 1864 a
570 1819 784 1865 charitate
801 1827 1057 1874 nascuntur,
1074 1828 1148 1863 aut
1160 1817 1420 1864 charitatem

39 1891 244 1954 probant.
275 1890 384 1946 Quis
396 1890 510 1935 enim
527 1889 886 1936 facileinvenitur
904 1888 980 1951 qui
1000 1888 1106 1933 velit
1129 1889 1420 1951 reprehendi?

40 1971 83 2006 et
105 1961 183 2006 ubi
202 1971 263 2006 est
278 1960 350 2006 ille
373 1960 543 2024 sapiens
576 1960 629 2005 de
649 1976 738 2022 quo
772 1959 942 2004 dictum
968 1968 1030 2002 est
1055 1975 1065 2002 :
1091 1979 1111 1999 c<
1137 1960 1322 2022 Corripe
1355 1977 1427 2005 sa—

41 2052 61 2074 »
84 2031 294 2095 pientem,
320 2041 361 2076 et
393 2031 556 2076 amabit
593 2041 631 2075 te
656 2029 742 2074 43³»
774 2026 1003 2091 Numquid
1038 2039 1184 2073 tamen
1207 2028 1305 2074 ideo
1336 2047 1421 2074 non

40 2102 246 2148 debemus
268 2101 586 2165 reprehendere
607 2112 648 2146 et
674 2101 892 2163 corripere
920 2098 1114 2154 fratrem,
1156 2117 1210 2145 ne
1246 2117 1421 2146 securus

42 2172 190 2218 tendat
207 2173 252 2217 in
274 2173 624 2218 inorte1119501et
644 2173 758 2218 enim
782 2171 891 2226 fieri,
912 2181 953 2215 et
973 2169 1222 2232 frequenter
1242 2171 1419 2223 accidit,

45 2253 92 2289 ut
113 2242 167 2288 ad
188 2242 340 2288 horam
360 2243 641 2288 contristetur
665 2259 766 2288 cum
789 2240 1144 2304 reprehenditur,
1174 2251 1216 2285 et
1235 2241 1420 2297 resistat,

45 2324 86 2359 et
108 2313 369 2368 contendat3
393 2324 434 2359 et
454 2324 594 2359 tamen
618 2324 764 2377 postea
794 2311 1036 2357 consideret
1053 2328 1198 2356 secum
1227 2311 1272 2356 in
1289 2311 1422 2358 silen—

45 2384 122 2441 tio,
147 2384 224 2430 ubi
247 2401 375 2430 nemo
412 2396 473 2430 est
505 2385 586 2430 nisi
607 2388 725 2430 Deus
742 2394 782 2429 et
807 2384 917 2446 ipse,
948 2398 1026 2426 nec
1052 2381 1173 2426 timet
1193 2380 1423 2445 displicere

46 2454 315 2511 hominibu8‚
346 2456 449 2518 quia
473 2455 737 2519 corripitur3
765 2453 838 2500 sed
889 2453 1015 2498 timet
1046 2451 1276 2515 displicere
1307 2455 1414 2507 Deo,

94 2557 103 2577 ¹
134 2554 254 2588 Matth.
293 2566 337 2592 v,
371 2557 427 2592 45.
465 2573 510 2580 -
542 2555 557 2578 ²
588 2555 705 2599 Ephes.
740 2566 794 2591 ιν,
825 2555 858 2586 3.
887 2571 931 2577 -
971 2549 984 2573 3
1021 2564 1033 2583 1
1069 2554 1148 2585 Cor,
1187 2562 1257 2590 xv,
1298 2553 1352 2590 54.
1376 2570 1422 2576 -

49 2608 64 2634 ⁴
87 2613 180 2645 Prov.
200 2620 256 2651 lx,
277 2611 311 2645 8.

1220 2677 1289 2709 12.
