1769 3235
507 296 720 329 Erus-rom
756 299 852 329 ccv.
1311 284 1395 331 153

34 393 38 397 ·
82 367 141 413 II.
170 365 340 422 Quaeris
367 385 388 406 «
410 363 567 410 Utrum
584 381 703 409 nunc
728 380 888 427 corpus
912 363 1088 410 Domini
1116 382 1209 411 ossa
1230 375 1272 411 et
1293 383 1395 411 san-

21 437 192 499 guinem
223 436 410 491 habeat,
443 445 517 480 aut
551 434 717 497 reliqua
754 434 896 479 carnis
924 433 1196 482 lineamenta.
1229 458 1248 478 n
1276 436 1396 492 Quid

23 507 56 553 si
82 506 280 561 addereS‚
320 516 464 550 utrum
503 505 631 550 etiam
669 504 923 549 vestimenta
946 541 956 559 ‚
998 522 1139 550 nonne
1173 517 1399 565 augeretur

20 576 237 641 quaestio?
263 593 349 638 qua
370 593 521 631 causa,
542 574 622 620 nisi
642 574 744 637 quia
771 591 836 629 ea,
860 590 960 637 quae
980 575 1022 619 in
1044 591 1121 619 usu
1144 576 1245 621 vitae
1268 576 1400 635 hujus

18 658 174 695 nostrae
198 647 504 709 corruptibilia
532 646 733 691 novimus
750 681 761 697 ,
795 645 884 690 sine
903 646 1186 707 corruptione
1210 647 1399 706 cogitare

19 719 87 765 vix
121 734 376 780 possumus,
411 734 512 761 cum
552 716 802 761 divinorum
841 715 1153 761 miraculorum
1194 717 1399 780 quaedam

21 788 305 842 documenta,
329 791 418 847 jam
450 787 551 832 data
573 787 683 842 sint,
721 803 768 831 ex
793 785 955 848 quibus
991 785 1120 831 liceat
1156 791 1402 846 conjectare

21 861 220 919 majora?
248 859 357 903 Nam
398 859 431 903 si
471 858 597 903 vestis
640 857 940 903 Israelitarum
978 873 1056 919 per
1099 868 1162 902 tot
1196 875 1328 903 annos
1356 858 1401 902 in

21 945 161 976 eremo
178 928 266 973 sine
291 930 444 974 tritura
461 946 548 974 esse
572 929 743 991 potuit,
772 929 806 973 si
824 929 1057 973 morticina
1081 928 1207 991 pellis
1229 928 1401 974 calcea-

21 1010 267 1047 mentorum
291 1001 443 1046 tandiu
466 1001 555 1046 sine
582 999 682 1045 labe
705 999 879 1045 duravit
901 1037 911 1055 ,
940 1010 1080 1062 potest
1100 1000 1264 1063 ubique
1287 1000 1406 1044 Deus

22 1070 320 1135 quorumlihet
340 1088 576 1134 corporum
601 1107 611 1126 ‚
643 1087 722 1133 per
750 1081 966 1132 quantum
993 1070 1177 1115 voluerit
1202 1081 1374 1133 tempus
1391 1107 1402 1125 ‚

21 1143 319 1204 incorruptam
357 1141 617 1204 protendere
655 1142 926 1204 qualitatem.
972 1143 1062 1200 Ego
1096 1141 1282 1203 proinde
1308 1141 1403 1186 Do-

21 1213 126 1259 mini
157 1229 318 1275 corpus
343 1215 402 1258 ita
440 1214 486 1258 in
511 1212 624 1258 coelo
650 1229 735 1257 esse
767 1212 896 1257 credo
915 1249 926 1267 ‚
963 1223 1011 1257 ut
1050 1224 1140 1258 erat
1175 1213 1219 1258 in
1259 1223 1370 1257 terra
1389 1248 1400 1265 ‚

23 1283 198 1347 quando
223 1284 417 1329 ascendit
442 1284 486 1329 in
527 1282 704 1329 coelum.
740 1283 914 1328 Dixerat
955 1293 1098 1328 autem
1134 1283 1402 1346 l]iscipuli3‚

25 1365 72 1400 ut
92 1354 136 1399 in
158 1354 388 1414 Evangelio
413 1355 594 1413 legimus
612 1391 622 1409 ‚
645 1353 698 1399 de
719 1370 795 1399 sua
819 1354 1132 1399 resurrectione
1153 1353 1406 1399 dubitanti-

23 1424 130 1480 bus,
153 1434 194 1468 et
223 1424 333 1470 illud
355 1425 474 1488 quod
495 1424 733 1480 videbant,
775 1441 863 1470 non
886 1441 1070 1488 corpus,
1102 1424 1175 1470 sed
1204 1424 1408 1487 spiritum

23 1511 106 1540 esse
129 1495 390 1557 putantibus
410 1533 420 1549 ‚
455 1517 476 1537 «
495 1495 648 1541 Videte
673 1512 826 1540 manus
850 1512 962 1540 meas
978 1533 988 1549 ‚
1032 1506 1073 1541 et
1109 1494 1239 1558 pedes
1256 1532 1267 1551 ‚
1305 1494 1405 1558 pal-

26 1585 46 1607 »
71 1576 170 1628 pate
196 1603 206 1620 ,
249 1576 290 1610 et
325 1565 468 1612 videte
492 1604 502 1622 ‚
538 1566 640 1630 quia
671 1567 850 1630 spiritus
891 1584 984 1611 ossa
1022 1577 1062 1612 et
1109 1584 1282 1612 carnem
1320 1583 1409 1612 non

0 1655 1 1677 1
26 1655 47 1678 »·
70 1653 154 1681 non
180 1636 341 1692 habet,
371 1638 484 1684 sicut
509 1656 576 1684 me
600 1638 756 1684 videtis
780 1638 992 1684 habere1.
1019 1660 1039 1681 »
1065 1639 1190 1685 Sicut
1219 1655 1370 1684 eorum
1391 1675 1402 1693 ‚

22 1723 120 1753 cum
144 1718 250 1753 esset
275 1709 320 1754 in
344 1720 477 1767 terra7
509 1720 805 1755 contrectatus
829 1719 891 1754 est
924 1709 1152 1764 manibus,
1177 1709 1238 1755 sic
1257 1725 1409 1754 eorum

25 1789 104 1833 est,
137 1796 238 1824 cum
270 1780 350 1826 iret
383 1781 428 1826 in
464 1781 627 1827 coelum
657 1818 667 1834 ‚
696 1780 912 1826 deductus
939 1781 1203 1843 aspectibus.
1238 1781 1309 1825 Ibi
1332 1796 1415 1825 vox

0 1849 212 1918 {angelica
236 1851 410 1908 sonuit,
449 1873 468 1891 «
507 1852 578 1897 Sic
602 1852 772 1906 veniet,
806 1851 1181 1913 quemadmodum
1214 1868 1311 1896 eum
1337 1850 1410 1895 vi-

0 1923 48 1974 ἔ»
69 1920 190 1966 distis
227 1934 400 1967 euntem
447 1923 493 1968 in
533 1923 697 1968 coelum
718 1923 751 1968 2.
801 1944 820 1962 ›>
858 1921 984 1967 Fides
1024 1922 1164 1977 adsit,
1206 1932 1248 1966 et
1291 1920 1423 1966 nulla

0 1982 5 2060 ξ
31 1992 214 2054 quaestio
244 1993 503 2040 remanebit.

2 2070 7 2172 ι
93 2063 178 2108 lII.
228 2064 319 2108 Nisi
357 2064 468 2109 forte
505 2063 558 2108 de
593 2063 800 2123 sanguine
844 2063 1158 2126 requirendum
1201 2073 1290 2118 est,
1314 2061 1419 2125 quia

32 2148 132 2178 cum
157 2133 358 2187 dixisset,
387 2156 407 2175 α
439 2134 622 2197 Palpate
656 2144 698 2178 et
721 2134 864 2179 videte
896 2135 998 2196 quia
1037 2135 1216 2197 spiritus
1241 2150 1417 2178 carnem

32 2214 113 2248 »et
142 2221 234 2250 ossa
267 2223 355 2250 non
386 2205 549 2260 habet,
585 2225 604 2245 ›>
643 2221 728 2249 non
773 2205 970 2251 addidit.
1016 2204 1283 2264 sanguinem.
1316 2204 1415 2248 Non

31 2289 128 2334 ergo
151 2286 192 2320 et
222 2293 298 2321 nos
336 2275 549 2322 addamus
579 2275 798 2338 inquirere
817 2313 827 2331 ‚
867 2275 985 2339 quod
1026 2275 1096 2320 ille
1130 2292 1219 2320 non
1246 2273 1419 2319 addidit

33 2344 172 2392 dicere
195 2365 206 2391 t
231 2358 271 2392 et
309 2347 362 2393 de
387 2346 649 2410 compendio
670 2383 679 2402 ,
714 2347 746 2392 si
780 2347 924 2410 placet
940 2385 950 2400 ,
988 2347 1110 2391 finita
1134 2346 1186 2391 sit
1207 2345 1409 2408 quaestio.

7 2452 10 2465 .
35 2415 235 2463 Fortassis
253 2418 367 2464 enim
389 2456 398 2474 ‚
423 2428 603 2481 accepta
628 2418 854 2464 occasione
876 2417 1096 2477 sanguinis
1115 2454 1126 2472 ‚
1150 2415 1325 2476 urgebit
1341 2431 1419 2460 nos

7 2525 11 2547 ,
33 2487 252 2534 molestior
270 2501 586 2552 perscrutator,
619 2499 660 2535 et
685 2489 827 2546 dicet,
863 2489 908 2535 Si
937 2489 1136 2549 sanguis,
1166 2504 1246 2534 cur
1270 2504 1358 2532 nou
1381 2496 1424 2531 et

33 2558 213 2620 pituita,
255 2578 334 2606 cur
365 2579 449 2606 non
491 2571 533 2606 et
569 2559 626 2606 fel
669 2560 833 2608 flavum
871 2571 912 2606 et
936 2559 994 2606 fel
1021 2560 1197 2621 nigrum
1217 2595 1228 2615 ‚
1254 2558 1418 2622 quibus

10 2641 13 2687 l
52 2644 54 2647 '
81 2640 92 2662 ¹
110 2642 185 2674 Luc.
208 2653 294 2681 xxw,
313 2645 368 2684 39.
384 2663 423 2668 —-
445 2642 546 2676 2Act,
568 2654 596 2682 1,
620 2654 672 2674 11.
