1769 3235
567 279 779 310 EPISTOLA
815 281 960 312 exeix.
1377 283 1460 331 117

90 344 307 401 instabit,
357 347 433 410 qui
474 345 684 410 quandiu·
715 345 891 391 haberit
931 347 1192 405 ignoratur?
1230 348 1464 393 Novissimi

90 414 257 477 quippe
290 415 380 462 dies
415 415 523 462 dicti
555 426 655 461 sunt
677 453 687 470 ,
711 425 754 460 et
774 416 820 460 in
844 415 948 478 ipsis
972 416 1124 478 primis
1148 418 1461 480 Apostolorum

90 483 244 530 diebus
265 523 276 541 ‚
303 503 404 532 cum
437 486 611 532 Domini
634 487 679 531 in
708 485 872 532 coelum
910 503 1056 531 recens
1093 497 1199 532 esset
1234 505 1429 534 ascensus
1448 525 1458 543 ,

89 554 265 617 quando
289 555 359 602 die
383 558 656 602 Pentecostes
681 555 796 601 misit
816 556 1079 619 promissum
1100 558 1312 620 Spiritum
1334 576 1464 604 sanc-

89 635 179 671 tum
196 662 207 682 ‚
233 637 275 672 et
297 628 478 690 quidam
508 628 742 691 stupebant
774 627 1036 673 admirantes
1071 645 1142 673 eos
1163 629 1240 692 qui
1274 629 1460 688 linguis,

87 712 194 759 quas
215 714 302 742 non
337 698 581 744 didicerant
612 697 925 761 loquebantur,
953 697 1134 761 quidam
1154 716 1256 744 vero
1276 699 1467 745 irriden-

89 775 148 811 tes
166 803 177 821 ‚
203 778 346 813 musto
368 768 520 831 plenos
537 785 622 814 esse
642 767 863 814 dicebant.
887 767 985 824 Quo
1006 767 1076 813 die
1104 769 1257 814 Petrus
1286 769 1466 832 loquens

87 835 143 881 ad
165 835 260 883 illos
278 875 289 893 ,
326 839 402 902 qui
442 838 495 885 de
517 839 602 885 hac
626 856 670 884 re
695 838 812 884 varie
842 838 1132 884 movebantur
1150 876 1160 895 ‚
1184 861 1203 880 «
1227 839 1324 884 Non
1349 839 1464 884 enim

86 927 107 948 >2
130 907 264 964 sicut,
285 909 453 973 inquit,
479 909 786 973 suspicamini,
808 909 918 955 ebrii
934 920 1034 955 sunt
1051 909 1146 965 isti,
1170 926 1271 955 cum
1290 910 1343 954 sit
1359 909 1467 955 hora

87 998 107 1020 >2
132 978 218 1025 diei
242 981 381 1027 tertia.
424 981 508 1027 Sed
541 980 748 1027 attendite
767 980 976 1044 quoniam
1000 981 1088 1027 hoc
1108 992 1195 1035 est,
1219 980 1340 1044 quod
1368 980 1468 1026 dic-

85 1070 106 1091 »
134 1060 227 1096 tum
265 1062 327 1097 est
362 1069 442 1115 per
468 1053 764 1115 Prophetam:
807 1052 901 1097 Erit
934 1052 980 1097 in
1015 1051 1258 1098 novissimis
1281 1051 1465 1107 diebus,

85 1140 106 1161 »
130 1119 237 1166 dicit
257 1122 488 1178 Dominus,
515 1122 749 1168 Effundam
771 1122 825 1168 de
843 1122 1012 1185 Spiritu
1034 1138 1129 1168 meo
1149 1139 1278 1186 super
1296 1139 1468 1167 omnem

89 1211 109 1233 ›>
136 1208 310 1238 carnem
327 1191 364 1249 4,
389 1213 410 1234 »
433 1203 515 1239 etc.

150 1262 312 1309 XXIV.
356 1263 456 1309 Jam
491 1274 596 1310 tunc
627 1280 728 1323 ergo
759 1274 884 1309 erant
906 1263 995 1309 dies
1020 1263 1274 1319 novissimi,
1303 1275 1468 1326 quanto

88 1332 220 1392 magis
243 1350 390 1391 nunc,
421 1335 589 1380 etiamsi
624 1344 792 1380 tantum
823 1333 992 1380 dierum
1024 1333 1231 1379 remansit
1262 1351 1396 1396 usque
1429 1335 1474 1379 in

85 1404 245 1460 finem,
281 1416 495 1468 quantum
530 1405 584 1451 ad
622 1406 744 1451 hunc
785 1405 900 1451 diem
935 1424 958 1451 a
1000 1405 1179 1450 Domini
1222 1405 1469 1450 ascensione

85 1485 348 1522 transactum
377 1488 462 1532 est,
507 1477 574 1522 vel
599 1476 767 1555 aliquid
793 1477 881 1522 sive
910 1477 1054 1522 minus
1092 1486 1219 1521 restet
1252 1475 1340 1521 sive
1374 1493 1469 1520 am-

86 1544 229 1608 plius.
220 1548 237 1580 ὓ
265 1547 385 1609 quod
409 1547 608 1611 profecto
636 1547 887 1603 nescimus,
930 1546 1034 1610 quia
1069 1563 1157 1591 non
1188 1557 1248 1592 cst
1273 1556 1471 1591 nostrum

84 1617 192 1663 scire
213 1628 412 1682 tempora
430 1620 498 1666 vel
517 1631 736 1665 momenta
756 1636 891 1697 ,quae
910 1620 1040 1664 Pater
1061 1619 1209 1682 posuit
1227 1618 1272 1663 in
1297 1635 1373 1663 sua
1394 1635 1472 1681 po-

84 1698 270 1734 testate:
299 1707 401 1736 cum
435 1701 576 1736 tamen
603 1691 807 1745 sciamus,
834 1690 879 1735 in
909 1689 1153 1735 novissimis
1178 1689 1469 1751 tempoiibus‚

84 1759 130 1805 in
156 1760 399 1807 novissimis
424 1761 608 1818 diebus,
636 1763 682 1807 in
706 1761 938 1807 novissima
957 1760 1068 1805 hora
1088 1777 1166 1805 nos
1190 1776 1338 1819 agere,
1363 1759 1476 1804 sicut

86 1831 300 1894 Apostoli3
322 1833 395 1878 sed
415 1832 556 1879 multo
576 1834 710 1893 inagis
725 1833 801 1896 qui
820 1831 997 1877 fuerunt
1023 1842 1122 1894 post
1136 1830 1231 1876 illos
1251 1841 1348 1875 ante
1374 1847 1470 1885 nos,

84 1912 126 1947 et
148 1902 288 1948 multo
307 1905 443 1964 magis
463 1922 567 1960 nos,
595 1915 637 1950 et
665 1904 800 1964 magis
836 1920 969 1966 quam
1003 1920 1080 1948 nos
1116 1903 1193 1965 qui
1226 1911 1352 1946 erunt
1375 1911 1473 1964 post

84 1988 162 2016 nos
186 2009 196 2028 ‚
226 1972 365 2019 donec
400 1974 455 2020 ad
486 1975 582 2020 illos
612 1975 810 2021 veniatur
836 1974 913 2037 qui
936 1984 1088 2029 erunt,
1123 1973 1157 2018 si
1187 1972 1273 2017 dici
1296 1983 1468 2034 potest,

84 2043 416 2091 novissimorum
439 2046 689 2101 novissimi,
716 2057 847 2110 atque
867 2045 921 2091 ad
940 2045 1087 2109 ipsum
1113 2044 1291 2090 omnino
1316 2044 1467 2089 novis—

84 2113 271 2171 simum,
302 2133 433 2179 quem
463 2116 558 2162 vult
585 2117 769 2177 intelligi
804 2117 1043 2172 Dominus,
1084 2115 1162 2160 ubi
1192 2114 1331 2169 dicit,
1364 2136 1383 2155 α
1412 2116 1469 2159 Et

85 2204 106 2226 »
129 2187 416 2233 ressuscitabo
435 2205 532 2234 eum
558 2189 605 2234 in
629 2206 684 2234 no
721 2189 863 2234 issimo
890 2187 960 2234 die
977 2190 995 2216 ‘2
1020 2205 1030 2232 ε
1055 2187 1167 2250 »qui
1191 2201 1322 2249 quam
1342 2185 1471 2246 longe

87 2254 216 2311 absit,
239 2258 556 2322 comprehendi
574 2277 661 2305 non
687 2271 843 2323 potest.

150 2326 287 2374 XXV.
327 2328 460 2389 Signa
478 2347 578 2393 quae
601 2331 648 2376 in
681 2330 916 2391 Evangelio
933 2329 1081 2376 futura
1102 2327 1316 2391 praedicta
1341 2338 1443 2373 sunt
1459 2365 1471 2384 ,

87 2395 199 2441 sicut
239 2412 553 2446 commemorat
587 2402 791 2447 sanctitas
836 2412 910 2446 tua
936 2438 947 2455 ‚
986 2398 1226 2445 secundum
1275 2400 1441 2443 Lucani
1458 2435 1471 2444 .

87 2466 235 2513 eadem
250 2481 351 2515 sunt
370 2472 612 2518 secundum
632 2473 893 2518 Matthaeum
910 2482 951 2517 et
966 2469 1206 2516 secundum
1224 2470 1421 2514 Marcum
1434 2468 1472 2527 ζ

136 2565 146 2586 ¹
177 2566 246 2597 Act.
266 2577 314 2610 ιι,
341 2569 380 2599 ι5
397 2592 405 2606 ,
435 2575 465 2600 et
482 2571 566 2604 Joel.
586 2582 614 2601 11
630 2595 638 2609 ‚
669 2572 725 2604 28.
745 2589 790 2594 -—
807 2570 823 2593 ²
839 2574 936 2603 Joan.
953 2580 1006 2609 Vl,
1038 2576 1094 2606 4⁰·
1112 2588 1157 2594 “““
1175 2567 1188 2591 3
1208 2572 1283 2601 ΕΜ·
1312 2579 1380 2611 ΧΨ)
1401 2579 1471 2612 ²⁹3

89 2618 204 2650 Mauh.
225 2632 315 2660 xxiv,
338 2625 397 2663 15,
417 2630 447 2656 et
465 2628 566 2658 Marc.
585 2638 661 2665 xiix,
684 2633 737 2663 14.
