1769 3235
327 261 409 290 102
742 265 776 291 5.
822 261 1066 294 AUGUSTINI
1102 263 1302 295 Episcori

315 423 436 436 ιιιιωσ
445 425 495 435 ιιι
505 425 639 436 νειμ-ιν·
647 427 688 436 αἱ
708 427 724 437 ²·
735 427 810 438 mvsa
819 428 1127 438 =ae==w52===2=z11
1135 430 1482 441 xssszsvstnsmw—vu
1491 430 1671 441 =s==w=¹=2

782 538 1045 583 EPISTULA
1081 541 1184 583 CCV
1205 542 1233 583 ¹.

538 664 798 704 Dilectissimo
818 666 932 704 fratri
952 666 1166 704 Comus-nmo
1181 697 1190 713 ,
1216 668 1472 708 Auensrmms.

320 798 596 855 Augustinus
627 798 857 840 Consentio
871 831 880 845 ‚
904 799 1166 855 respondens
1187 799 1245 840 ad
1268 800 1385 842 illius
1402 804 1697 857 percontatio—

380 882 455 908 nes
481 867 531 908 dc
554 883 733 922 corpore
757 867 924 908 Christi
950 869 1077 921 quule
1095 883 1215 909 nunc
1240 869 1295 909 sit
1312 901 1321 915 ,
1345 885 1516 911 necnon
1534 871 1586 912 do
1607 887 1702 913 nos-
1766 890 1769 896 ⁴

378 934 460 975 tris
475 934 730 991 corporibus
753 935 904 990 qualia
924 936 1079 990 futura
1102 936 1192 975 sint
1215 935 1263 974 in
1286 939 1612 979 resurreccione.

386 1081 425 1125 Ι.
465 1081 695 1137 QUANTUM
726 1080 780 1126 ad
813 1079 961 1126 oculos
996 1080 1150 1126 attinet
1183 1083 1454 1145 corporales,
1488 1083 1701 1147 quosdam

318 1151 540 1204 videmus,
566 1169 646 1198 nee
669 1153 897 1208 novimus,
928 1168 1116 1215 quorum
1153 1170 1175 1197 a
1208 1154 1333 1198 nobis
1366 1154 1507 1200 studia
1525 1155 1704 1218 vitaque

323 1223 602 1277 nesciuntur3
641 1223 854 1287 quosdam
890 1224 1090 1268 novimus
1110 1261 1119 1278 ‚
1158 1241 1236 1269 nee
1267 1224 1483 1281 videmus,
1515 1242 1702 1289 quorum

322 1293 450 1338 nobis
471 1294 661 1339 charitas
680 1305 721 1339 et
744 1295 922 1339 affectus
942 1294 1164 1350 innotuit,
1191 1294 1233 1339 in
1255 1295 1415 1357 quibus
1434 1307 1476 1341 et
1501 1306 1541 1342 te
1560 1313 1705 1342 annu-

323 1380 539 1408 meramus
561 1384 571 1416 ς
599 1375 640 1409 et
666 1364 763 1409 ideo
786 1375 824 1409 te
852 1364 988 1423 magis
1007 1364 1150 1409 videre
1168 1364 1461 1411 desideramus
1477 1401 1488 1422 ,
1523 1377 1572 1411 ut
1594 1367 1706 1412 iniis

322 1433 376 1478 sis
394 1470 405 1489 ,
447 1450 554 1495 quos
585 1444 627 1479 et
660 1434 857 1480 videmus
876 1471 886 1489 ‚
914 1444 955 1480 et
983 1435 1199 1480 novimus.
1239 1436 1350 1480 Nam
1380 1435 1443 1481 illi
1469 1436 1544 1499 qui
1569 1436 1706 1496 ignoti

324 1505 481 1550 nostris
509 1505 647 1551 oeulis
675 1506 947 1566 ingeruntur,
985 1523 1072 1551 non
1104 1506 1243 1551 solum
1276 1506 1583 1552 desiderabiles
1619 1525 1707 1553 non

325 1586 451 1630 sunt,
483 1575 555 1621 sed
583 1577 650 1621 vix
672 1577 917 1622 tolerabiles
946 1588 1066 1632 sunt,
1097 1578 1177 1622 nisi
1209 1577 1430 1640 aliquibus
1452 1578 1583 1637 signis
1602 1578 1708 1641 pul—

327 1646 535 1692 chritudo
552 1647 597 1692 in
618 1647 686 1692 his
702 1647 892 1693 hominis
910 1647 1127 1692 interioris
1154 1659 1377 1711 appareat.
1403 1649 1605 1705 Quorum
1630 1666 1709 1694 au-

329 1728 438 1774 tem,
471 1718 585 1763 sicut
621 1729 744 1776 tuus⁷
773 1718 900 1764 nobis
917 1718 1038 1781 prius
1056 1719 1224 1763 animus
1246 1718 1551 1779 intelligendo,
1577 1737 1708 1782 quam

327 1787 516 1833 videndo
542 1806 703 1852 corpus
731 1790 940 1852 apparuit
958 1827 967 1844 ‚
989 1793 1079 1848 jam
1102 1789 1279 1852 quidem
1303 1791 1502 1836 novimus
1519 1807 1616 1843 eos3
1637 1789 1710 1835 sed

330 1858 428 1904 ideo
453 1859 582 1904 etiam
601 1860 747 1905 videre
767 1860 1059 1905 desideramus
1078 1897 1088 1915 ,
1113 1870 1161 1904 ut
1176 1878 1253 1923 per
1271 1860 1380 1906 illud
1400 1861 1519 1924 quod
1538 1861 1710 1924 conspi-

328 1929 445 1974 citur
476 1930 637 1987 oculis,
678 1930 1073 1990 multojucundius
1098 1941 1140 1976 et
1174 1931 1427 1977 familiarius
1463 1949 1512 1977 eo
1531 1969 1541 1988 ‚
1580 1949 1711 1995 quem

324 2002 415 2058 jam
440 2001 662 2057 novimus,
688 2001 827 2046 amieo
852 2001 1054 2046 interiore
1072 2001 1360 2064 perfruamur.
1386 2001 1545 2047 Verum
1565 2013 1607 2048 et
1624 2001 1712 2047 hoc

331 2069 384 2114 de
407 2081 448 2115 te
485 2071 611 2116 nobis
645 2073 760 2116 Deus
791 2071 966 2117 fortasse
990 2071 1202 2128 donabit,
1226 2072 1515 2133 quietioribus
1535 2083 1577 2117 et
1596 2082 1711 2117 tran-

331 2140 610 2202 quillioribus
627 2180 637 2196 ‚
665 2141 776 2187 sicut
810 2152 1012 2204 optamus
1029 2178 1040 2197 ‚
1076 2141 1206 2186 rebus
1234 2142 1464 2197 Immanis,
1489 2152 1536 2187 ut
1560 2141 1605 2188 id
1625 2142 1712 2187 ho-

330 2224 463 2257 nestae
496 2213 720 2258 charitatis
763 2213 816 2257 sit
847 2213 992 2275 potius
1025 2229 1156 2275 quarn
1205 2212 1398 2258 molestae
1429 2213 1705 2258 necessitatis.

332 2283 462 2328 Nunc
492 2283 547 2329 ad
579 2301 627 2329 ea
656 2282 941 2346 respondeam
961 2321 970 2337 ‚
1011 2284 1124 2328 sieut
1157 2285 1348 2328 Domino
1373 2284 1607 2344 adjuvante
1626 2300 1711 2346 po·-

328 2362 451 2398 tuero
469 2391 480 2409 ,
502 2372 601 2417 quae
623 2365 782 2418 praeter
801 2354 1029 2417 epistolam
1050 2355 1095 2399 in
1116 2353 1199 2398 alia
1222 2354 1426 2400 chartula
1445 2373 1469 2400 a
1492 2372 1562 2400 me
1583 2371 1711 2418 quae-

333 2424 466 2469 reuda
488 2426 653 2471 misisti.

379 2525 389 2546 ¹
411 2524 495 2558 Alias
524 2536 633 2555 eurr.
662 2537 732 2569 quw
754 2532 860 2558 autem
889 2526 953 2557 205
975 2529 1067 2563 erat,
1093 2536 1177 2556 nunc
1201 2527 1275 2566 ¹89·
1297 2544 1335 2549 —
1358 2524 1481 2569 Scripta
1502 2524 1584 2557 sorte
1601 2524 1713 2556 eodem

333 2586 490 2624 ternpore.
