1769 3235
32 178 36 205 ι

31 227 34 284 ξ
537 233 749 263 Ενιετοω
788 235 941 265 ccxxv.
1346 225 1428 271 261

30 288 33 334 l
63 307 248 354 Omnem
280 300 459 366 quidem
494 300 717 345 hominem
754 300 892 345 Adam
925 314 1134 365 peccante
1155 342 1165 361 ,
1193 322 1392 369 peccasse
1423 323 1434 351 ε

28 367 31 441 l
60 388 100 424 et
121 375 335 422 neminem
360 389 438 436 per
458 388 589 434 opera
622 387 720 425 sua,
749 372 820 416 sed
843 389 920 434 per
948 374 1021 419 Dei
1047 376 1229 434 gratiam
1256 394 1435 437 regene-

25 452 29 522 ξ
59 448 220 494 ratione
242 443 397 490 salvari
420 460 430 487 ε
460 441 666 487 universis
693 451 835 486 tamen
867 443 1118 489 hominibus
1152 448 1437 509 propitiatio-

58 534 183 572 nem,
228 532 327 578 quae
365 523 426 559 est
464 513 509 557 in
546 523 813 557 sacramento
854 514 1070 572 sanguinis
1111 517 1309 571 Christi,
1347 518 1436 562 sinc

23 537 27 649 l
57 586 302 649 exceptione
334 601 418 629 csse
443 582 713 646 propositam
732 620 741 631 ,
781 592 828 627 ut
862 585 1130 647 quicumque
1158 586 1210 631 ad
1236 587 1365 632 fidem
1395 599 1437 633 ct

22 654 26 718 ξ
58 657 111 704 ad
144 657 410 719 baptismum
452 652 654 698 accedere
687 653 935 708 voluerint,
979 654 1085 699 salvi
1127 673 1211 701 csse
1251 659 1428 720 possint.

21 725 25 783 ἑ
58 727 144 784 Qui
172 737 314 772 autem
339 724 547 770 credituri
572 734 688 774 sunt,
709 724 837 786 quive
856 723 900 768 in
920 741 967 768 ea
985 724 1088 781 fide,
1113 743 1212 788 quae
1227 727 1432 792 deinceps

19 786 24 840 l
55 815 131 862 per
157 797 337 857 gratiam
366 796 420 840 sit
441 794 636 853 juvanda
657 831 666 847 ,
703 794 897 839 mansuri
921 805 1046 850 sunt,
1085 798 1309 858 praescisse
1335 810 1433 844 ante

55 868 204 915 mundi
239 866 593 913 constitutionem
626 866 765 910 Deum
788 902 798 920 ,
841 876 881 910 et
916 882 986 910 eos
1024 866 1355 928 praedestinasse
1387 869 1432 914 in

16 958 20 981 s
52 957 231 1000 regnum
252 955 379 983 suum
396 975 405 993 ,
441 953 548 1000 quos
574 937 682 995 grati
706 946 880 981 vocatos
900 974 909 991 ,
938 936 1092 996 dignos
1119 937 1290 983 futuros
1316 939 1434 985 elec-

15 1005 21 1051 l
52 1011 165 1057 tione
184 1047 195 1065 ,
215 1020 258 1055 et
277 1009 434 1054 dehac
458 1008 546 1053 vita
571 1008 689 1052 bono
717 1008 801 1052 fine
826 1024 1070 1053 excessuros
1098 1026 1184 1053 esse
1211 1010 1430 1072 praevide-

14 1062 18 1130 l
50 1083 118 1129 rit.
148 1081 337 1143 Ideoque
360 1096 531 1124 omnem
561 1079 781 1124 hominem
809 1078 864 1124 ad
887 1079 1152 1125 credendum
1178 1091 1218 1126 et
1245 1081 1297 1126 ad
1329 1098 1431 1145 ope-

12 1140 16 1210 l
49 1152 235 1199 randum
260 1151 418 1196 divinis
446 1149 796 1195 institutionibus
831 1149 1084 1205 admoneri,
1114 1162 1162 1196 ut
1185 1151 1238 1196 de
1267 1169 1429 1215 appre-

12 1215 15 1244 s
49 1221 280 1269 hendenda
306 1221 393 1266 vita
419 1230 579 1265 aeterna
610 1236 737 1264 nemo
772 1219 998 1282 desperet,
1036 1237 1138 1265 cum
1170 1221 1430 1267 voluntariae

10 1330 11 1334 ,
49 1291 269 1340 devotioni
290 1290 581 1336 remuneratio
600 1291 653 1334 sit
674 1300 841 1352 parata.
869 1290 966 1335 Hoc
989 1301 1130 1336 autem
1145 1292 1427 1354 propositum

9 1351 13 1378 t
47 1362 285 1411 vocationis
310 1361 418 1414 Dei,
449 1377 536 1423 quo
557 1359 623 1404 vel
652 1369 748 1404 ante
776 1359 930 1404 mundi
954 1360 1129 1405 initium
1148 1398 1160 1416 ,
1186 1361 1249 1406 vel
1266 1361 1310 1406 in
1335 1362 1428 1424 ipsa

48 1432 295 1480 conditione
318 1431 482 1491 generis
514 1430 699 1475 humani
719 1467 729 1485 ,
756 1429 1056 1490 eligendorum
1091 1442 1133 1476 et
1165 1432 1427 1491 rejiciendo-

6 1501 10 1564 !
46 1521 143 1550 rum
167 1502 329 1548 dicitur
358 1501 471 1546 facta
496 1501 699 1546 discretio
725 1538 735 1555 ‚
765 1512 813 1546 ut
845 1501 1088 1547 secundum
1114 1502 1235 1566 quod
1259 1503 1429 1566 placuit

5 1565 8 1611 l
48 1572 270 1629 Creatori,
313 1572 385 1617 alii
421 1589 520 1617 vasa
555 1571 756 1622 honoris,
797 1571 869 1616 alii
903 1589 1000 1617 vasa
1035 1573 1312 1619 contumeliae
1342 1575 1428 1620 sint

4 1613 8 1692 l
46 1644 207 1700 creati,
235 1653 276 1688 et
309 1643 442 1706 lapsis
473 1659 622 1687 curam
650 1642 903 1702 resurgendi
942 1642 1159 1699 adimere,
1195 1655 1236 1689 et
1270 1646 1428 1691 sanctis

46 1715 313 1761 occasionem
357 1714 520 1776 teporis
556 1712 706 1757 afferre
739 1731 748 1757 :
790 1730 839 1757 eo
867 1713 988 1775 quod
1024 1713 1068 1758 in
1101 1728 1286 1777 utraque
1311 1727 1437 1778 parte

45 1785 288 1850 superfluus
314 1784 442 1829 labor
464 1784 536 1835 sit,
559 1784 749 1847 sineque
771 1788 954 1843 rejectus
979 1784 1065 1829 ulla
1084 1784 1298 1831 industria
1318 1804 1424 1850 pos-

0 1843 5 1903 l
43 1857 95 1903 sit
122 1857 281 1901 intrare
301 1892 311 1909 ,
338 1872 476 1918 neque
497 1854 656 1899 electus
677 1854 765 1899 ulla
786 1854 1043 1914 negligentia
1057 1856 1193 1918 possit
1209 1857 1418 1904 excidere.

0 1909 4 2045 l
45 1928 234 1990 Quoquo
253 1925 369 1971 enim
392 1925 521 1971 modo
541 1943 582 1971 se
601 1927 766 1986 egerint
785 1962 792 1981 ,
827 1942 915 1970 non
944 1943 1068 1988 posse
1095 1926 1211 1972 aliud
1234 1945 1332 1989 erga
1353 1946 1424 1975 eos

0 2055 2 2065 k
43 2014 173 2061 quam
203 1997 317 2041 Deus
340 1995 540 2042 definivit
561 2034 572 2052 ,
606 1995 828 2048 accidere3
852 2006 894 2041 et
917 1997 1001 2041 sub
1023 1997 1188 2044 incerta
1212 2015 1288 2062 spe
1317 2016 1422 2045 cur-

0 2068 2 2129 l
42 2085 136 2114 sum
163 2084 252 2113 non
285 2083 408 2129 posse
444 2083 531 2112 esse
571 2077 874 2120 constantem3
906 2084 1006 2113 curn
1044 2067 1078 2112 si
1109 2067 1227 2114 aliud
1259 2070 1424 2117 habeat

41 2136 389 2203 praedestinantis
409 2137 585 2193 electio,
614 2155 731 2183 cassa
761 2138 815 2183 sit
842 2137 1075 2184 adnitentis
1095 2139 1292 2188 intentio.
1325 2142 1417 2188 Re-

43 2209 203 2255 moveri
227 2209 374 2271 itaque
407 2225 580 2254 omnem
603 2209 863 2254 industriam
884 2247 894 2265 ,
940 2209 1120 2272 tollique
1155 2210 1336 2257 virtutes
1352 2250 1363 2268 ,
1389 2213 1423 2260 si

43 2281 119 2326 Dei
157 2278 409 2325 constitutio
447 2279 662 2325 humanas
685 2280 927 2344 praeveniat
962 2279 1240 2327 voluntates:
1271 2294 1314 2328 et
1337 2285 1421 2330 sub

40 2351 126 2397 hoc
150 2350 544 2414 praedestinationis
567 2352 742 2396 nomine
759 2388 770 2407 ,
802 2349 978 2396 fatalem
1003 2351 1242 2414 quamdam
1265 2353 1418 2401 induci

41 2423 357 2479 necessitatem3
388 2433 461 2468 aut
484 2421 751 2469 diversarum
781 2433 1035 2469 naturarum
1062 2422 1150 2469 dici
1184 2424 1420 2472 Dominum

42 2493 310 2540 conditorem
332 2531 342 2550 ,
361 2495 394 2539 si
421 2511 549 2539 nemo
584 2494 704 2540 aliud
733 2495 869 2558 possit
899 2511 986 2540 esse
1020 2511 1152 2557 quam
1175 2493 1315 2542 factus
1336 2508 1412 2545 est.

44 2566 183 2630 Atque
207 2576 255 2612 ut
277 2566 453 2615 brevius
479 2584 529 2612 ac
554 2566 724 2631 plenius
759 2566 880 2630 quod
909 2565 1150 2630 opinantur
1175 2583 1386 2631 exponam
1407 2607 1418 2626 ,
