1769 3235
340 324 433 380 404
742 333 776 362 s.
822 330 1064 362 Aue-usum
1100 331 1302 362 Emscopi

337 418 477 463 gerem
498 436 505 455 ,
525 398 599 446 sed
622 396 743 462 quod
768 407 808 442 te
832 394 1077 442 inordinate
1096 407 1137 442 et
1154 397 1329 442 incaute
1352 404 1518 455 agente,
1539 393 1621 439 viri
1643 393 1706 439 tui
1740 387 1750 453 ξ

331 473 498 519 factum
515 469 533 498 ¹
557 468 760 515 dolerem.
789 467 853 512 De
880 470 1003 527 cujus
1023 467 1293 530 reparatione
1317 465 1448 511 debes
1471 463 1707 510 vehemen-
1742 458 1745 527 ζ

332 542 493 588 tissime
508 539 697 599 cogitare
716 573 727 591 ‚
747 537 781 582 si
802 553 898 583 vere
918 536 972 582 acl
993 537 1220 582 Christum
1241 537 1304 582 vis
1329 535 1553 600 pertinere.
1569 533 1706 580 Indue
1742 530 1746 580 ἶ

331 614 477 676 itaque
502 608 794 656 humilitatem
817 608 971 654 mentis
988 645 997 660 ,
1022 618 1064 653 et
1087 618 1134 652 ut
1156 619 1196 652 te
1221 609 1335 652 Deus
1365 615 1586 652 conservet
1610 622 1706 668 per·

330 692 616 738 severantem,
637 679 726 725 noli
740 679 944 724 maritum
964 689 1238 725 contemnere
1258 688 1528 741 pereuntem.
1555 675 1706 722 Funde

329 770 410 817 pro
428 752 502 798 illo
522 752 614 815 pias
635 761 677 797 et
700 749 888 796 assiduas
907 749 1137 804 orationeS,
1156 750 1351 794 sacrifica
1376 748 1589 810 lacrymas
1610 757 1701 792 tan·

326 840 461 887 quam
487 821 699 870 vulnerati
718 820 967 880 sanguinem
984 818 1140 866 cordis.
1171 821 1224 865 Et
1242 820 1381 865 scribe
1398 818 1451 864 ad
1466 835 1564 863 eum
1583 817 1702 863 satis·
1745 819 1747 867 ἦ

324 894 581 949 factionem,
604 903 753 956 petens
780 889 946 936 veniam
964 927 974 942 ,
1003 890 1105 952 quia
1135 890 1179 935 in
1208 907 1304 935 eum
1329 889 1545 952 peccasti,
1580 888 1701 952 quod
1744 894 1747 901 '

324 976 484 1028 praeter
500 968 590 1024 ojus
610 961 839 1008 consilium
860 971 901 1006 et
918 960 1185 1006 voluntatem
1205 960 1258 1006 de
1283 961 1411 1006 rebus
1431 959 1513 1005 tuis
1530 958 1666 1005 fecisti
1685 995 1696 1014 ,
1745 968 1747 1003 3

324 1035 445 1099 quod
482 1032 732 1080 faciendum
763 1031 953 1095 putasti,
982 1048 1071 1076 non
1105 1041 1154 1076 ut
1188 1041 1228 1076 te
1261 1030 1474 1094 poeniteat
1502 1027 1701 1074 tribuisse

325 1106 598 1170 pauperibus
618 1140 629 1163 ,
652 1103 723 1150 sed
753 1120 851 1149 eum
877 1102 941 1148 tui
963 1102 1068 1148 boni
1092 1103 1234 1166 operis
1262 1101 1521 1165 participem
1547 1111 1589 1145 et
1611 1117 1702 1145 mo·
1745 1114 1749 1161 ἡ

324 1177 567 1224 deratorem
596 1175 759 1221 habere
791 1172 990 1221 noluisse.
1017 1174 1230 1219 Promitte
1254 1172 1307 1218 de
1332 1183 1488 1218 caetero
1508 1171 1550 1216 in
1570 1169 1701 1230 adju·
1745 1185 1747 1192 ¹

322 1249 434 1294 torio
463 1247 668 1303 Domini,
688 1246 721 1292 si
741 1257 781 1292 et
799 1245 923 1291 illum
945 1262 1034 1290 suae
1055 1243 1343 1308 turpitudinis
1361 1241 1638 1307 poenituerit,
1659 1252 1701 1287 et
1746 1251 1747 1302 ]

322 1317 634 1364 continentiam
665 1334 799 1380 quam
838 1316 1026 1361 deseruit
1060 1315 1336 1378 repetiverit,
1379 1325 1419 1359 te
1458 1313 1553 1369 illi,
1588 1313 1701 1358 sicut

322 1389 470 1443 decet,
494 1389 537 1433 in
555 1387 759 1433 omnibus
780 1387 1035 1432 servituram
1058 1423 1068 1440 ,
1100 1403 1151 1430 ne
1174 1385 1285 1430 forte
1303 1422 1313 1440 ,
1344 1395 1393 1430 ut
1423 1384 1482 1429 ait
1506 1384 1694 1446 Aposto-
1746 1386 1748 1409 ‘

320 1459 387 1505 lus
403 1496 413 1515 ,
438 1459 511 1505 det
542 1458 604 1504 illi
640 1460 754 1505 Deus
779 1456 1082 1521 poenitentiam
1101 1493 1111 1511 ,
1146 1466 1188 1501 et
1213 1455 1435 1518 resipiscat
1453 1455 1507 1500 de
1532 1453 1697 1500 diaboli

322 1529 539 1594 laqueis2,
562 1548 584 1575 a
605 1546 693 1592 quo
715 1529 916 1592 captivus
934 1537 1105 1574 tenetur
1124 1525 1364 1573 secundum
1389 1526 1525 1589 ipsius
1546 1525 1699 1571 volun-

323 1611 472 1647 tatem.
499 1600 658 1646 Filium
678 1610 822 1645 autem
841 1609 1048 1654 vestrum,
1076 1597 1284 1662 quoniam
1305 1596 1358 1642 de
1378 1596 1581 1657 legitimis
1600 1612 1698 1641 eum
1746 1592 1749 1598 ¹

320 1681 362 1716 et
387 1670 579 1716 honestis
604 1670 768 1733 nuptiis
802 1669 1072 1732 suscepistis,
1103 1669 1237 1728 magis
1260 1668 1305 1713 in
1335 1667 1469 1731 patris
1496 1683 1628 1731 quam
1653 1665 1699 1712 in

321 1750 395 1786 tua
428 1758 513 1787 esse
549 1751 761 1803 potestate
788 1739 885 1803 quis
909 1739 1102 1784 nesciat?
1133 1739 1188 1784 Et
1221 1737 1320 1784 ideo
1357 1738 1396 1783 ei
1432 1738 1579 1797 negari
1611 1753 1699 1782 non
1746 1754 1750 1786 ι

320 1823 480 1875 potest,
504 1813 771 1875 ubicumque
791 1811 913 1856 illum
934 1827 1019 1856 esse
1043 1810 1325 1870 cognoverit,
1347 1819 1389 1854 et
1405 1812 1504 1869 jure
1529 1824 1697 1872 popos-
1746 1817 1750 1844 ἱ

321 1883 428 1929 cerit
452 1900 463 1928 :
490 1900 539 1928 ac
565 1900 640 1946 per
661 1882 747 1928 hoc
773 1892 819 1927 ut
841 1880 1082 1926 secundum
1105 1891 1221 1926 tuam
1251 1880 1516 1926 voluntatem
1545 1879 1589 1924 in
1619 1878 1697 1924 Dei
1746 1892 1751 1940 ξ

319 1953 455 2016 possit
477 1954 633 1999 nutriri
655 1962 695 1998 et
717 1951 879 1997 erudiri
895 1951 1128 2015 sapientia,
1151 1950 1388 1996 necessaria
1405 1961 1467 1996 est
1483 1948 1547 1995 illi
1565 1948 1696 1995 etiam
1747 1984 1750 2009 3

319 2035 459 2071 vestra
482 2023 733 2070 concordia.

367 2126 377 2147 ¹
394 2127 488 2156 Forte
504 2124 653 2167 fractum,
670 2125 793 2156 scilicet
804 2132 923 2155 rectum
939 2123 1115 2154 institutum
1130 2122 1208 2154 viri.
1226 2140 1270 2146 —
1287 2120 1303 2143 2
1317 2133 1334 2152 2
1351 2121 1433 2154 Tim.
1451 2132 1489 2158 11,
1508 2121 1565 2155 26.
