<?xml version="1.0" encoding="UTF-8"?>
<!DOCTYPE html PUBLIC "-//W3C//DTD XHTML 1.0 Transitional//EN"
    "http://www.w3.org/TR/xhtml1/DTD/xhtml1-transitional.dtd">
<html xmlns="http://www.w3.org/1999/xhtml" xml:lang="en" lang="en">
 <head>
  <title>
</title>
<meta http-equiv="Content-Type" content="text/html;charset=utf-8" />
  <meta name='ocr-system' content='tesseract 3.04.00' />
  <meta name='ocr-capabilities' content='ocr_page ocr_carea ocr_par ocr_line ocrx_word'/>
</head>
<body>
  <div class='ocr_page' id='page_1' title='image "./operaomniaaccura41auguuoft/operaomniaaccura41auguuoft_0421.png"; bbox 0 0 1769 3235; ppageno 0'>
   <div class='ocr_carea' id='block_1_1' title="bbox 513 295 1404 349">
    <p class='ocr_par' dir='ltr' id='par_1_1' title="bbox 513 295 1404 349">
     <span class='ocr_line' id='line_1_1' title="bbox 513 295 1404 349; baseline 0.004 -15"><span class='ocrx_word' id='word_1_1' title='bbox 513 302 723 334; x_wconf 67' lang='lat' dir='ltr'>Emsrom</span> <span class='ocrx_word' id='word_1_2' title='bbox 759 304 920 336; x_wconf 77' lang='grc'><strong>6611111.</strong></span> <span class='ocrx_word' id='word_1_3' title='bbox 1320 295 1404 349; x_wconf 71' lang='grc'>401</span> 
     </span>
    </p>
   </div>
   <div class='ocr_carea' id='block_1_2' title="bbox 43 366 1414 647">
    <p class='ocr_par' dir='ltr' id='par_1_2' title="bbox 43 366 1414 647">
     <span class='ocr_line' id='line_1_2' title="bbox 43 366 1414 434; baseline 0.003 -18"><span class='ocrx_word' id='word_1_4' title='bbox 43 370 165 416; x_wconf 88' lang='lat' dir='ltr'>lucra</span> <span class='ocrx_word' id='word_1_5' title='bbox 187 407 198 426; x_wconf 93' lang='lat'>‚</span> <span class='ocrx_word' id='word_1_6' title='bbox 226 384 326 433; x_wconf 83' lang='lat' dir='ltr'>quae</span> <span class='ocrx_word' id='word_1_7' title='bbox 356 367 550 415; x_wconf 89' lang='lat' dir='ltr'>coelestia</span> <span class='ocrx_word' id='word_1_8' title='bbox 572 366 808 427; x_wconf 79' lang='lat' dir='ltr'><strong>cogitabas.</strong></span> <span class='ocrx_word' id='word_1_9' title='bbox 843 370 887 416; x_wconf 89' lang='lat' dir='ltr'>Si</span> <span class='ocrx_word' id='word_1_10' title='bbox 919 370 1031 416; x_wconf 90' lang='lat' dir='ltr'>enim</span> <span class='ocrx_word' id='word_1_11' title='bbox 1054 371 1189 418; x_wconf 83' lang='lat' dir='ltr'>habet</span> <span class='ocrx_word' id='word_1_12' title='bbox 1208 372 1270 419; x_wconf 88' lang='lat' dir='ltr'>ibi</span> <span class='ocrx_word' id='word_1_13' title='bbox 1289 390 1414 434; x_wconf 86' lang='lat' dir='ltr'>mag-</span> 
     </span>
     <span class='ocr_line' id='line_1_3' title="bbox 44 437 1413 504; baseline 0.004 -18"><span class='ocrx_word' id='word_1_14' title='bbox 44 456 149 486; x_wconf 91' lang='lat' dir='ltr'>num</span> <span class='ocrx_word' id='word_1_15' title='bbox 172 439 318 486; x_wconf 90' lang='lat' dir='ltr'>locum</span> <span class='ocrx_word' id='word_1_16' title='bbox 346 439 471 504; x_wconf 88' lang='lat' dir='ltr'>panis</span> <span class='ocrx_word' id='word_1_17' title='bbox 496 437 661 483; x_wconf 83' lang='lat' dir='ltr'>fractus</span> <span class='ocrx_word' id='word_1_18' title='bbox 692 440 923 497; x_wconf 81' lang='lat' dir='ltr'><strong>esurienti,</strong></span> <span class='ocrx_word' id='word_1_19' title='bbox 951 454 1162 504; x_wconf 88' lang='lat' dir='ltr'>quantum</span> <span class='ocrx_word' id='word_1_20' title='bbox 1183 443 1329 490; x_wconf 89' lang='lat' dir='ltr'>locum</span> <span class='ocrx_word' id='word_1_21' title='bbox 1350 445 1413 491; x_wconf 90' lang='lat' dir='ltr'>ibi</span> 
     </span>
     <span class='ocr_line' id='line_1_4' title="bbox 45 508 1413 577; baseline 0.003 -21"><span class='ocrx_word' id='word_1_22' title='bbox 45 509 260 557; x_wconf 88' lang='lat' dir='ltr'>credenda</span> <span class='ocrx_word' id='word_1_23' title='bbox 301 521 363 556; x_wconf 88' lang='lat' dir='ltr'>est</span> <span class='ocrx_word' id='word_1_24' title='bbox 396 509 561 555; x_wconf 91' lang='lat' dir='ltr'>habere</span> <span class='ocrx_word' id='word_1_25' title='bbox 596 508 890 555; x_wconf 85' lang='lat' dir='ltr'>misericordia</span> <span class='ocrx_word' id='word_1_26' title='bbox 911 548 922 567; x_wconf 83' lang='lat'>‚</span> <span class='ocrx_word' id='word_1_27' title='bbox 959 528 1045 575; x_wconf 86' lang='lat' dir='ltr'>qua</span> <span class='ocrx_word' id='word_1_28' title='bbox 1073 514 1205 559; x_wconf 84' lang='lat' dir='ltr'>homo</span> <span class='ocrx_word' id='word_1_29' title='bbox 1229 515 1413 577; x_wconf 86' lang='lat' dir='ltr'>eripitur</span> 
     </span>
     <span class='ocr_line' id='line_1_5' title="bbox 45 579 1413 647; baseline 0.004 -20"><span class='ocrx_word' id='word_1_30' title='bbox 45 581 254 638; x_wconf 85' lang='lat' dir='ltr'>diabolo,</span> <span class='ocrx_word' id='word_1_31' title='bbox 296 592 505 646; x_wconf 83' lang='lat' dir='ltr'>tanquam</span> <span class='ocrx_word' id='word_1_32' title='bbox 547 579 661 626; x_wconf 90' lang='lat' dir='ltr'>leoni</span> <span class='ocrx_word' id='word_1_33' title='bbox 699 581 923 641; x_wconf 84' lang='lat' dir='ltr'>rugienti,</span> <span class='ocrx_word' id='word_1_34' title='bbox 970 594 1012 628; x_wconf 87' lang='lat' dir='ltr'>et</span> <span class='ocrx_word' id='word_1_35' title='bbox 1065 601 1194 647; x_wconf 81' lang='lat' dir='ltr'>quem</span> <span class='ocrx_word' id='word_1_36' title='bbox 1235 585 1413 632; x_wconf 89' lang='lat' dir='ltr'>devoret</span> 
     </span>
    </p>
   </div>
   <div class='ocr_carea' id='block_1_3' title="bbox 1 651 313 714">
    <p class='ocr_par' dir='ltr' id='par_1_3' title="bbox 1 651 313 714">
     <span class='ocr_line' id='line_1_6' title="bbox 1 651 313 714; baseline -0.013 -13"><span class='ocrx_word' id='word_1_37' title='bbox 1 675 5 701; x_wconf 63' lang='grc' dir='ltr'><strong>ι</strong></span> <span class='ocrx_word' id='word_1_38' title='bbox 44 651 279 714; x_wconf 89' lang='lat' dir='ltr'>inquirenti</span> <span class='ocrx_word' id='word_1_39' title='bbox 293 655 313 698; x_wconf 72' lang='grc' dir='ltr'>Ξ)</span> 
     </span>
    </p>
   </div>
   <div class='ocr_carea' id='block_1_4' title="bbox 45 722 1417 857">
    <p class='ocr_par' dir='ltr' id='par_1_4' title="bbox 45 722 1417 857">
     <span class='ocr_line' id='line_1_7' title="bbox 109 722 1414 787; baseline 0.006 -21"><span class='ocrx_word' id='word_1_40' title='bbox 109 722 208 769; x_wconf 89' lang='lat' dir='ltr'><strong>VII.</strong></span> <span class='ocrx_word' id='word_1_41' title='bbox 236 724 386 786; x_wconf 83' lang='lat' dir='ltr'>Neque</span> <span class='ocrx_word' id='word_1_42' title='bbox 416 725 502 770; x_wconf 93' lang='lat' dir='ltr'>hoc</span> <span class='ocrx_word' id='word_1_43' title='bbox 524 724 584 770; x_wconf 89' lang='lat' dir='ltr'>ita</span> <span class='ocrx_word' id='word_1_44' title='bbox 609 723 796 770; x_wconf 89' lang='lat' dir='ltr'>dicimus</span> <span class='ocrx_word' id='word_1_45' title='bbox 813 760 825 780; x_wconf 93' lang='lat'>‚</span> <span class='ocrx_word' id='word_1_46' title='bbox 849 733 896 768; x_wconf 92' lang='lat' dir='ltr'>ut</span> <span class='ocrx_word' id='word_1_47' title='bbox 915 723 948 768; x_wconf 90' lang='lat' dir='ltr'>si</span> <span class='ocrx_word' id='word_1_48' title='bbox 968 724 1198 787; x_wconf 88' lang='lat' dir='ltr'>quisquam</span> <span class='ocrx_word' id='word_1_49' title='bbox 1224 727 1414 773; x_wconf 86' lang='lat' dir='ltr'>scanda-</span> 
     </span>
     <span class='ocr_line' id='line_1_8' title="bbox 45 791 1417 857; baseline 0.003 -19"><span class='ocrx_word' id='word_1_50' title='bbox 45 791 196 838; x_wconf 89' lang='lat' dir='ltr'>lizatus</span> <span class='ocrx_word' id='word_1_51' title='bbox 228 792 359 838; x_wconf 88' lang='lat' dir='ltr'>fuerit</span> <span class='ocrx_word' id='word_1_52' title='bbox 391 794 443 839; x_wconf 89' lang='lat' dir='ltr'>de</span> <span class='ocrx_word' id='word_1_53' title='bbox 468 795 594 840; x_wconf 88' lang='lat' dir='ltr'>bonis</span> <span class='ocrx_word' id='word_1_54' title='bbox 616 794 824 857; x_wconf 88' lang='lat' dir='ltr'>operibus</span> <span class='ocrx_word' id='word_1_55' title='bbox 846 794 1030 849; x_wconf 86' lang='lat' dir='ltr'>nostris,</span> <span class='ocrx_word' id='word_1_56' title='bbox 1055 795 1110 840; x_wconf 86' lang='lat' dir='ltr'>ab</span> <span class='ocrx_word' id='word_1_57' title='bbox 1128 795 1186 840; x_wconf 89' lang='lat' dir='ltr'>eis</span> <span class='ocrx_word' id='word_1_58' title='bbox 1206 795 1417 843; x_wconf 89' lang='lat' dir='ltr'>desisten-</span> 
     </span>
    </p>
   </div>
   <div class='ocr_carea' id='block_1_5' title="bbox 1 861 1419 1000">
    <p class='ocr_par' dir='ltr' id='par_1_5' title="bbox 1 861 1419 1000">
     <span class='ocr_line' id='line_1_9' title="bbox 1 861 1419 926; baseline 0.004 -19"><span class='ocrx_word' id='word_1_59' title='bbox 1 898 3 906; x_wconf 38' lang='lat'><em>1</em></span> <span class='ocrx_word' id='word_1_60' title='bbox 46 861 151 908; x_wconf 89' lang='lat' dir='ltr'>dum</span> <span class='ocrx_word' id='word_1_61' title='bbox 174 873 407 926; x_wconf 89' lang='lat' dir='ltr'>putemus;</span> <span class='ocrx_word' id='word_1_62' title='bbox 439 864 510 910; x_wconf 88' lang='lat' dir='ltr'>sed</span> <span class='ocrx_word' id='word_1_63' title='bbox 532 864 612 910; x_wconf 88' lang='lat' dir='ltr'>alia</span> <span class='ocrx_word' id='word_1_64' title='bbox 638 881 766 910; x_wconf 82' lang='lat' dir='ltr'>causa</span> <span class='ocrx_word' id='word_1_65' title='bbox 789 875 851 910; x_wconf 89' lang='lat' dir='ltr'>est</span> <span class='ocrx_word' id='word_1_66' title='bbox 880 864 1116 910; x_wconf 81' lang='lat' dir='ltr'>alienarum</span> <span class='ocrx_word' id='word_1_67' title='bbox 1137 902 1147 919; x_wconf 87' lang='lat'>‚</span> <span class='ocrx_word' id='word_1_68' title='bbox 1174 864 1255 911; x_wconf 87' lang='lat' dir='ltr'>alia</span> <span class='ocrx_word' id='word_1_69' title='bbox 1274 883 1419 914; x_wconf 86' lang='lat' dir='ltr'>neces-</span> 
     </span>
     <span class='ocr_line' id='line_1_10' title="bbox 1 927 1419 1000; baseline 0.004 -21"><span class='ocrx_word' id='word_1_70' title='bbox 1 927 3 960; x_wconf 52' lang='grc'><em>9</em></span> <span class='ocrx_word' id='word_1_71' title='bbox 47 934 255 980; x_wconf 84' lang='lat' dir='ltr'>sariarum</span> <span class='ocrx_word' id='word_1_72' title='bbox 279 935 324 981; x_wconf 91' lang='lat' dir='ltr'>in</span> <span class='ocrx_word' id='word_1_73' title='bbox 348 935 550 981; x_wconf 90' lang='lat' dir='ltr'>societate</span> <span class='ocrx_word' id='word_1_74' title='bbox 567 935 710 1000; x_wconf 86' lang='lat' dir='ltr'>aliqua</span> <span class='ocrx_word' id='word_1_75' title='bbox 727 953 1037 998; x_wconf 82' lang='lat' dir='ltr'>personarum3</span> <span class='ocrx_word' id='word_1_76' title='bbox 1057 937 1139 982; x_wconf 89' lang='lat' dir='ltr'>alia</span> <span class='ocrx_word' id='word_1_77' title='bbox 1157 936 1314 994; x_wconf 86' lang='lat' dir='ltr'>fidelis,</span> <span class='ocrx_word' id='word_1_78' title='bbox 1334 939 1419 986; x_wconf 87' lang='lat' dir='ltr'>alia</span> 
     </span>
    </p>
   </div>
   <div class='ocr_carea' id='block_1_6' title="bbox 47 1004 1433 2201">
    <p class='ocr_par' dir='ltr' id='par_1_6' title="bbox 47 1004 1432 1708">
     <span class='ocr_line' id='line_1_11' title="bbox 47 1004 1422 1070; baseline 0.004 -20"><span class='ocrx_word' id='word_1_79' title='bbox 47 1004 260 1060; x_wconf 86' lang='lat' dir='ltr'>infidelis;</span> <span class='ocrx_word' id='word_1_80' title='bbox 299 1005 381 1051; x_wconf 88' lang='lat' dir='ltr'>alia</span> <span class='ocrx_word' id='word_1_81' title='bbox 416 1017 646 1069; x_wconf 88' lang='lat' dir='ltr'>parentum</span> <span class='ocrx_word' id='word_1_82' title='bbox 670 1023 770 1066; x_wconf 87' lang='lat' dir='ltr'>ergo</span> <span class='ocrx_word' id='word_1_83' title='bbox 797 1007 936 1061; x_wconf 79' lang='lat' dir='ltr'>filios,</span> <span class='ocrx_word' id='word_1_84' title='bbox 970 1007 1054 1053; x_wconf 87' lang='lat' dir='ltr'>alia</span> <span class='ocrx_word' id='word_1_85' title='bbox 1089 1008 1281 1054; x_wconf 86' lang='lat' dir='ltr'>filiorum</span> <span class='ocrx_word' id='word_1_86' title='bbox 1321 1027 1422 1070; x_wconf 84' lang='lat' dir='ltr'>erga</span> 
     </span>
     <span class='ocr_line' id='line_1_12' title="bbox 47 1075 1424 1140; baseline 0.004 -20"><span class='ocrx_word' id='word_1_87' title='bbox 47 1086 275 1138; x_wconf 89' lang='lat' dir='ltr'>parentes;</span> <span class='ocrx_word' id='word_1_88' title='bbox 300 1075 380 1122; x_wconf 87' lang='lat' dir='ltr'>alia</span> <span class='ocrx_word' id='word_1_89' title='bbox 403 1087 622 1140; x_wconf 83' lang='lat' dir='ltr'>postremo</span> <span class='ocrx_word' id='word_1_90' title='bbox 635 1094 699 1131; x_wconf 79' lang='lat' dir='ltr'>ea,</span> <span class='ocrx_word' id='word_1_91' title='bbox 722 1094 822 1140; x_wconf 82' lang='lat' dir='ltr'>quae</span> <span class='ocrx_word' id='word_1_92' title='bbox 844 1077 889 1123; x_wconf 91' lang='lat' dir='ltr'>in</span> <span class='ocrx_word' id='word_1_93' title='bbox 910 1077 978 1123; x_wconf 90' lang='lat' dir='ltr'>his</span> <span class='ocrx_word' id='word_1_94' title='bbox 996 1078 1125 1124; x_wconf 89' lang='lat' dir='ltr'>rebus</span> <span class='ocrx_word' id='word_1_95' title='bbox 1148 1078 1215 1124; x_wconf 74' lang='lat' dir='ltr'>vel</span> <span class='ocrx_word' id='word_1_96' title='bbox 1239 1081 1424 1126; x_wconf 81' lang='lat' dir='ltr'>maxime</span> 
     </span>
     <span class='ocr_line' id='line_1_13' title="bbox 47 1144 1424 1209; baseline 0.004 -19"><span class='ocrx_word' id='word_1_97' title='bbox 47 1144 257 1191; x_wconf 88' lang='lat' dir='ltr'>intuenda</span> <span class='ocrx_word' id='word_1_98' title='bbox 275 1147 431 1192; x_wconf 75' lang='lat' dir='ltr'>estviri</span> <span class='ocrx_word' id='word_1_99' title='bbox 450 1157 491 1192; x_wconf 86' lang='lat' dir='ltr'>et</span> <span class='ocrx_word' id='word_1_100' title='bbox 511 1147 674 1203; x_wconf 83' lang='lat' dir='ltr'>uxoris,</span> <span class='ocrx_word' id='word_1_101' title='bbox 699 1147 775 1192; x_wconf 89' lang='lat' dir='ltr'>ubi</span> <span class='ocrx_word' id='word_1_102' title='bbox 795 1148 1017 1194; x_wconf 88' lang='lat' dir='ltr'>mulierem</span> <span class='ocrx_word' id='word_1_103' title='bbox 1040 1151 1318 1209; x_wconf 85' lang='lat' dir='ltr'>conjugatam</span> <span class='ocrx_word' id='word_1_104' title='bbox 1334 1168 1424 1197; x_wconf 88' lang='lat' dir='ltr'>non</span> 
     </span>
     <span class='ocr_line' id='line_1_14' title="bbox 49 1215 1424 1284; baseline 0.005 -23"><span class='ocrx_word' id='word_1_105' title='bbox 49 1215 149 1262; x_wconf 90' lang='lat' dir='ltr'>licet</span> <span class='ocrx_word' id='word_1_106' title='bbox 171 1215 314 1263; x_wconf 88' lang='lat' dir='ltr'>dicere</span> <span class='ocrx_word' id='word_1_107' title='bbox 336 1234 347 1263; x_wconf 73' lang='grc' dir='ltr'>ε</span> <span class='ocrx_word' id='word_1_108' title='bbox 374 1218 503 1264; x_wconf 84' lang='lat' dir='ltr'>Facio</span> <span class='ocrx_word' id='word_1_109' title='bbox 528 1218 649 1282; x_wconf 90' lang='lat' dir='ltr'>quod</span> <span class='ocrx_word' id='word_1_110' title='bbox 667 1217 766 1264; x_wconf 86' lang='lat' dir='ltr'>volo</span> <span class='ocrx_word' id='word_1_111' title='bbox 791 1218 845 1264; x_wconf 87' lang='lat' dir='ltr'>de</span> <span class='ocrx_word' id='word_1_112' title='bbox 868 1236 994 1273; x_wconf 93' lang='lat' dir='ltr'>meo;</span> <span class='ocrx_word' id='word_1_113' title='bbox 1028 1237 1128 1266; x_wconf 91' lang='lat' dir='ltr'>cum</span> <span class='ocrx_word' id='word_1_114' title='bbox 1152 1231 1193 1266; x_wconf 88' lang='lat' dir='ltr'>et</span> <span class='ocrx_word' id='word_1_115' title='bbox 1216 1221 1310 1284; x_wconf 90' lang='lat' dir='ltr'>ipsa</span> <span class='ocrx_word' id='word_1_116' title='bbox 1336 1239 1424 1268; x_wconf 89' lang='lat' dir='ltr'>non</span> 
     </span>
     <span class='ocr_line' id='line_1_15' title="bbox 50 1286 1428 1356; baseline 0.004 -24"><span class='ocrx_word' id='word_1_117' title='bbox 50 1286 104 1333; x_wconf 89' lang='lat' dir='ltr'>sit</span> <span class='ocrx_word' id='word_1_118' title='bbox 123 1304 198 1333; x_wconf 84' lang='lat' dir='ltr'>sua</span> <span class='ocrx_word' id='word_1_119' title='bbox 220 1325 232 1344; x_wconf 87' lang='lat'><strong>,</strong></span> <span class='ocrx_word' id='word_1_120' title='bbox 259 1287 333 1334; x_wconf 86' lang='lat' dir='ltr'>sed</span> <span class='ocrx_word' id='word_1_121' title='bbox 359 1289 512 1353; x_wconf 83' lang='lat' dir='ltr'>capitis</span> <span class='ocrx_word' id='word_1_122' title='bbox 535 1289 625 1347; x_wconf 90' lang='lat' dir='ltr'>sui,</span> <span class='ocrx_word' id='word_1_123' title='bbox 655 1289 742 1335; x_wconf 89' lang='lat' dir='ltr'>hoc</span> <span class='ocrx_word' id='word_1_124' title='bbox 763 1300 839 1345; x_wconf 85' lang='lat' dir='ltr'>est,</span> <span class='ocrx_word' id='word_1_125' title='bbox 867 1290 949 1336; x_wconf 86' lang='lat' dir='ltr'>viri</span> <span class='ocrx_word' id='word_1_126' title='bbox 980 1292 1058 1338; x_wconf 87' lang='lat' dir='ltr'>sui.</span> <span class='ocrx_word' id='word_1_127' title='bbox 1090 1292 1200 1336; x_wconf 84' lang='lat' dir='ltr'>Nam</span> <span class='ocrx_word' id='word_1_128' title='bbox 1222 1292 1283 1337; x_wconf 89' lang='lat' dir='ltr'>sic</span> <span class='ocrx_word' id='word_1_129' title='bbox 1306 1309 1428 1356; x_wconf 88' lang='lat' dir='ltr'>quae-</span> 
     </span>
     <span class='ocr_line' id='line_1_16' title="bbox 50 1356 1428 1424; baseline 0.003 -20"><span class='ocrx_word' id='word_1_130' title='bbox 50 1356 176 1413; x_wconf 84' lang='lat' dir='ltr'>dam,</span> <span class='ocrx_word' id='word_1_131' title='bbox 196 1369 244 1404; x_wconf 88' lang='lat' dir='ltr'>ut</span> <span class='ocrx_word' id='word_1_132' title='bbox 270 1371 583 1406; x_wconf 87' lang='lat' dir='ltr'>commemorat</span> <span class='ocrx_word' id='word_1_133' title='bbox 607 1360 829 1424; x_wconf 82' lang='lat' dir='ltr'>apostolus</span> <span class='ocrx_word' id='word_1_134' title='bbox 850 1362 1021 1417; x_wconf 87' lang='lat' dir='ltr'>Petrus,</span> <span class='ocrx_word' id='word_1_135' title='bbox 1044 1361 1243 1407; x_wconf 88' lang='lat' dir='ltr'>mulieres</span> <span class='ocrx_word' id='word_1_136' title='bbox 1265 1373 1428 1409; x_wconf 85' lang='lat' dir='ltr'>sanctae</span> 
     </span>
     <span class='ocr_line' id='line_1_17' title="bbox 51 1430 1431 1495; baseline 0.003 -20"><span class='ocrx_word' id='word_1_137' title='bbox 51 1445 151 1493; x_wconf 82' lang='lat' dir='ltr'>quae</span> <span class='ocrx_word' id='word_1_138' title='bbox 183 1430 229 1475; x_wconf 92' lang='lat' dir='ltr'>in</span> <span class='ocrx_word' id='word_1_139' title='bbox 270 1431 408 1477; x_wconf 89' lang='lat' dir='ltr'>Deum</span> <span class='ocrx_word' id='word_1_140' title='bbox 441 1432 708 1495; x_wconf 82' lang='lat' dir='ltr'>sperabant,</span> <span class='ocrx_word' id='word_1_141' title='bbox 756 1432 975 1477; x_wconf 81' lang='lat' dir='ltr'>ornabant</span> <span class='ocrx_word' id='word_1_142' title='bbox 1010 1449 1077 1488; x_wconf 87' lang='lat' dir='ltr'>se,</span> <span class='ocrx_word' id='word_1_143' title='bbox 1109 1432 1319 1492; x_wconf 83' lang='lat' dir='ltr'>subjectae</span> <span class='ocrx_word' id='word_1_144' title='bbox 1345 1434 1431 1479; x_wconf 91' lang='lat' dir='ltr'>suis</span> 
     </span>
     <span class='ocr_line' id='line_1_18' title="bbox 51 1500 1428 1564; baseline 0.002 -18"><span class='ocrx_word' id='word_1_145' title='bbox 51 1500 203 1557; x_wconf 57' lang='lat' dir='ltr'>virisst,</span> <span class='ocrx_word' id='word_1_146' title='bbox 235 1501 346 1547; x_wconf 87' lang='lat' dir='ltr'>sicut</span> <span class='ocrx_word' id='word_1_147' title='bbox 381 1502 487 1548; x_wconf 84' lang='lat' dir='ltr'>Sara</span> <span class='ocrx_word' id='word_1_148' title='bbox 510 1502 834 1564; x_wconf 85' lang='lat' dir='ltr'>obsequebatur</span> <span class='ocrx_word' id='word_1_149' title='bbox 860 1502 1053 1548; x_wconf 77' lang='lat' dir='ltr'>Abrahae</span> <span class='ocrx_word' id='word_1_150' title='bbox 1077 1502 1305 1548; x_wconf 91' lang='lat' dir='ltr'>dominum</span> <span class='ocrx_word' id='word_1_151' title='bbox 1327 1520 1428 1549; x_wconf 90' lang='lat' dir='ltr'>eum</span> 
     </span>
     <span class='ocr_line' id='line_1_19' title="bbox 51 1572 1432 1636; baseline 0.002 -18"><span class='ocrx_word' id='word_1_152' title='bbox 51 1588 238 1628; x_wconf 86' lang='lat' dir='ltr'>vocans,</span> <span class='ocrx_word' id='word_1_153' title='bbox 274 1593 293 1614; x_wconf 90' lang='lat'>«</span> <span class='ocrx_word' id='word_1_154' title='bbox 327 1574 492 1633; x_wconf 83' lang='lat' dir='ltr'>Cujus,</span> <span class='ocrx_word' id='word_1_155' title='bbox 528 1574 695 1636; x_wconf 80' lang='lat' dir='ltr'>inquit,</span> <span class='ocrx_word' id='word_1_156' title='bbox 732 1572 858 1619; x_wconf 83' lang='lat' dir='ltr'>factae</span> <span class='ocrx_word' id='word_1_157' title='bbox 894 1573 993 1619; x_wconf 91' lang='lat' dir='ltr'>estis</span> <span class='ocrx_word' id='word_1_158' title='bbox 1021 1574 1174 1630; x_wconf 77' lang='lat' dir='ltr'>filiae2‚</span> <span class='ocrx_word' id='word_1_159' title='bbox 1201 1595 1222 1615; x_wconf 84' lang='lat'>»</span> <span class='ocrx_word' id='word_1_160' title='bbox 1250 1590 1349 1620; x_wconf 92' lang='lat' dir='ltr'>cum</span> <span class='ocrx_word' id='word_1_161' title='bbox 1376 1575 1432 1622; x_wconf 87' lang='lat' dir='ltr'>ad</span> 
     </span>
     <span class='ocr_line' id='line_1_20' title="bbox 54 1642 1258 1708; baseline 0.003 -21"><span class='ocrx_word' id='word_1_162' title='bbox 54 1642 326 1690; x_wconf 80' lang='lat' dir='ltr'>christianas</span> <span class='ocrx_word' id='word_1_163' title='bbox 344 1682 354 1699; x_wconf 86' lang='lat'>‚</span> <span class='ocrx_word' id='word_1_164' title='bbox 376 1661 464 1690; x_wconf 93' lang='lat' dir='ltr'>non</span> <span class='ocrx_word' id='word_1_165' title='bbox 490 1643 545 1689; x_wconf 82' lang='lat' dir='ltr'>ad</span> <span class='ocrx_word' id='word_1_166' title='bbox 566 1643 744 1690; x_wconf 83' lang='lat' dir='ltr'>Judaeas</span> <span class='ocrx_word' id='word_1_167' title='bbox 767 1643 969 1690; x_wconf 84' lang='lat' dir='ltr'>foeminas</span> <span class='ocrx_word' id='word_1_168' title='bbox 993 1643 1258 1708; x_wconf 88' lang='lat' dir='ltr'>loqueretur.</span> 
     </span>
    </p>

    <p class='ocr_par' dir='ltr' id='par_1_7' title="bbox 54 1713 1433 2201">
     <span class='ocr_line' id='line_1_21' title="bbox 116 1713 1428 1778; baseline 0.003 -20"><span class='ocrx_word' id='word_1_169' title='bbox 116 1713 241 1761; x_wconf 86' lang='lat' dir='ltr'><strong>VIII.</strong></span> <span class='ocrx_word' id='word_1_170' title='bbox 272 1715 391 1772; x_wconf 88' lang='lat' dir='ltr'>Quid</span> <span class='ocrx_word' id='word_1_171' title='bbox 414 1727 556 1761; x_wconf 88' lang='lat' dir='ltr'>autem</span> <span class='ocrx_word' id='word_1_172' title='bbox 577 1715 737 1760; x_wconf 90' lang='lat' dir='ltr'>mirum</span> <span class='ocrx_word' id='word_1_173' title='bbox 754 1753 764 1771; x_wconf 86' lang='lat'>‚</span> <span class='ocrx_word' id='word_1_174' title='bbox 794 1715 826 1760; x_wconf 90' lang='lat' dir='ltr'>si</span> <span class='ocrx_word' id='word_1_175' title='bbox 853 1725 975 1778; x_wconf 86' lang='lat' dir='ltr'>pater</span> <span class='ocrx_word' id='word_1_176' title='bbox 993 1732 1271 1762; x_wconf 90' lang='lat' dir='ltr'>communem</span> <span class='ocrx_word' id='word_1_177' title='bbox 1288 1716 1428 1762; x_wconf 90' lang='lat' dir='ltr'>filium</span> 
     </span>
     <span class='ocr_line' id='line_1_22' title="bbox 54 1785 1430 1847; baseline 0.001 -16"><span class='ocrx_word' id='word_1_178' title='bbox 54 1785 231 1832; x_wconf 80' lang='lat' dir='ltr'>nolebat</span> <span class='ocrx_word' id='word_1_179' title='bbox 252 1786 386 1847; x_wconf 87' lang='lat' dir='ltr'>hujus</span> <span class='ocrx_word' id='word_1_180' title='bbox 409 1787 511 1833; x_wconf 82' lang='lat' dir='ltr'>vitae</span> <span class='ocrx_word' id='word_1_181' title='bbox 542 1786 846 1832; x_wconf 84' lang='lat' dir='ltr'>sustentaculis</span> <span class='ocrx_word' id='word_1_182' title='bbox 867 1804 889 1831; x_wconf 87' lang='lat' dir='ltr'>a</span> <span class='ocrx_word' id='word_1_183' title='bbox 919 1796 1057 1832; x_wconf 90' lang='lat' dir='ltr'>matre</span> <span class='ocrx_word' id='word_1_184' title='bbox 1081 1786 1270 1843; x_wconf 80' lang='lat' dir='ltr'>nudari,</span> <span class='ocrx_word' id='word_1_185' title='bbox 1301 1788 1430 1847; x_wconf 84' lang='lat' dir='ltr'>igno-</span> 
     </span>
     <span class='ocr_line' id='line_1_23' title="bbox 54 1857 1429 1922; baseline -0.001 -19"><span class='ocrx_word' id='word_1_186' title='bbox 54 1874 153 1903; x_wconf 89' lang='lat' dir='ltr'>rans</span> <span class='ocrx_word' id='word_1_187' title='bbox 183 1857 291 1922; x_wconf 87' lang='lat' dir='ltr'>quid</span> <span class='ocrx_word' id='word_1_188' title='bbox 325 1867 564 1903; x_wconf 85' lang='lat' dir='ltr'>sectaturus</span> <span class='ocrx_word' id='word_1_189' title='bbox 597 1867 728 1912; x_wconf 86' lang='lat' dir='ltr'>esset,</span> <span class='ocrx_word' id='word_1_190' title='bbox 757 1874 857 1902; x_wconf 91' lang='lat' dir='ltr'>cum</span> <span class='ocrx_word' id='word_1_191' title='bbox 897 1857 941 1901; x_wconf 91' lang='lat' dir='ltr'>in</span> <span class='ocrx_word' id='word_1_192' title='bbox 972 1867 1096 1902; x_wconf 80' lang='lat' dir='ltr'>aetate</span> <span class='ocrx_word' id='word_1_193' title='bbox 1121 1857 1429 1916; x_wconf 83' lang='lat' dir='ltr'>grandiuscula</span> 
     </span>
     <span class='ocr_line' id='line_1_24' title="bbox 54 1926 1429 1991; baseline 0 -17"><span class='ocrx_word' id='word_1_194' title='bbox 54 1944 141 1974; x_wconf 92' lang='lat' dir='ltr'>esse</span> <span class='ocrx_word' id='word_1_195' title='bbox 172 1927 402 1991; x_wconf 86' lang='lat' dir='ltr'>coepisset,</span> <span class='ocrx_word' id='word_1_196' title='bbox 432 1938 583 1973; x_wconf 85' lang='lat' dir='ltr'>utrum</span> <span class='ocrx_word' id='word_1_197' title='bbox 610 1927 818 1972; x_wconf 87' lang='lat' dir='ltr'>monachi</span> <span class='ocrx_word' id='word_1_198' title='bbox 842 1926 1151 1989; x_wconf 85' lang='lat' dir='ltr'>professionem</span> <span class='ocrx_word' id='word_1_199' title='bbox 1169 1965 1180 1983; x_wconf 84' lang='lat'>‚</span> <span class='ocrx_word' id='word_1_200' title='bbox 1220 1945 1273 1973; x_wconf 86' lang='lat' dir='ltr'>an</span> <span class='ocrx_word' id='word_1_201' title='bbox 1293 1928 1429 1974; x_wconf 92' lang='lat' dir='ltr'>eccle-</span> 
     </span>
     <span class='ocr_line' id='line_1_25' title="bbox 57 1996 1433 2057; baseline -0.001 -12"><span class='ocrx_word' id='word_1_202' title='bbox 57 1999 275 2045; x_wconf 83' lang='lat' dir='ltr'>siasticum</span> <span class='ocrx_word' id='word_1_203' title='bbox 302 1999 588 2044; x_wconf 85' lang='lat' dir='ltr'>ministerium</span> <span class='ocrx_word' id='word_1_204' title='bbox 604 2035 615 2053; x_wconf 84' lang='lat'>‚</span> <span class='ocrx_word' id='word_1_205' title='bbox 645 2015 698 2043; x_wconf 91' lang='lat' dir='ltr'>an</span> <span class='ocrx_word' id='word_1_206' title='bbox 718 1996 959 2057; x_wconf 80' lang='lat' dir='ltr'>conjugalis</span> <span class='ocrx_word' id='word_1_207' title='bbox 983 1998 1310 2044; x_wconf 87' lang='lat' dir='ltr'>necessitudinis</span> <span class='ocrx_word' id='word_1_208' title='bbox 1337 1999 1433 2044; x_wconf 84' lang='lat' dir='ltr'>vin-</span> 
     </span>
     <span class='ocr_line' id='line_1_26' title="bbox 56 2067 1432 2126; baseline -0.002 -9"><span class='ocrx_word' id='word_1_209' title='bbox 56 2071 204 2117; x_wconf 87' lang='lat' dir='ltr'>culum</span> <span class='ocrx_word' id='word_1_210' title='bbox 221 2073 240 2117; x_wconf 72' lang='grc' dir='ltr'>Ξ)</span> <span class='ocrx_word' id='word_1_211' title='bbox 263 2069 473 2126; x_wconf 84' lang='lat' dir='ltr'>Quamvis</span> <span class='ocrx_word' id='word_1_212' title='bbox 489 2069 603 2114; x_wconf 91' lang='lat' dir='ltr'>enim</span> <span class='ocrx_word' id='word_1_213' title='bbox 629 2067 683 2113; x_wconf 87' lang='lat' dir='ltr'>ad</span> <span class='ocrx_word' id='word_1_214' title='bbox 708 2067 884 2113; x_wconf 84' lang='lat' dir='ltr'>meliora</span> <span class='ocrx_word' id='word_1_215' title='bbox 904 2067 1120 2113; x_wconf 81' lang='lat' dir='ltr'>excitandi</span> <span class='ocrx_word' id='word_1_216' title='bbox 1140 2078 1182 2113; x_wconf 87' lang='lat' dir='ltr'>et</span> <span class='ocrx_word' id='word_1_217' title='bbox 1201 2068 1432 2115; x_wconf 83' lang='lat' dir='ltr'>erudiendi</span> 
     </span>
     <span class='ocr_line' id='line_1_27' title="bbox 56 2138 1432 2201; baseline -0.001 -14"><span class='ocrx_word' id='word_1_218' title='bbox 56 2142 140 2187; x_wconf 91' lang='lat' dir='ltr'>sint</span> <span class='ocrx_word' id='word_1_219' title='bbox 155 2140 234 2186; x_wconf 89' lang='lat' dir='ltr'>filii</span> <span class='ocrx_word' id='word_1_220' title='bbox 251 2150 518 2193; x_wconf 86' lang='lat' dir='ltr'>sanctorum,</span> <span class='ocrx_word' id='word_1_221' title='bbox 539 2138 837 2201; x_wconf 84' lang='lat' dir='ltr'>unusquisque</span> <span class='ocrx_word' id='word_1_222' title='bbox 853 2148 997 2183; x_wconf 83' lang='lat' dir='ltr'>tamen</span> <span class='ocrx_word' id='word_1_223' title='bbox 1016 2139 1246 2201; x_wconf 89' lang='lat' dir='ltr'>proprium</span> <span class='ocrx_word' id='word_1_224' title='bbox 1266 2139 1432 2185; x_wconf 92' lang='lat' dir='ltr'>donum</span> 
     </span>
    </p>
   </div>
   <div class='ocr_carea' id='block_1_7' title="bbox 34 2207 1433 2267">
    <p class='ocr_par' dir='ltr' id='par_1_8' title="bbox 34 2207 1433 2267">
     <span class='ocr_line' id='line_1_28' title="bbox 34 2207 1433 2267; baseline -0.002 -10"><span class='ocrx_word' id='word_1_225' title='bbox 34 2231 38 2234; x_wconf 54' lang='lat'><strong>⁴</strong></span> <span class='ocrx_word' id='word_1_226' title='bbox 57 2210 193 2257; x_wconf 86' lang='lat' dir='ltr'>habet</span> <span class='ocrx_word' id='word_1_227' title='bbox 220 2229 240 2256; x_wconf 89' lang='lat' dir='ltr'>a</span> <span class='ocrx_word' id='word_1_228' title='bbox 266 2211 380 2267; x_wconf 82' lang='lat' dir='ltr'>Deo,</span> <span class='ocrx_word' id='word_1_229' title='bbox 411 2209 516 2255; x_wconf 89' lang='lat' dir='ltr'>alius</span> <span class='ocrx_word' id='word_1_230' title='bbox 533 2209 594 2254; x_wconf 87' lang='lat' dir='ltr'>sic</span> <span class='ocrx_word' id='word_1_231' title='bbox 610 2246 620 2264; x_wconf 86' lang='lat'>‚</span> <span class='ocrx_word' id='word_1_232' title='bbox 654 2207 763 2253; x_wconf 88' lang='lat' dir='ltr'>alius</span> <span class='ocrx_word' id='word_1_233' title='bbox 784 2219 924 2253; x_wconf 91' lang='lat' dir='ltr'>autem</span> <span class='ocrx_word' id='word_1_234' title='bbox 945 2208 1006 2254; x_wconf 92' lang='lat' dir='ltr'>sic</span> <span class='ocrx_word' id='word_1_235' title='bbox 1021 2207 1053 2255; x_wconf 80' lang='lat'>3.</span> <span class='ocrx_word' id='word_1_236' title='bbox 1095 2208 1184 2254; x_wconf 61' lang='lat' dir='ltr'>nisi</span> <span class='ocrx_word' id='word_1_237' title='bbox 1201 2208 1311 2254; x_wconf 88' lang='lat' dir='ltr'>forte</span> <span class='ocrx_word' id='word_1_238' title='bbox 1331 2209 1433 2255; x_wconf 88' lang='lat' dir='ltr'>talia</span> 
     </span>
    </p>
   </div>
   <div class='ocr_carea' id='block_1_8' title="bbox 57 2278 1441 2746">
    <p class='ocr_par' dir='ltr' id='par_1_9' title="bbox 57 2278 1441 2746">
     <span class='ocr_line' id='line_1_29' title="bbox 57 2278 1433 2345; baseline -0.001 -18"><span class='ocrx_word' id='word_1_239' title='bbox 57 2281 326 2345; x_wconf 88' lang='lat' dir='ltr'>prospiciens</span> <span class='ocrx_word' id='word_1_240' title='bbox 342 2291 384 2326; x_wconf 87' lang='lat' dir='ltr'>et</span> <span class='ocrx_word' id='word_1_241' title='bbox 406 2296 657 2343; x_wconf 85' lang='lat' dir='ltr'>praecavens</span> <span class='ocrx_word' id='word_1_242' title='bbox 676 2278 1064 2342; x_wconf 88' lang='lat' dir='ltr'>reprehendendus</span> <span class='ocrx_word' id='word_1_243' title='bbox 1080 2289 1141 2325; x_wconf 88' lang='lat' dir='ltr'>est</span> <span class='ocrx_word' id='word_1_244' title='bbox 1163 2290 1303 2342; x_wconf 85' lang='lat' dir='ltr'>pater,</span> <span class='ocrx_word' id='word_1_245' title='bbox 1332 2297 1433 2326; x_wconf 91' lang='lat' dir='ltr'>cum</span> 
     </span>
     <span class='ocr_line' id='line_1_30' title="bbox 57 2349 1437 2414; baseline -0.001 -16"><span class='ocrx_word' id='word_1_246' title='bbox 57 2351 210 2398; x_wconf 88' lang='lat' dir='ltr'>beatus</span> <span class='ocrx_word' id='word_1_247' title='bbox 238 2350 467 2414; x_wconf 89' lang='lat' dir='ltr'>Apostolus</span> <span class='ocrx_word' id='word_1_248' title='bbox 490 2349 608 2395; x_wconf 88' lang='lat' dir='ltr'>dicat</span> <span class='ocrx_word' id='word_1_249' title='bbox 626 2386 636 2405; x_wconf 87' lang='lat'>‚</span> <span class='ocrx_word' id='word_1_250' title='bbox 662 2349 906 2412; x_wconf 84' lang='lat' dir='ltr'>«Quisquis</span> <span class='ocrx_word' id='word_1_251' title='bbox 928 2359 1070 2394; x_wconf 87' lang='lat' dir='ltr'>autem</span> <span class='ocrx_word' id='word_1_252' title='bbox 1090 2349 1176 2394; x_wconf 91' lang='lat' dir='ltr'>suis</span> <span class='ocrx_word' id='word_1_253' title='bbox 1195 2359 1236 2395; x_wconf 91' lang='lat' dir='ltr'>et</span> <span class='ocrx_word' id='word_1_254' title='bbox 1255 2350 1437 2396; x_wconf 80' lang='lat' dir='ltr'>maxime</span> 
     </span>
     <span class='ocr_line' id='line_1_31' title="bbox 61 2419 1438 2484; baseline 0.001 -19"><span class='ocrx_word' id='word_1_255' title='bbox 61 2444 81 2465; x_wconf 91' lang='lat'>»</span> <span class='ocrx_word' id='word_1_256' title='bbox 104 2422 352 2469; x_wconf 85' lang='lat' dir='ltr'>domesticis</span> <span class='ocrx_word' id='word_1_257' title='bbox 375 2439 461 2467; x_wconf 89' lang='lat' dir='ltr'>non</span> <span class='ocrx_word' id='word_1_258' title='bbox 494 2420 723 2484; x_wconf 82' lang='lat' dir='ltr'>providet,</span> <span class='ocrx_word' id='word_1_259' title='bbox 750 2420 881 2465; x_wconf 88' lang='lat' dir='ltr'>fidem</span> <span class='ocrx_word' id='word_1_260' title='bbox 908 2419 1092 2480; x_wconf 82' lang='lat' dir='ltr'>denegat</span> <span class='ocrx_word' id='word_1_261' title='bbox 1116 2430 1157 2465; x_wconf 89' lang='lat' dir='ltr'>et</span> <span class='ocrx_word' id='word_1_262' title='bbox 1190 2431 1250 2466; x_wconf 88' lang='lat' dir='ltr'>est</span> <span class='ocrx_word' id='word_1_263' title='bbox 1269 2421 1438 2467; x_wconf 88' lang='lat' dir='ltr'>infideli</span> 
     </span>
     <span class='ocr_line' id='line_1_32' title="bbox 62 2490 1439 2556; baseline -0.002 -17"><span class='ocrx_word' id='word_1_264' title='bbox 62 2514 83 2535; x_wconf 85' lang='lat'>›&gt;</span> <span class='ocrx_word' id='word_1_265' title='bbox 104 2492 294 2539; x_wconf 89' lang='lat' dir='ltr'>deterior</span> <span class='ocrx_word' id='word_1_266' title='bbox 311 2492 344 2539; x_wconf 70' lang='lat'>4.</span> <span class='ocrx_word' id='word_1_267' title='bbox 380 2513 399 2533; x_wconf 77' lang='lat'>›2</span> <span class='ocrx_word' id='word_1_268' title='bbox 426 2494 540 2538; x_wconf 91' lang='lat' dir='ltr'>Cum</span> <span class='ocrx_word' id='word_1_269' title='bbox 573 2508 674 2538; x_wconf 87' lang='lat' dir='ltr'>vero</span> <span class='ocrx_word' id='word_1_270' title='bbox 701 2491 754 2537; x_wconf 90' lang='lat' dir='ltr'>de</span> <span class='ocrx_word' id='word_1_271' title='bbox 781 2490 990 2537; x_wconf 88' lang='lat' dir='ltr'>faciendis</span> <span class='ocrx_word' id='word_1_272' title='bbox 1019 2490 1124 2553; x_wconf 90' lang='lat' dir='ltr'>ipsis</span> <span class='ocrx_word' id='word_1_273' title='bbox 1158 2490 1439 2556; x_wconf 80' lang='lat' dir='ltr'>eleemosynis</span> 
     </span>
     <span class='ocr_line' id='line_1_33' title="bbox 112 2586 1441 2632; baseline -0.002 -9"><span class='ocrx_word' id='word_1_274' title='bbox 112 2591 121 2613; x_wconf 73' lang='grc' dir='ltr'>Ι</span> <span class='ocrx_word' id='word_1_275' title='bbox 155 2603 168 2623; x_wconf 90' lang='lat'>1</span> <span class='ocrx_word' id='word_1_276' title='bbox 202 2594 284 2623; x_wconf 84' lang='lat' dir='ltr'>Petr.</span> <span class='ocrx_word' id='word_1_277' title='bbox 310 2603 368 2627; x_wconf 78' lang='grc'><strong>111.</strong></span> <span class='ocrx_word' id='word_1_278' title='bbox 404 2592 443 2628; x_wconf 86' lang='grc'>5,</span> <span class='ocrx_word' id='word_1_279' title='bbox 468 2593 502 2625; x_wconf 88' lang='grc'>6.</span> <span class='ocrx_word' id='word_1_280' title='bbox 535 2607 579 2614; x_wconf 86' lang='lat'>-</span> <span class='ocrx_word' id='word_1_281' title='bbox 607 2589 623 2612; x_wconf 80' lang='lat'><em>2</em></span> <span class='ocrx_word' id='word_1_282' title='bbox 655 2592 740 2623; x_wconf 87' lang='lat' dir='ltr'>Gen.</span> <span class='ocrx_word' id='word_1_283' title='bbox 771 2601 873 2631; x_wconf 80' lang='lat' dir='ltr'>xvm,</span> <span class='ocrx_word' id='word_1_284' title='bbox 906 2601 936 2621; x_wconf 77' lang='lat'>2.</span> <span class='ocrx_word' id='word_1_285' title='bbox 967 2608 1008 2614; x_wconf 89' lang='lat'>—</span> <span class='ocrx_word' id='word_1_286' title='bbox 1039 2586 1053 2611; x_wconf 79' lang='lat'>3</span> <span class='ocrx_word' id='word_1_287' title='bbox 1084 2601 1096 2620; x_wconf 85' lang='lat' dir='ltr'>t</span> <span class='ocrx_word' id='word_1_288' title='bbox 1131 2591 1207 2621; x_wconf 86' lang='lat' dir='ltr'>Cor.</span> <span class='ocrx_word' id='word_1_289' title='bbox 1237 2601 1306 2632; x_wconf 80' lang='lat' dir='ltr'>vn,</span> <span class='ocrx_word' id='word_1_290' title='bbox 1333 2603 1366 2631; x_wconf 77' lang='lat'>9.</span> <span class='ocrx_word' id='word_1_291' title='bbox 1398 2610 1441 2615; x_wconf 84' lang='lat'>-—</span> 
     </span>
     <span class='ocr_line' id='line_1_34' title="bbox 63 2645 321 2687; baseline -0.019 -8"><span class='ocrx_word' id='word_1_292' title='bbox 63 2645 78 2669; x_wconf 78' lang='lat'>⁴</span> <span class='ocrx_word' id='word_1_293' title='bbox 98 2659 113 2678; x_wconf 86' lang='lat'><em>2</em></span> <span class='ocrx_word' id='word_1_294' title='bbox 135 2648 218 2679; x_wconf 84' lang='lat' dir='ltr'>Tim.</span> <span class='ocrx_word' id='word_1_295' title='bbox 237 2659 269 2687; x_wconf 76' lang='lat' dir='ltr'>V,</span> <span class='ocrx_word' id='word_1_296' title='bbox 290 2649 321 2678; x_wconf 72' lang='lat'>⁵3,</span> 
     </span>
     <span class='ocr_line' id='line_1_35' title="bbox 199 2702 1322 2746; baseline -0.002 -1"><span class='ocrx_word' id='word_1_297' title='bbox 199 2718 381 2746; x_wconf 55' lang='grc'><strong>61111111.</strong></span> <span class='ocrx_word' id='word_1_298' title='bbox 1264 2702 1322 2746; x_wconf 67' lang='lat' dir='ltr'>at]</span> 
     </span>
    </p>
   </div>
  </div>
 </body>
</html>
