1769 3235
586 277 799 308 EPISTULA
836 280 948 310 cciv.
1388 268 1475 329 149

100 343 271 404 crilegia
303 344 523 391 severitate
559 361 751 404 congrua
787 343 992 390 cohibere
1025 362 1036 389 ε
1071 345 1347 411 multumque
1377 347 1475 393 illos

98 414 188 460 falli
221 415 298 478 qui
318 426 477 478 putant
495 433 516 461 a
535 415 661 460 nobis
689 414 793 460 tales
817 415 916 459 istos
950 414 1139 478 suscipi,
1169 417 1314 479 quales
1345 428 1470 473 sunt,

98 485 200 548 quia
223 503 311 531 non
342 503 412 532 eos
442 486 776 548 rebaptizamus.
811 484 1043 541 Quomodo
1068 486 1180 530 enim
1221 487 1322 532 tales
1345 488 1477 533 susci—

98 556 282 618 piuntur
301 557 448 620 quales
467 568 592 611 sunt,
622 574 721 602 cum
757 556 841 601 sint
872 556 1090 609 haeretici,
1112 567 1154 600 et
1178 557 1232 602 ad
1255 575 1331 602 nos
1356 569 1474 602 tran-

98 627 260 672 seundo
297 629 403 673 fiant
422 627 671 674 Catholici?
693 628 839 690 Neque
863 628 975 671 enim
1004 639 1233 690 propterea
1254 629 1383 674 corda
1404 629 1475 674 de-

96 708 277 760 pravata
292 699 495 744 nonlicet
515 698 694 758 corrigi,
714 699 816 761 quia
836 698 1114 743 Sacramenta
1130 698 1258 743 semel
1275 699 1476 745 datanon

97 769 198 815 licet
223 771 383 818 iterari.

162 843 212 889 V.
260 845 323 889 De
364 846 580 891 mortibus
620 855 763 890 autem
797 845 1113 901 furiosissimis,
1155 861 1261 908 quas
1297 844 1477 909 quidam

97 930 243 959 eorum
273 915 356 977 ipsi
381 916 464 961 sibi
483 916 674 961 inferunt
693 954 703 973 ,
726 916 778 962 de
806 917 968 979 quibus
986 916 1119 962 solent
1141 915 1414 962 detestabiles
1437 927 1480 961 ct

101 985 415 1032 abominabiles
440 1004 525 1032 esse
550 988 697 1033 multis
719 988 847 1034 etiam
867 990 974 1044 suis,
1000 1004 1190 1051 quorum
1215 998 1378 1033 mentes
1397 986 1479 1032 de-

99 1056 260 1101 mentia
285 1074 373 1102 non
400 1068 518 1103 tanta
543 1058 763 1120 possedit,
791 1058 848 1104 eis
868 1058 1108 1104 secundum
1133 1057 1383 1121 Scripturas
1404 1074 1475 1102 ra-

96 1127 320 1190 tionesque
361 1127 711 1173 Christianorum
752 1146 867 1191 saepe
900 1128 1232 1193 respondimus,
1267 1128 1476 1192 quoniam

97 1198 312 1260 scriptum
347 1209 410 1244 est
440 1217 450 1244 z
480 1220 498 1239 «
526 1199 615 1254 Qui
652 1199 735 1244 sibi
763 1216 949 1261 nequam
965 1247 976 1256 γ,
1008 1199 1080 1245 cui
1113 1198 1318 1244 honus19
1342 1220 1359 1239 ι)
1391 1201 1476 1243 Aut

96 1278 210 1313 certe
233 1268 277 1313 in
300 1269 458 1314 eisdem
484 1270 676 1333 positum
702 1270 1014 1315 tentationibus
1036 1269 1144 1314 mori
1165 1268 1378 1314 volentem
1399 1285 1477 1313 oc-

95 1338 213 1384 cidat
251 1350 292 1384 et
328 1341 604 1403 proximum,
646 1340 722 1403 qui
759 1341 840 1386 sibi
875 1340 1074 1404 expedire
1116 1350 1157 1385 et
1189 1339 1318 1385 licere
1349 1349 1478 1402 putat

95 1409 293 1455 occidere
317 1428 358 1456 se
380 1411 521 1474 ipsum
539 1448 549 1467 ,
588 1412 797 1475 quoniam
832 1412 1062 1475 Scriptura
1095 1410 1203 1456 dicit
1231 1429 1241 1455 :
1273 1434 1293 1452 «
1316 1410 1478 1469 Diliges

96 1501 116 1521 »
139 1481 383 1544 proximum
423 1492 548 1527 tuum
582 1493 789 1546 tanquam
826 1493 864 1528 te
886 1483 1032 1546 ipsum
1047 1483 1081 1529 ².
1105 1504 1124 1524 ›>
1161 1480 1302 1527 Nullis
1332 1491 1477 1526 autem

89 1551 352 1611 jubentibus
380 1553 549 1613 legibus
574 1553 640 1600 vel
665 1553 867 1613 legitimis
895 1553 1184 1617 potestatibus
1203 1590 1214 1608 ‚
1238 1568 1324 1597 non
1349 1550 1479 1596 licere

95 1621 276 1668 alterum
301 1624 499 1670 occidere
515 1662 525 1680 ,
547 1624 679 1670 etiam
706 1624 929 1671 volentem
956 1635 995 1669 et
1019 1633 1234 1687 petentem
1249 1660 1259 1679 ,
1279 1633 1320 1667 et
1339 1623 1481 1667 vivere

88 1696 178 1752 jam
209 1710 296 1739 non
321 1694 536 1740 Valentem
558 1731 569 1751 ,
598 1695 697 1739 satis
734 1695 902 1740 indicat
937 1695 1165 1757 Scriptura
1195 1694 1473 1752 Regnorum,

94 1764 171 1809 ubi
196 1781 264 1809 rex
292 1765 433 1811 David
472 1766 583 1826 regis
609 1765 751 1811 Saulis
775 1765 1095 1811 interfectorem
1122 1764 1250 1823 jussit
1280 1762 1420 1808 occidi
1438 1762 1473 1816 3,

95 1851 193 1880 cum
219 1834 291 1880 ille
316 1835 486 1882 dixisset
519 1837 575 1881 ab
596 1853 644 1882 eo
669 1839 760 1895 jam
786 1837 933 1881 saucio
960 1845 1088 1898 atque
1117 1833 1324 1879 semivivo
1358 1832 1476 1895 peti-

94 1916 187 1951 tum
209 1923 250 1952 se
268 1905 397 1952 fuisse
422 1919 471 1953 ut
490 1908 577 1953 hoc
596 1907 780 1963 faceret,
807 1918 848 1952 et
868 1907 1052 1952 animam
1077 1904 1273 1968 corporis
1296 1904 1477 1948 nexibus

93 1976 394 2022 obluctantem
416 1977 609 2041 solvique
633 1978 882 2041 cupientem
903 1994 989 2022 uno
1007 1977 1098 2022 ictu
1116 1975 1306 2022 vulneris
1325 1973 1478 2019 abillis

94 2047 364 2093 cruciatibus
386 2048 604 2095 liberaret.
633 2048 824 2094 Proinde
849 2050 952 2111 quia
974 2047 1115 2093 omnis
1134 2084 1144 2100 ,
1173 2047 1248 2109 qui
1274 2045 1363 2090 sine
1389 2044 1477 2089 ulla

93 2116 297 2177 legitimae
318 2119 547 2182 potestatis
572 2120 830 2164 auctoritate
863 2118 1088 2163 hominem
1112 2115 1298 2170 occidit,
1326 2115 1478 2161 homi-

94 2188 193 2233 cida
220 2199 310 2245 est,
335 2189 530 2252 quisquis
554 2207 594 2234 se
616 2190 760 2253 ipsum
789 2189 952 2235 occidit
976 2207 1065 2234 non
1088 2188 1141 2233 sit
1162 2186 1389 2232 homicida
1406 2223 1416 2241 ,
1443 2185 1477 2231 si

95 2276 182 2305 non
204 2260 340 2306 homo
366 2272 440 2308 est.
481 2263 589 2308 Haec
622 2262 768 2307 omnia
797 2260 1067 2307 multimodis
1090 2260 1135 2306 in
1157 2258 1249 2304 aliis
1277 2257 1479 2322 plurimis

95 2331 249 2376 nostris
276 2332 547 2377 sermonibus
566 2370 575 2388 ,
607 2343 647 2377 et
674 2332 827 2378 litteris
848 2332 1049 2378 diximus

159 2401 236 2448 VI.
270 2401 605 2458 Verumtamen,
641 2402 760 2466 quod
784 2401 1010 2448 fatendum
1042 2411 1132 2457 est,
1156 2399 1210 2446 de
1238 2399 1318 2446 isto
1341 2397 1479 2446 Razio

99 2471 285 2528 seniore,
311 2489 441 2536 quem
468 2490 637 2518 summa
656 2473 952 2537 exemplorum
971 2472 1120 2536 iuopia
1142 2469 1351 2517 coarctati
1371 2486 1414 2515 se
1434 2469 1480 2516 in

145 2584 155 2604 ¹
177 2582 275 2615 Eceli.
294 2595 363 2628 xxv,
383 2585 413 2615 5.
435 2603 476 2609 ,-
493 2583 508 2606 ‘²
532 2583 635 2618 Lexit.
658 2596 727 2623 xix,
757 2586 811 2629 18,
832 2590 860 2616 et
880 2584 984 2618 Marc„
1004 2592 1066 2627 xit,
1085 2584 1142 2614 31.
1157 2600 1196 2606 —-
1213 2579 1228 2604 ³
1243 2590 1260 2613 '2
1281 2584 1360 2624 Reg.
1378 2592 1408 2620 1,
1428 2581 1478 2617 152
