<?xml version="1.0" encoding="UTF-8"?>
<!DOCTYPE html PUBLIC "-//W3C//DTD XHTML 1.0 Transitional//EN"
    "http://www.w3.org/TR/xhtml1/DTD/xhtml1-transitional.dtd">
<html xmlns="http://www.w3.org/1999/xhtml" xml:lang="en" lang="en">
 <head>
  <title>
</title>
<meta http-equiv="Content-Type" content="text/html;charset=utf-8" />
  <meta name='ocr-system' content='tesseract 3.04.00' />
  <meta name='ocr-capabilities' content='ocr_page ocr_carea ocr_par ocr_line ocrx_word'/>
</head>
<body>
  <div class='ocr_page' id='page_1' title='image "./operaomniaaccura41auguuoft/operaomniaaccura41auguuoft_0122.png"; bbox 0 0 1769 3235; ppageno 0'>
   <div class='ocr_carea' id='block_1_1' title="bbox 303 249 1672 380">
    <p class='ocr_par' dir='ltr' id='par_1_1' title="bbox 303 249 1672 380">
     <span class='ocr_line' id='line_1_1' title="bbox 305 249 1280 283; baseline -0.003 0"><span class='ocrx_word' id='word_1_1' title='bbox 305 250 392 283; x_wconf 88' lang='lat'>110</span> <span class='ocrx_word' id='word_1_2' title='bbox 718 249 754 281; x_wconf 75' lang='lat' dir='ltr'>s,</span> <span class='ocrx_word' id='word_1_3' title='bbox 796 249 1040 282; x_wconf 70' lang='lat' dir='ltr'>AuGuanI</span> <span class='ocrx_word' id='word_1_4' title='bbox 1076 249 1280 281; x_wconf 77' lang='lat' dir='ltr'>131&gt;1scom</span> 
     </span>
     <span class='ocr_line' id='line_1_2' title="bbox 303 311 1672 380; baseline -0.003 -20"><span class='ocrx_word' id='word_1_5' title='bbox 303 339 324 359; x_wconf 81' lang='lat'>›&gt;</span> <span class='ocrx_word' id='word_1_6' title='bbox 348 328 434 362; x_wconf 87' lang='lat' dir='ltr'>tem</span> <span class='ocrx_word' id='word_1_7' title='bbox 452 315 587 374; x_wconf 87' lang='lat' dir='ltr'>mihi,</span> <span class='ocrx_word' id='word_1_8' title='bbox 609 315 681 361; x_wconf 89' lang='lat' dir='ltr'>sed</span> <span class='ocrx_word' id='word_1_9' title='bbox 701 316 825 361; x_wconf 89' lang='lat' dir='ltr'>ethis</span> <span class='ocrx_word' id='word_1_10' title='bbox 841 317 919 380; x_wconf 91' lang='lat' dir='ltr'>qui</span> <span class='ocrx_word' id='word_1_11' title='bbox 939 317 1128 377; x_wconf 85' lang='lat' dir='ltr'>diligunt</span> <span class='ocrx_word' id='word_1_12' title='bbox 1147 316 1380 363; x_wconf 82' lang='lat' dir='ltr'>adventum</span> <span class='ocrx_word' id='word_1_13' title='bbox 1407 311 1635 360; x_wconf 61' lang='lat' dir='ltr'>Dominii.</span> <span class='ocrx_word' id='word_1_14' title='bbox 1650 333 1672 355; x_wconf 85' lang='lat'>»</span> 
     </span>
    </p>
   </div>
   <div class='ocr_carea' id='block_1_2' title="bbox 304 382 1746 447">
    <p class='ocr_par' dir='ltr' id='par_1_2' title="bbox 304 382 1746 447">
     <span class='ocr_line' id='line_1_3' title="bbox 304 382 1746 447; baseline -0.001 -17"><span class='ocrx_word' id='word_1_15' title='bbox 304 387 431 444; x_wconf 79' lang='lat' dir='ltr'>Tunc</span> <span class='ocrx_word' id='word_1_16' title='bbox 455 385 568 431; x_wconf 83' lang='lat' dir='ltr'>enirn</span> <span class='ocrx_word' id='word_1_17' title='bbox 589 386 701 431; x_wconf 87' lang='lat' dir='ltr'>sicut</span> <span class='ocrx_word' id='word_1_18' title='bbox 726 403 774 433; x_wconf 86' lang='lat' dir='ltr'>ex</span> <span class='ocrx_word' id='word_1_19' title='bbox 799 387 1034 447; x_wconf 83' lang='lat' dir='ltr'>Evangelio</span> <span class='ocrx_word' id='word_1_20' title='bbox 1054 402 1366 432; x_wconf 80' lang='lat' dir='ltr'>commemoras</span> <span class='ocrx_word' id='word_1_21' title='bbox 1387 422 1397 440; x_wconf 94' lang='lat'>,</span> <span class='ocrx_word' id='word_1_22' title='bbox 1420 405 1440 425; x_wconf 87' lang='lat'>«</span> <span class='ocrx_word' id='word_1_23' title='bbox 1464 383 1573 442; x_wconf 75' lang='lat' dir='ltr'>Justi</span> <span class='ocrx_word' id='word_1_24' title='bbox 1592 382 1676 440; x_wconf 80' lang='lat' dir='ltr'>ful-</span> <span class='ocrx_word' id='word_1_25' title='bbox 1742 384 1746 422; x_wconf 80' lang='lat'>&#39;-</span> 
     </span>
    </p>
   </div>
   <div class='ocr_carea' id='block_1_3' title="bbox 304 454 1676 519">
    <p class='ocr_par' dir='ltr' id='par_1_3' title="bbox 304 454 1676 519">
     <span class='ocr_line' id='line_1_4' title="bbox 304 454 1676 519; baseline -0.001 -19"><span class='ocrx_word' id='word_1_26' title='bbox 304 477 326 499; x_wconf 84' lang='lat'>›&gt;</span> <span class='ocrx_word' id='word_1_27' title='bbox 350 456 513 516; x_wconf 68' lang='lat' dir='ltr'>gebunt</span> <span class='ocrx_word' id='word_1_28' title='bbox 535 456 646 502; x_wconf 86' lang='lat' dir='ltr'>sicut</span> <span class='ocrx_word' id='word_1_29' title='bbox 672 456 735 502; x_wconf 90' lang='lat' dir='ltr'>sol</span> <span class='ocrx_word' id='word_1_30' title='bbox 759 456 805 502; x_wconf 88' lang='lat' dir='ltr'>in</span> <span class='ocrx_word' id='word_1_31' title='bbox 827 473 959 517; x_wconf 86' lang='lat' dir='ltr'>regno</span> <span class='ocrx_word' id='word_1_32' title='bbox 978 457 1118 503; x_wconf 88' lang='lat' dir='ltr'>Patris</span> <span class='ocrx_word' id='word_1_33' title='bbox 1140 458 1204 503; x_wconf 89' lang='lat' dir='ltr'>sui</span> <span class='ocrx_word' id='word_1_34' title='bbox 1221 457 1256 503; x_wconf 80' lang='lat'>².</span> <span class='ocrx_word' id='word_1_35' title='bbox 1292 477 1312 498; x_wconf 89' lang='lat'>»</span> <span class='ocrx_word' id='word_1_36' title='bbox 1343 456 1398 501; x_wconf 89' lang='lat' dir='ltr'>Et</span> <span class='ocrx_word' id='word_1_37' title='bbox 1423 454 1541 519; x_wconf 87' lang='lat' dir='ltr'>quod</span> <span class='ocrx_word' id='word_1_38' title='bbox 1565 455 1676 499; x_wconf 86' lang='lat' dir='ltr'>Pro-</span> 
     </span>
    </p>
   </div>
   <div class='ocr_carea' id='block_1_4' title="bbox 303 528 1749 734">
    <p class='ocr_par' dir='ltr' id='par_1_4' title="bbox 303 524 1765 734">
     <span class='ocr_line' id='line_1_5' title="bbox 303 528 1679 593; baseline -0.001 -19"><span class='ocrx_word' id='word_1_39' title='bbox 303 529 439 593; x_wconf 82' lang='lat' dir='ltr'>pheta</span> <span class='ocrx_word' id='word_1_40' title='bbox 460 528 595 585; x_wconf 87' lang='lat' dir='ltr'>dicit,</span> <span class='ocrx_word' id='word_1_41' title='bbox 617 550 637 571; x_wconf 76' lang='lat' dir='ltr'>c&lt;</span> <span class='ocrx_word' id='word_1_42' title='bbox 660 531 772 575; x_wconf 86' lang='lat' dir='ltr'>Ecce</span> <span class='ocrx_word' id='word_1_43' title='bbox 792 530 908 575; x_wconf 89' lang='lat' dir='ltr'>enim</span> <span class='ocrx_word' id='word_1_44' title='bbox 931 530 1067 591; x_wconf 84' lang='lat' dir='ltr'>caligo</span> <span class='ocrx_word' id='word_1_45' title='bbox 1091 541 1132 576; x_wconf 91' lang='lat' dir='ltr'>et</span> <span class='ocrx_word' id='word_1_46' title='bbox 1162 529 1353 575; x_wconf 82' lang='lat' dir='ltr'>tenebrae</span> <span class='ocrx_word' id='word_1_47' title='bbox 1378 528 1574 591; x_wconf 88' lang='lat' dir='ltr'>operient</span> <span class='ocrx_word' id='word_1_48' title='bbox 1597 538 1679 573; x_wconf 88' lang='lat' dir='ltr'>ter·</span> 
     </span>
     <span class='ocr_line' id='line_1_6' title="bbox 303 599 1749 663; baseline 0.001 -19"><span class='ocrx_word' id='word_1_49' title='bbox 303 614 324 640; x_wconf 67' lang='lat'>5&gt;</span> <span class='ocrx_word' id='word_1_50' title='bbox 348 616 441 645; x_wconf 87' lang='lat' dir='ltr'>ram</span> <span class='ocrx_word' id='word_1_51' title='bbox 478 616 608 663; x_wconf 87' lang='lat' dir='ltr'>super</span> <span class='ocrx_word' id='word_1_52' title='bbox 641 609 785 658; x_wconf 81' lang='lat' dir='ltr'><strong>gentes</strong></span> <span class='ocrx_word' id='word_1_53' title='bbox 815 616 826 644; x_wconf 76' lang='grc' dir='ltr'><strong>ε</strong></span> <span class='ocrx_word' id='word_1_54' title='bbox 865 600 910 646; x_wconf 89' lang='lat' dir='ltr'>in</span> <span class='ocrx_word' id='word_1_55' title='bbox 943 611 984 646; x_wconf 90' lang='lat' dir='ltr'>te</span> <span class='ocrx_word' id='word_1_56' title='bbox 1004 617 1104 646; x_wconf 90' lang='lat' dir='ltr'>vero</span> <span class='ocrx_word' id='word_1_57' title='bbox 1131 599 1615 663; x_wconf 80' lang='lat' dir='ltr'>apparebitDomiimS‚</span> <span class='ocrx_word' id='word_1_58' title='bbox 1638 607 1680 644; x_wconf 86' lang='lat' dir='ltr'>et</span> <span class='ocrx_word' id='word_1_59' title='bbox 1748 617 1749 645; x_wconf 77' lang='lat'>1</span> 
     </span>
     <span class='ocr_line' id='line_1_7' title="bbox 305 669 1681 734; baseline 0 -20"><span class='ocrx_word' id='word_1_60' title='bbox 305 690 326 711; x_wconf 77' lang='lat'>&gt;2</span> <span class='ocrx_word' id='word_1_61' title='bbox 348 673 544 729; x_wconf 86' lang='lat' dir='ltr'>majestas</span> <span class='ocrx_word' id='word_1_62' title='bbox 567 671 659 729; x_wconf 86' lang='lat' dir='ltr'>ejus</span> <span class='ocrx_word' id='word_1_63' title='bbox 681 669 726 715; x_wconf 90' lang='lat' dir='ltr'>in</span> <span class='ocrx_word' id='word_1_64' title='bbox 756 679 793 715; x_wconf 92' lang='lat' dir='ltr'>te</span> <span class='ocrx_word' id='word_1_65' title='bbox 816 670 1038 717; x_wconf 83' lang='lat' dir='ltr'>videbitur</span> <span class='ocrx_word' id='word_1_66' title='bbox 1055 670 1087 718; x_wconf 73' lang='lat'>3.</span> <span class='ocrx_word' id='word_1_67' title='bbox 1126 691 1145 711; x_wconf 79' lang='lat'>&gt;2</span> <span class='ocrx_word' id='word_1_68' title='bbox 1177 671 1285 715; x_wconf 91' lang='lat' dir='ltr'>ltem</span> <span class='ocrx_word' id='word_1_69' title='bbox 1314 669 1435 732; x_wconf 89' lang='lat' dir='ltr'>quod</span> <span class='ocrx_word' id='word_1_70' title='bbox 1467 670 1681 734; x_wconf 80' lang='lat' dir='ltr'>scriptum</span> 
     </span>
    </p>
   </div>
   <div class='ocr_carea' id='block_1_5' title="bbox 304 739 1683 804">
    <p class='ocr_par' dir='ltr' id='par_1_5' title="bbox 304 739 1683 804">
     <span class='ocr_line' id='line_1_8' title="bbox 304 739 1683 804; baseline 0.001 -20"><span class='ocrx_word' id='word_1_71' title='bbox 304 749 394 795; x_wconf 87' lang='lat' dir='ltr'>est,</span> <span class='ocrx_word' id='word_1_72' title='bbox 429 760 449 780; x_wconf 75' lang='grc' dir='ltr'>ε(</span> <span class='ocrx_word' id='word_1_73' title='bbox 483 739 704 796; x_wconf 82' lang='lat' dir='ltr'>Qui·vero</span> <span class='ocrx_word' id='word_1_74' title='bbox 731 751 959 804; x_wconf 76' lang='lat' dir='ltr'><strong>expectant</strong></span> <span class='ocrx_word' id='word_1_75' title='bbox 995 740 1234 787; x_wconf 88' lang='lat' dir='ltr'>Dominum</span> <span class='ocrx_word' id='word_1_76' title='bbox 1260 778 1270 796; x_wconf 91' lang='lat'>,</span> <span class='ocrx_word' id='word_1_77' title='bbox 1303 739 1559 786; x_wconf 84' lang='lat' dir='ltr'>exultabunt</span> <span class='ocrx_word' id='word_1_78' title='bbox 1580 755 1683 799; x_wconf 86' lang='lat' dir='ltr'>cum</span> 
     </span>
    </p>
   </div>
   <div class='ocr_carea' id='block_1_6' title="bbox 310 809 1753 875">
    <p class='ocr_par' dir='ltr' id='par_1_6' title="bbox 310 809 1753 875">
     <span class='ocr_line' id='line_1_9' title="bbox 310 809 1753 875; baseline 0.004 -23"><span class='ocrx_word' id='word_1_79' title='bbox 310 809 535 866; x_wconf 84' lang='lat' dir='ltr'>»virtute,</span> <span class='ocrx_word' id='word_1_80' title='bbox 577 810 824 875; x_wconf 82' lang='lat' dir='ltr'><strong>producent</strong></span> <span class='ocrx_word' id='word_1_81' title='bbox 868 829 1031 875; x_wconf 86' lang='lat' dir='ltr'>pennas</span> <span class='ocrx_word' id='word_1_82' title='bbox 1077 813 1188 857; x_wconf 90' lang='lat' dir='ltr'>sicut</span> <span class='ocrx_word' id='word_1_83' title='bbox 1231 811 1416 875; x_wconf 85' lang='lat' dir='ltr'>aquilae,</span> <span class='ocrx_word' id='word_1_84' title='bbox 1445 820 1622 857; x_wconf 84' lang='lat' dir='ltr'>current</span> <span class='ocrx_word' id='word_1_85' title='bbox 1642 817 1685 858; x_wconf 74' lang='lat' dir='ltr'>et</span> <span class='ocrx_word' id='word_1_86' title='bbox 1752 820 1753 825; x_wconf 77' lang='grc'>’</span> 
     </span>
    </p>
   </div>
   <div class='ocr_carea' id='block_1_7' title="bbox 311 881 1572 935">
    <p class='ocr_par' dir='ltr' id='par_1_7' title="bbox 311 881 1572 935">
     <span class='ocr_line' id='line_1_10' title="bbox 311 881 1572 935; baseline -0.001 -10"><span class='ocrx_word' id='word_1_87' title='bbox 311 903 332 924; x_wconf 82' lang='grc'>»</span> <span class='ocrx_word' id='word_1_88' title='bbox 357 898 445 927; x_wconf 89' lang='lat' dir='ltr'>non</span> <span class='ocrx_word' id='word_1_89' title='bbox 470 881 766 935; x_wconf 87' lang='lat' dir='ltr'>laborabunt,</span> <span class='ocrx_word' id='word_1_90' title='bbox 794 882 1088 928; x_wconf 84' lang='lat' dir='ltr'>ambulabunt</span> <span class='ocrx_word' id='word_1_91' title='bbox 1113 893 1153 927; x_wconf 93' lang='lat' dir='ltr'>et</span> <span class='ocrx_word' id='word_1_92' title='bbox 1179 899 1265 927; x_wconf 91' lang='lat' dir='ltr'>non</span> <span class='ocrx_word' id='word_1_93' title='bbox 1288 882 1475 928; x_wconf 86' lang='lat' dir='ltr'>esurient</span> <span class='ocrx_word' id='word_1_94' title='bbox 1491 881 1524 929; x_wconf 63' lang='lat'>[⁸.</span> <span class='ocrx_word' id='word_1_95' title='bbox 1551 902 1572 924; x_wconf 87' lang='lat'>»</span> 
     </span>
    </p>
   </div>
   <div class='ocr_carea' id='block_1_8' title="bbox 372 951 1757 1015">
    <p class='ocr_par' dir='ltr' id='par_1_8' title="bbox 372 951 1757 1015">
     <span class='ocr_line' id='line_1_11' title="bbox 372 951 1757 1015; baseline -0.002 -17"><span class='ocrx_word' id='word_1_96' title='bbox 372 952 466 999; x_wconf 76' lang='lat' dir='ltr'>XV.</span> <span class='ocrx_word' id='word_1_97' title='bbox 505 952 600 997; x_wconf 91' lang='lat' dir='ltr'>Hoc</span> <span class='ocrx_word' id='word_1_98' title='bbox 624 951 755 1015; x_wconf 86' lang='lat' dir='ltr'>plane</span> <span class='ocrx_word' id='word_1_99' title='bbox 791 952 983 1014; x_wconf 79' lang='lat' dir='ltr'>piissime</span> <span class='ocrx_word' id='word_1_100' title='bbox 1001 963 1043 997; x_wconf 85' lang='lat' dir='ltr'>et</span> <span class='ocrx_word' id='word_1_101' title='bbox 1063 952 1277 998; x_wconf 84' lang='lat' dir='ltr'>verissime</span> <span class='ocrx_word' id='word_1_102' title='bbox 1300 951 1434 1009; x_wconf 84' lang='lat' dir='ltr'>dicis,</span> <span class='ocrx_word' id='word_1_103' title='bbox 1459 966 1686 996; x_wconf 84' lang='lat' dir='ltr'>commen·</span> <span class='ocrx_word' id='word_1_104' title='bbox 1754 971 1757 978; x_wconf 50' lang='lat'>¹</span> 
     </span>
    </p>
   </div>
   <div class='ocr_carea' id='block_1_9' title="bbox 310 1020 1702 2500">
    <p class='ocr_par' dir='ltr' id='par_1_9' title="bbox 310 1020 1702 2356">
     <span class='ocr_line' id='line_1_12' title="bbox 310 1020 1688 1085; baseline -0.002 -17"><span class='ocrx_word' id='word_1_105' title='bbox 310 1022 419 1068; x_wconf 84' lang='lat' dir='ltr'>dans</span> <span class='ocrx_word' id='word_1_106' title='bbox 456 1038 607 1067; x_wconf 87' lang='lat' dir='ltr'>eorum</span> <span class='ocrx_word' id='word_1_107' title='bbox 641 1020 957 1067; x_wconf 74' lang='lat' dir='ltr'>beatitudinem</span> <span class='ocrx_word' id='word_1_108' title='bbox 975 1059 986 1079; x_wconf 88' lang='lat'>,</span> <span class='ocrx_word' id='word_1_109' title='bbox 1029 1022 1105 1085; x_wconf 88' lang='lat' dir='ltr'>qui</span> <span class='ocrx_word' id='word_1_110' title='bbox 1129 1021 1317 1082; x_wconf 78' lang='lat' dir='ltr'>diligunt</span> <span class='ocrx_word' id='word_1_111' title='bbox 1338 1022 1571 1069; x_wconf 82' lang='lat' dir='ltr'>adventum</span> <span class='ocrx_word' id='word_1_112' title='bbox 1594 1022 1688 1066; x_wconf 93' lang='lat' dir='ltr'>Do-</span> 
     </span>
     <span class='ocr_line' id='line_1_13' title="bbox 314 1090 1689 1156; baseline -0.003 -18"><span class='ocrx_word' id='word_1_113' title='bbox 314 1093 436 1138; x_wconf 84' lang='lat' dir='ltr'>mini.</span> <span class='ocrx_word' id='word_1_114' title='bbox 474 1092 559 1137; x_wconf 85' lang='lat' dir='ltr'>Sed</span> <span class='ocrx_word' id='word_1_115' title='bbox 581 1101 623 1136; x_wconf 92' lang='lat' dir='ltr'>et</span> <span class='ocrx_word' id='word_1_116' title='bbox 648 1090 712 1136; x_wconf 83' lang='lat' dir='ltr'>illi</span> <span class='ocrx_word' id='word_1_117' title='bbox 742 1091 903 1154; x_wconf 88' lang='lat' dir='ltr'>quibus</span> <span class='ocrx_word' id='word_1_118' title='bbox 928 1092 1104 1138; x_wconf 89' lang='lat' dir='ltr'>dicebat</span> <span class='ocrx_word' id='word_1_119' title='bbox 1139 1092 1372 1156; x_wconf 84' lang='lat' dir='ltr'>Apostolus</span> <span class='ocrx_word' id='word_1_120' title='bbox 1393 1130 1403 1146; x_wconf 92' lang='lat'>,</span> <span class='ocrx_word' id='word_1_121' title='bbox 1432 1114 1449 1134; x_wconf 75' lang='lat' dir='ltr'>c·</span> <span class='ocrx_word' id='word_1_122' title='bbox 1478 1092 1578 1138; x_wconf 88' lang='lat' dir='ltr'>Non</span> <span class='ocrx_word' id='word_1_123' title='bbox 1602 1090 1689 1136; x_wconf 89' lang='lat' dir='ltr'>cito</span> 
     </span>
     <span class='ocr_line' id='line_1_14' title="bbox 314 1159 1692 1225; baseline 0 -17"><span class='ocrx_word' id='word_1_124' title='bbox 314 1185 334 1204; x_wconf 70' lang='lat'>&gt;³</span> <span class='ocrx_word' id='word_1_125' title='bbox 362 1162 623 1208; x_wconf 80' lang='lat' dir='ltr'>moveamini</span> <span class='ocrx_word' id='word_1_126' title='bbox 651 1172 821 1217; x_wconf 86' lang='lat' dir='ltr'>mente,</span> <span class='ocrx_word' id='word_1_127' title='bbox 855 1163 979 1225; x_wconf 87' lang='lat' dir='ltr'>quasi</span> <span class='ocrx_word' id='word_1_128' title='bbox 1007 1163 1134 1208; x_wconf 88' lang='lat' dir='ltr'>instet</span> <span class='ocrx_word' id='word_1_129' title='bbox 1159 1164 1248 1208; x_wconf 88' lang='lat' dir='ltr'>dies</span> <span class='ocrx_word' id='word_1_130' title='bbox 1278 1163 1455 1209; x_wconf 90' lang='lat' dir='ltr'>Domini</span> <span class='ocrx_word' id='word_1_131' title='bbox 1475 1162 1512 1218; x_wconf 84' lang='lat'>5,</span> <span class='ocrx_word' id='word_1_132' title='bbox 1541 1182 1562 1203; x_wconf 67' lang='lat'>³&gt;</span> <span class='ocrx_word' id='word_1_133' title='bbox 1587 1159 1692 1205; x_wconf 69' lang='lat' dir='ltr'>dili-</span> 
     </span>
     <span class='ocr_line' id='line_1_15' title="bbox 313 1231 1692 1296; baseline -0.002 -18"><span class='ocrx_word' id='word_1_134' title='bbox 313 1234 474 1293; x_wconf 82' lang='lat' dir='ltr'>gebant</span> <span class='ocrx_word' id='word_1_135' title='bbox 512 1233 662 1296; x_wconf 89' lang='lat' dir='ltr'>utique</span> <span class='ocrx_word' id='word_1_136' title='bbox 697 1232 931 1278; x_wconf 76' lang='lat' dir='ltr'>adventum</span> <span class='ocrx_word' id='word_1_137' title='bbox 971 1234 1148 1279; x_wconf 90' lang='lat' dir='ltr'>Domini</span> <span class='ocrx_word' id='word_1_138' title='bbox 1184 1252 1194 1279; x_wconf 91' lang='lat'><strong>:</strong></span> <span class='ocrx_word' id='word_1_139' title='bbox 1226 1251 1304 1279; x_wconf 89' lang='lat' dir='ltr'>nec</span> <span class='ocrx_word' id='word_1_140' title='bbox 1338 1251 1407 1279; x_wconf 86' lang='lat' dir='ltr'>eos</span> <span class='ocrx_word' id='word_1_141' title='bbox 1429 1233 1517 1278; x_wconf 89' lang='lat' dir='ltr'>hoc</span> <span class='ocrx_word' id='word_1_142' title='bbox 1542 1231 1692 1277; x_wconf 86' lang='lat' dir='ltr'>dicens</span> 
     </span>
     <span class='ocr_line' id='line_1_16' title="bbox 315 1301 1693 1367; baseline -0.001 -20"><span class='ocrx_word' id='word_1_143' title='bbox 315 1304 480 1349; x_wconf 91' lang='lat' dir='ltr'>Doctor</span> <span class='ocrx_word' id='word_1_144' title='bbox 503 1303 696 1362; x_wconf 84' lang='lat' dir='ltr'>gentium</span> <span class='ocrx_word' id='word_1_145' title='bbox 722 1302 778 1347; x_wconf 83' lang='lat' dir='ltr'>ab</span> <span class='ocrx_word' id='word_1_146' title='bbox 803 1302 876 1348; x_wconf 87' lang='lat' dir='ltr'>illa</span> <span class='ocrx_word' id='word_1_147' title='bbox 898 1303 1130 1349; x_wconf 84' lang='lat' dir='ltr'>dilectione</span> <span class='ocrx_word' id='word_1_148' title='bbox 1155 1304 1384 1364; x_wconf 82' lang='lat' dir='ltr'>frangebat</span> <span class='ocrx_word' id='word_1_149' title='bbox 1401 1341 1411 1359; x_wconf 97' lang='lat'>,</span> <span class='ocrx_word' id='word_1_150' title='bbox 1440 1320 1526 1367; x_wconf 85' lang='lat' dir='ltr'>qua</span> <span class='ocrx_word' id='word_1_151' title='bbox 1551 1313 1600 1347; x_wconf 92' lang='lat' dir='ltr'>ut</span> <span class='ocrx_word' id='word_1_152' title='bbox 1621 1301 1693 1347; x_wconf 90' lang='lat' dir='ltr'>in-</span> 
     </span>
     <span class='ocr_line' id='line_1_17' title="bbox 314 1371 1692 1427; baseline -0.001 -8"><span class='ocrx_word' id='word_1_153' title='bbox 314 1374 648 1419; x_wconf 85' lang='lat' dir='ltr'>flammarentur</span> <span class='ocrx_word' id='word_1_154' title='bbox 669 1372 872 1427; x_wconf 80' lang='lat' dir='ltr'>volebat3</span> <span class='ocrx_word' id='word_1_155' title='bbox 898 1385 937 1419; x_wconf 88' lang='lat' dir='ltr'>et</span> <span class='ocrx_word' id='word_1_156' title='bbox 962 1374 1060 1420; x_wconf 88' lang='lat' dir='ltr'>ideo</span> <span class='ocrx_word' id='word_1_157' title='bbox 1089 1375 1265 1420; x_wconf 82' lang='lat' dir='ltr'>nolebat</span> <span class='ocrx_word' id='word_1_158' title='bbox 1290 1386 1338 1420; x_wconf 89' lang='lat' dir='ltr'>ut</span> <span class='ocrx_word' id='word_1_159' title='bbox 1360 1374 1586 1421; x_wconf 81' lang='lat' dir='ltr'>crederent</span> <span class='ocrx_word' id='word_1_160' title='bbox 1610 1371 1692 1427; x_wconf 87' lang='lat' dir='ltr'>eis,</span> 
     </span>
     <span class='ocr_line' id='line_1_18' title="bbox 318 1443 1693 1508; baseline -0.002 -18"><span class='ocrx_word' id='word_1_161' title='bbox 318 1463 340 1490; x_wconf 87' lang='lat' dir='ltr'>a</span> <span class='ocrx_word' id='word_1_162' title='bbox 373 1445 536 1508; x_wconf 87' lang='lat' dir='ltr'>quibus</span> <span class='ocrx_word' id='word_1_163' title='bbox 572 1443 811 1489; x_wconf 83' lang='lat' dir='ltr'>audiebant</span> <span class='ocrx_word' id='word_1_164' title='bbox 834 1444 992 1490; x_wconf 87' lang='lat' dir='ltr'>instare</span> <span class='ocrx_word' id='word_1_165' title='bbox 1018 1445 1131 1490; x_wconf 90' lang='lat' dir='ltr'>diem</span> <span class='ocrx_word' id='word_1_166' title='bbox 1162 1445 1358 1502; x_wconf 85' lang='lat' dir='ltr'>Domini,</span> <span class='ocrx_word' id='word_1_167' title='bbox 1388 1462 1442 1491; x_wconf 90' lang='lat' dir='ltr'>ne</span> <span class='ocrx_word' id='word_1_168' title='bbox 1462 1444 1571 1490; x_wconf 81' lang='lat' dir='ltr'>forte</span> <span class='ocrx_word' id='word_1_169' title='bbox 1594 1458 1693 1489; x_wconf 86' lang='lat' dir='ltr'>cum</span> 
     </span>
     <span class='ocr_line' id='line_1_19' title="bbox 315 1514 1692 1578; baseline -0.002 -18"><span class='ocrx_word' id='word_1_170' title='bbox 315 1515 536 1560; x_wconf 78' lang='lat' dir='ltr'>transisset</span> <span class='ocrx_word' id='word_1_171' title='bbox 561 1524 759 1577; x_wconf 74' lang='lat' dir='ltr'>tempu8,</span> <span class='ocrx_word' id='word_1_172' title='bbox 789 1531 877 1578; x_wconf 91' lang='lat' dir='ltr'>quo</span> <span class='ocrx_word' id='word_1_173' title='bbox 902 1531 1002 1561; x_wconf 88' lang='lat' dir='ltr'>eum</span> <span class='ocrx_word' id='word_1_174' title='bbox 1027 1514 1305 1561; x_wconf 84' lang='lat' dir='ltr'>crediderant</span> <span class='ocrx_word' id='word_1_175' title='bbox 1332 1533 1417 1561; x_wconf 87' lang='lat' dir='ltr'>esse</span> <span class='ocrx_word' id='word_1_176' title='bbox 1441 1525 1692 1568; x_wconf 87' lang='lat' dir='ltr'>venturum,</span> 
     </span>
     <span class='ocr_line' id='line_1_20' title="bbox 316 1583 1694 1641; baseline -0.004 -9"><span class='ocrx_word' id='word_1_177' title='bbox 316 1596 357 1632; x_wconf 87' lang='lat' dir='ltr'>et</span> <span class='ocrx_word' id='word_1_178' title='bbox 391 1585 554 1630; x_wconf 76' lang='lat' dir='ltr'>venisse</span> <span class='ocrx_word' id='word_1_179' title='bbox 589 1601 678 1629; x_wconf 89' lang='lat' dir='ltr'>non</span> <span class='ocrx_word' id='word_1_180' title='bbox 710 1597 963 1641; x_wconf 85' lang='lat' dir='ltr'>cernerent,</span> <span class='ocrx_word' id='word_1_181' title='bbox 1006 1586 1135 1632; x_wconf 83' lang='lat' dir='ltr'>etiam</span> <span class='ocrx_word' id='word_1_182' title='bbox 1170 1597 1326 1632; x_wconf 83' lang='lat' dir='ltr'>caetera</span> <span class='ocrx_word' id='word_1_183' title='bbox 1363 1586 1574 1632; x_wconf 82' lang='lat' dir='ltr'>fallaciter</span> <span class='ocrx_word' id='word_1_184' title='bbox 1610 1583 1694 1629; x_wconf 86' lang='lat' dir='ltr'>sibi</span> 
     </span>
     <span class='ocr_line' id='line_1_21' title="bbox 319 1656 1697 1721; baseline -0.001 -19"><span class='ocrx_word' id='word_1_185' title='bbox 319 1657 516 1721; x_wconf 81' lang='lat' dir='ltr'>promitti</span> <span class='ocrx_word' id='word_1_186' title='bbox 545 1656 804 1701; x_wconf 82' lang='lat' dir='ltr'>arbitrantes</span> <span class='ocrx_word' id='word_1_187' title='bbox 823 1693 833 1713; x_wconf 95' lang='lat'>,</span> <span class='ocrx_word' id='word_1_188' title='bbox 871 1668 912 1702; x_wconf 86' lang='lat' dir='ltr'>et</span> <span class='ocrx_word' id='word_1_189' title='bbox 946 1658 998 1703; x_wconf 88' lang='lat' dir='ltr'>de</span> <span class='ocrx_word' id='word_1_190' title='bbox 1023 1659 1117 1721; x_wconf 83' lang='lat' dir='ltr'>ipsa</span> <span class='ocrx_word' id='word_1_191' title='bbox 1146 1657 1344 1704; x_wconf 86' lang='lat' dir='ltr'>mercede</span> <span class='ocrx_word' id='word_1_192' title='bbox 1364 1657 1464 1704; x_wconf 84' lang='lat' dir='ltr'>fidei</span> <span class='ocrx_word' id='word_1_193' title='bbox 1489 1657 1697 1719; x_wconf 83' lang='lat' dir='ltr'>despera-</span> 
     </span>
     <span class='ocr_line' id='line_1_22' title="bbox 317 1726 1696 1790; baseline -0.003 -16"><span class='ocrx_word' id='word_1_194' title='bbox 317 1738 427 1774; x_wconf 90' lang='lat' dir='ltr'>rent.</span> <span class='ocrx_word' id='word_1_195' title='bbox 461 1727 557 1772; x_wconf 86' lang='lat' dir='ltr'>Non</span> <span class='ocrx_word' id='word_1_196' title='bbox 592 1743 694 1786; x_wconf 84' lang='lat' dir='ltr'>ergo</span> <span class='ocrx_word' id='word_1_197' title='bbox 728 1726 800 1772; x_wconf 90' lang='lat' dir='ltr'>ille</span> <span class='ocrx_word' id='word_1_198' title='bbox 825 1726 967 1787; x_wconf 80' lang='lat' dir='ltr'>diligit</span> <span class='ocrx_word' id='word_1_199' title='bbox 1002 1728 1240 1774; x_wconf 83' lang='lat' dir='ltr'>adventum</span> <span class='ocrx_word' id='word_1_200' title='bbox 1262 1728 1465 1783; x_wconf 89' lang='lat' dir='ltr'>Domini,</span> <span class='ocrx_word' id='word_1_201' title='bbox 1503 1727 1696 1790; x_wconf 85' lang='lat' dir='ltr'>quicum</span> 
     </span>
     <span class='ocr_line' id='line_1_23' title="bbox 322 1797 1693 1863; baseline -0.002 -19"><span class='ocrx_word' id='word_1_202' title='bbox 322 1798 466 1844; x_wconf 84' lang='lat' dir='ltr'>asserit</span> <span class='ocrx_word' id='word_1_203' title='bbox 484 1797 797 1861; x_wconf 86' lang='lat' dir='ltr'>propinquare,</span> <span class='ocrx_word' id='word_1_204' title='bbox 818 1808 892 1843; x_wconf 90' lang='lat' dir='ltr'>aut</span> <span class='ocrx_word' id='word_1_205' title='bbox 909 1798 980 1844; x_wconf 88' lang='lat' dir='ltr'>ille</span> <span class='ocrx_word' id='word_1_206' title='bbox 1002 1799 1078 1863; x_wconf 92' lang='lat' dir='ltr'>qui</span> <span class='ocrx_word' id='word_1_207' title='bbox 1099 1801 1244 1845; x_wconf 85' lang='lat' dir='ltr'>asserit</span> <span class='ocrx_word' id='word_1_208' title='bbox 1263 1817 1351 1846; x_wconf 88' lang='lat' dir='ltr'>non</span> <span class='ocrx_word' id='word_1_209' title='bbox 1368 1798 1693 1863; x_wconf 67' lang='lat' dir='ltr'>propinqu21r03</span> 
     </span>
     <span class='ocr_line' id='line_1_24' title="bbox 322 1868 1697 1934; baseline -0.002 -19"><span class='ocrx_word' id='word_1_210' title='bbox 322 1869 393 1915; x_wconf 88' lang='lat' dir='ltr'>sed</span> <span class='ocrx_word' id='word_1_211' title='bbox 413 1869 486 1914; x_wconf 89' lang='lat' dir='ltr'>ille</span> <span class='ocrx_word' id='word_1_212' title='bbox 503 1868 672 1931; x_wconf 81' lang='lat' dir='ltr'>potius,</span> <span class='ocrx_word' id='word_1_213' title='bbox 692 1868 769 1931; x_wconf 89' lang='lat' dir='ltr'>qui</span> <span class='ocrx_word' id='word_1_214' title='bbox 793 1885 890 1914; x_wconf 78' lang='lat' dir='ltr'>euni</span> <span class='ocrx_word' id='word_1_215' title='bbox 918 1871 1006 1916; x_wconf 83' lang='lat' dir='ltr'>sive</span> <span class='ocrx_word' id='word_1_216' title='bbox 1037 1887 1176 1934; x_wconf 88' lang='lat' dir='ltr'>prope</span> <span class='ocrx_word' id='word_1_217' title='bbox 1195 1872 1282 1917; x_wconf 79' lang='lat' dir='ltr'>sive</span> <span class='ocrx_word' id='word_1_218' title='bbox 1304 1870 1428 1931; x_wconf 87' lang='lat' dir='ltr'>longe</span> <span class='ocrx_word' id='word_1_219' title='bbox 1452 1870 1530 1924; x_wconf 86' lang='lat' dir='ltr'>sit,</span> <span class='ocrx_word' id='word_1_220' title='bbox 1555 1868 1697 1914; x_wconf 90' lang='lat' dir='ltr'>since-</span> 
     </span>
     <span class='ocr_line' id='line_1_25' title="bbox 321 1938 1693 2004; baseline 0 -19"><span class='ocrx_word' id='word_1_221' title='bbox 321 1939 447 1986; x_wconf 88' lang='lat' dir='ltr'>ritate</span> <span class='ocrx_word' id='word_1_222' title='bbox 481 1938 607 1991; x_wconf 85' lang='lat' dir='ltr'>fidei,</span> <span class='ocrx_word' id='word_1_223' title='bbox 653 1940 855 1985; x_wconf 83' lang='lat' dir='ltr'>firmitate</span> <span class='ocrx_word' id='word_1_224' title='bbox 893 1942 1010 2004; x_wconf 90' lang='lat' dir='ltr'>spei,</span> <span class='ocrx_word' id='word_1_225' title='bbox 1048 1941 1200 1987; x_wconf 89' lang='lat' dir='ltr'>ardore</span> <span class='ocrx_word' id='word_1_226' title='bbox 1230 1941 1456 1988; x_wconf 83' lang='lat' dir='ltr'>charitatis</span> <span class='ocrx_word' id='word_1_227' title='bbox 1483 1947 1693 2004; x_wconf 81' lang='lat' dir='ltr'>expectat.</span> 
     </span>
     <span class='ocr_line' id='line_1_26' title="bbox 325 2008 1700 2076; baseline -0.002 -19"><span class='ocrx_word' id='word_1_228' title='bbox 325 2012 435 2057; x_wconf 90' lang='lat' dir='ltr'>Nam</span> <span class='ocrx_word' id='word_1_229' title='bbox 461 2010 497 2056; x_wconf 85' lang='lat' dir='ltr'>si</span> <span class='ocrx_word' id='word_1_230' title='bbox 530 2019 652 2055; x_wconf 83' lang='lat' dir='ltr'>tanto</span> <span class='ocrx_word' id='word_1_231' title='bbox 684 2011 820 2069; x_wconf 77' lang='lat' dir='ltr'>magis</span> <span class='ocrx_word' id='word_1_232' title='bbox 859 2011 1058 2072; x_wconf 82' lang='lat' dir='ltr'>diligitur</span> <span class='ocrx_word' id='word_1_233' title='bbox 1093 2014 1337 2069; x_wconf 84' lang='lat' dir='ltr'>Dominus,</span> <span class='ocrx_word' id='word_1_234' title='bbox 1373 2022 1538 2076; x_wconf 89' lang='lat' dir='ltr'>quanto</span> <span class='ocrx_word' id='word_1_235' title='bbox 1568 2008 1700 2069; x_wconf 86' lang='lat' dir='ltr'>magis</span> 
     </span>
     <span class='ocr_line' id='line_1_27' title="bbox 326 2080 1702 2144; baseline -0.002 -16"><span class='ocrx_word' id='word_1_236' title='bbox 326 2081 521 2128; x_wconf 88' lang='lat' dir='ltr'>creditur</span> <span class='ocrx_word' id='word_1_237' title='bbox 541 2091 583 2126; x_wconf 88' lang='lat' dir='ltr'>et</span> <span class='ocrx_word' id='word_1_238' title='bbox 616 2080 889 2144; x_wconf 77' lang='lat' dir='ltr'>praedicatur</span> <span class='ocrx_word' id='word_1_239' title='bbox 924 2083 1052 2129; x_wconf 88' lang='lat' dir='ltr'>citius</span> <span class='ocrx_word' id='word_1_240' title='bbox 1076 2101 1161 2129; x_wconf 84' lang='lat' dir='ltr'>esse</span> <span class='ocrx_word' id='word_1_241' title='bbox 1185 2094 1419 2136; x_wconf 62' lang='lat' dir='ltr'>venturus,</span> <span class='ocrx_word' id='word_1_242' title='bbox 1446 2081 1581 2141; x_wconf 85' lang='lat' dir='ltr'>magis</span> <span class='ocrx_word' id='word_1_243' title='bbox 1603 2096 1702 2126; x_wconf 89' lang='lat' dir='ltr'>eum</span> 
     </span>
     <span class='ocr_line' id='line_1_28' title="bbox 325 2151 1700 2216; baseline -0.002 -17"><span class='ocrx_word' id='word_1_244' title='bbox 325 2152 566 2213; x_wconf 84' lang='lat' dir='ltr'>diligebant</span> <span class='ocrx_word' id='word_1_245' title='bbox 583 2151 657 2214; x_wconf 94' lang='lat' dir='ltr'>qui</span> <span class='ocrx_word' id='word_1_246' title='bbox 675 2155 766 2211; x_wconf 84' lang='lat' dir='ltr'>ejus</span> <span class='ocrx_word' id='word_1_247' title='bbox 790 2152 1023 2199; x_wconf 82' lang='lat' dir='ltr'>adventum</span> <span class='ocrx_word' id='word_1_248' title='bbox 1040 2158 1131 2216; x_wconf 87' lang='lat' dir='ltr'>jam</span> <span class='ocrx_word' id='word_1_249' title='bbox 1151 2155 1308 2201; x_wconf 88' lang='lat' dir='ltr'>instare</span> <span class='ocrx_word' id='word_1_250' title='bbox 1326 2153 1549 2209; x_wconf 86' lang='lat' dir='ltr'>dicebant,</span> <span class='ocrx_word' id='word_1_251' title='bbox 1566 2167 1700 2216; x_wconf 88' lang='lat' dir='ltr'>quam</span> 
     </span>
     <span class='ocr_line' id='line_1_29' title="bbox 325 2221 1700 2289; baseline -0.002 -20"><span class='ocrx_word' id='word_1_252' title='bbox 325 2223 374 2269; x_wconf 86' lang='lat' dir='ltr'>hi</span> <span class='ocrx_word' id='word_1_253' title='bbox 390 2240 498 2287; x_wconf 84' lang='lat' dir='ltr'>qnos</span> <span class='ocrx_word' id='word_1_254' title='bbox 523 2221 758 2285; x_wconf 82' lang='lat' dir='ltr'>Apostolus</span> <span class='ocrx_word' id='word_1_255' title='bbox 777 2222 836 2269; x_wconf 89' lang='lat' dir='ltr'>eis</span> <span class='ocrx_word' id='word_1_256' title='bbox 856 2224 1032 2271; x_wconf 85' lang='lat' dir='ltr'>credere</span> <span class='ocrx_word' id='word_1_257' title='bbox 1054 2225 1344 2289; x_wconf 81' lang='lat' dir='ltr'>prohibebat,</span> <span class='ocrx_word' id='word_1_258' title='bbox 1361 2223 1429 2273; x_wconf 86' lang='lat' dir='ltr'>vel</span> <span class='ocrx_word' id='word_1_259' title='bbox 1449 2224 1543 2288; x_wconf 87' lang='lat' dir='ltr'>ipse</span> <span class='ocrx_word' id='word_1_260' title='bbox 1562 2224 1700 2285; x_wconf 86' lang='lat' dir='ltr'>Apos-</span> 
     </span>
     <span class='ocr_line' id='line_1_30' title="bbox 325 2292 1173 2356; baseline 0.007 -19"><span class='ocrx_word' id='word_1_261' title='bbox 325 2293 439 2338; x_wconf 85' lang='lat' dir='ltr'>tolus</span> <span class='ocrx_word' id='word_1_262' title='bbox 458 2292 533 2356; x_wconf 85' lang='lat' dir='ltr'>qui</span> <span class='ocrx_word' id='word_1_263' title='bbox 555 2293 642 2337; x_wconf 85' lang='lat' dir='ltr'>hoc</span> <span class='ocrx_word' id='word_1_264' title='bbox 666 2292 818 2356; x_wconf 89' lang='lat' dir='ltr'>utique</span> <span class='ocrx_word' id='word_1_265' title='bbox 841 2311 929 2339; x_wconf 91' lang='lat' dir='ltr'>non</span> <span class='ocrx_word' id='word_1_266' title='bbox 954 2295 1173 2343; x_wconf 84' lang='lat' dir='ltr'>credebat.</span> 
     </span>
    </p>

    <p class='ocr_par' dir='ltr' id='par_1_10' title="bbox 327 2361 1702 2500">
     <span class='ocr_line' id='line_1_31' title="bbox 390 2361 1702 2413; baseline -0.001 -4"><span class='ocrx_word' id='word_1_267' title='bbox 390 2364 510 2410; x_wconf 84' lang='lat' dir='ltr'>XVl.</span> <span class='ocrx_word' id='word_1_268' title='bbox 543 2362 589 2408; x_wconf 87' lang='lat' dir='ltr'>Si</span> <span class='ocrx_word' id='word_1_269' title='bbox 616 2373 760 2408; x_wconf 87' lang='lat' dir='ltr'>autem</span> <span class='ocrx_word' id='word_1_270' title='bbox 785 2381 964 2412; x_wconf 86' lang='lat' dir='ltr'>onerosa</span> <span class='ocrx_word' id='word_1_271' title='bbox 987 2384 1075 2413; x_wconf 89' lang='lat' dir='ltr'>non</span> <span class='ocrx_word' id='word_1_272' title='bbox 1094 2378 1157 2412; x_wconf 87' lang='lat' dir='ltr'>est</span> <span class='ocrx_word' id='word_1_273' title='bbox 1178 2365 1408 2413; x_wconf 88' lang='lat' dir='ltr'>infirmitas</span> <span class='ocrx_word' id='word_1_274' title='bbox 1427 2382 1520 2411; x_wconf 85' lang='lat' dir='ltr'>mea</span> <span class='ocrx_word' id='word_1_275' title='bbox 1539 2361 1702 2410; x_wconf 88' lang='lat' dir='ltr'>sancti-</span> 
     </span>
     <span class='ocr_line' id='line_1_32' title="bbox 327 2431 1702 2500; baseline -0.001 -20"><span class='ocrx_word' id='word_1_276' title='bbox 327 2434 408 2480; x_wconf 85' lang='lat' dir='ltr'>tati</span> <span class='ocrx_word' id='word_1_277' title='bbox 431 2444 518 2479; x_wconf 84' lang='lat' dir='ltr'>tuae</span> <span class='ocrx_word' id='word_1_278' title='bbox 534 2469 546 2490; x_wconf 89' lang='lat'>,</span> <span class='ocrx_word' id='word_1_279' title='bbox 569 2443 670 2496; x_wconf 85' lang='lat' dir='ltr'>peto</span> <span class='ocrx_word' id='word_1_280' title='bbox 695 2434 886 2497; x_wconf 84' lang='lat' dir='ltr'>apertius</span> <span class='ocrx_word' id='word_1_281' title='bbox 904 2453 992 2482; x_wconf 89' lang='lat' dir='ltr'>non</span> <span class='ocrx_word' id='word_1_282' title='bbox 1022 2438 1208 2498; x_wconf 83' lang='lat' dir='ltr'>graveris</span> <span class='ocrx_word' id='word_1_283' title='bbox 1230 2452 1458 2500; x_wconf 81' lang='lat' dir='ltr'>exponere,</span> <span class='ocrx_word' id='word_1_284' title='bbox 1481 2431 1702 2499; x_wconf 87' lang='lat' dir='ltr'>quomodo</span> 
     </span>
    </p>
   </div>
   <div class='ocr_carea' id='block_1_10' title="bbox 329 2530 1704 2630">
    <p class='ocr_par' dir='ltr' id='par_1_11' title="bbox 329 2530 1704 2630">
     <span class='ocr_line' id='line_1_33' title="bbox 375 2530 1704 2580; baseline 0.002 -15"><span class='ocrx_word' id='word_1_285' title='bbox 375 2535 426 2565; x_wconf 81' lang='lat'>¹2</span> <span class='ocrx_word' id='word_1_286' title='bbox 445 2532 529 2565; x_wconf 85' lang='lat' dir='ltr'>Tim.</span> <span class='ocrx_word' id='word_1_287' title='bbox 549 2542 593 2571; x_wconf 71' lang='lat' dir='ltr'>iv,</span> <span class='ocrx_word' id='word_1_288' title='bbox 614 2530 732 2566; x_wconf 81' lang='lat'>8.—2</span> <span class='ocrx_word' id='word_1_289' title='bbox 752 2530 869 2568; x_wconf 76' lang='lat' dir='ltr'>Matth.</span> <span class='ocrx_word' id='word_1_290' title='bbox 886 2543 962 2575; x_wconf 80' lang='lat' dir='ltr'>xttl,</span> <span class='ocrx_word' id='word_1_291' title='bbox 980 2536 1036 2573; x_wconf 77' lang='lat'>43.</span> <span class='ocrx_word' id='word_1_292' title='bbox 1054 2553 1099 2562; x_wconf 88' lang='lat'>—</span> <span class='ocrx_word' id='word_1_293' title='bbox 1117 2533 1221 2569; x_wconf 75' lang='lat' dir='ltr'>³1sai.</span> <span class='ocrx_word' id='word_1_294' title='bbox 1238 2545 1293 2580; x_wconf 67' lang='lat' dir='ltr'>nx,</span> <span class='ocrx_word' id='word_1_295' title='bbox 1310 2546 1403 2570; x_wconf 81' lang='lat'>2.—</span> <span class='ocrx_word' id='word_1_296' title='bbox 1421 2531 1564 2574; x_wconf 70' lang='lat' dir='ltr'>⁴1d.xx.,</span> <span class='ocrx_word' id='word_1_297' title='bbox 1586 2534 1641 2567; x_wconf 77' lang='lat'>31.</span> <span class='ocrx_word' id='word_1_298' title='bbox 1657 2545 1704 2557; x_wconf 88' lang='lat'>—-</span> 
     </span>
     <span class='ocr_line' id='line_1_34' title="bbox 329 2590 615 2630; baseline -0.007 -5"><span class='ocrx_word' id='word_1_299' title='bbox 329 2591 344 2619; x_wconf 82' lang='lat'>⁵</span> <span class='ocrx_word' id='word_1_300' title='bbox 361 2603 379 2625; x_wconf 75' lang='lat' dir='ltr'>a</span> <span class='ocrx_word' id='word_1_301' title='bbox 394 2590 509 2624; x_wconf 83' lang='lat' dir='ltr'>Thess.</span> <span class='ocrx_word' id='word_1_302' title='bbox 525 2600 562 2630; x_wconf 87' lang='grc' dir='ltr'>ιι,</span> <span class='ocrx_word' id='word_1_303' title='bbox 580 2599 615 2623; x_wconf 82' lang='lat'>2·</span> 
     </span>
    </p>
   </div>
  </div>
 </body>
</html>
