1769 3235
506 257 717 289 EPISTOLA
754 259 958 290 (mxxxix.
1367 251 1421 296 13

47 323 100 369 In
117 321 307 386 quadam
322 335 423 369 vero
440 322 619 385 epistola
639 339 714 368 sua
728 322 843 368 idem
871 321 1085 381 Pelagius,
1102 323 1179 369 ubi
1196 335 1237 370 et
1259 342 1418 373 nomen

47 409 171 439 suum
191 393 454 456 apertissime
475 392 616 455 ponit,
647 410 726 438 nec
752 409 907 438 nomen
925 408 1058 438 sacrae
1079 393 1254 453 virginis
1287 407 1417 454 tacet,

47 461 155 509 dicit
174 462 227 508 ad
244 480 337 509 eam
354 480 396 508 se
419 462 654 524 scripsisse,
676 473 717 507 et
729 462 920 521 ejusdem
937 462 1001 508 sui
1016 463 1158 526 operis
1178 465 1420 514 testimonio

47 533 235 597 probare
256 534 412 579 nititur
433 550 475 578 se
491 532 669 593 gratiam
688 532 766 577 Dei
790 549 922 595 quam
947 532 1013 579 vel
1034 543 1173 579 tacere
1187 535 1254 580 vel
1268 554 1420 597 negare

53 604 254 649 asseritur
268 603 533 666 apertissime
550 603 762 649 confiteri.
782 602 867 648 Sed
888 613 1034 648 utrum
1048 604 1138 666 ipse
1152 605 1206 651 sit
1223 606 1351 662 liber,
1371 608 1418 654 in

49 690 136 737 quo
159 673 212 719 de
245 674 513 737 spiritalibus
537 673 699 720 divitiis
732 673 806 719 illa
839 673 972 719 verba
992 675 1155 736 posuit,
1182 676 1249 722 vel
1274 688 1421 724 utrum

51 742 106 789 ad
140 754 325 790 vestram
351 743 596 806 pervenerit
612 744 901 799 sanctitatem,
929 744 1147 807 rescriptis
1169 747 1317 793 vestris
1340 764 1424 811 pe-

50 813 181 860 timus
197 830 275 860 nos
293 813 531 874 dignemini
557 813 695 860 facere
722 814 937 860 certiores.

52 986 110 1000 δ’,
116 987 174 1000 §.w
180 987 794 1001 ssssmmunmmmmmmtss
800 988 982 999 §snmus
989 988 1107 1000 ”xxxx
1116 988 1170 1000 §.¹⁸¹
1177 990 1235 1002 κῆ,
1243 990 1298 1003 §m
1307 990 1364 1003 us
1370 992 1428 1005 §.ss

441 1100 706 1143 EPISTOLA
741 1100 1008 1145 CLXXXIX
1024 1103 1035 1124 ¹
1046 1134 1055 1144 .

83 1227 256 1267 Domino
288 1227 458 1276 eximio,
491 1237 530 1267 et
564 1230 708 1267 merito
740 1229 883 1282 insigni
917 1237 1034 1282 atque
1067 1230 1293 1271 honorabili
1325 1232 1406 1274 filio

259 1289 496 1340 BONIFACIO,
521 1291 762 1329 sinon-smus
788 1290 827 1328 in
848 1289 1023 1329 Domino
1043 1290 1224 1331 salutem.

60 1409 285 1468 Bonifiwc'o
317 1413 363 1453 ἰη
389 1414 554 1456 militia
586 1415 773 1456 ”terenti
795 1413 1045 1470 proesoribit
1064 1414 1167 1455 vz'coe
1189 1417 1427 1468 rationem,

116 1480 341 1522 ostendens
376 1481 509 1524 obiter
547 1483 671 1525 licere
711 1481 965 1524 Christiano
997 1497 1080 1539 pro
1113 1482 1292 1539 publica
1323 1501 1432 1543 pace

118 1561 248 1589 arma
275 1558 478 1591 tractare.

127 1699 163 1746 l.
189 1701 280 1747 JAM
295 1702 598 1765 rescripseram
631 1702 837 1748 charitati
874 1712 978 1757 tuae,
1006 1701 1078 1747 sed
1118 1718 1220 1748 cum
1239 1703 1436 1767 epistolae

62 1769 300 1830 dirigendae
333 1775 501 1819 occasio
528 1784 811 1837 quaereretur,
845 1772 1094 1836 supervenit
1130 1772 1435 1823 dilectissimus

62 1839 177 1886 filius
199 1859 318 1888 meus
344 1844 541 1901 Faustus,
571 1862 751 1908 pergens
778 1843 832 1888 ad
862 1843 1147 1888 eximietatem
1177 1853 1312 1892 tuam.
1343 1847 1434 1904 Qui

65 1927 165 1956 cum
189 1912 303 1975 ipsas
326 1913 505 1968 litteras,
535 1931 642 1978 quas
662 1918 752 1974 jam
769 1914 970 1964 feceram,
994 1911 1226 1975 accepisset
1251 1923 1336 1960 tuae
1351 1916 1436 1962 be-

65 1981 324 2029 nevolentiae
347 1984 638 2048 perferendas,
661 1984 865 2044 suggessit
883 1982 993 2028 mihi
1014 1981 1201 2028 multum
1239 1993 1280 2029 te
1318 1985 1436 2032 desi..

67 2051 233 2109 derare,
262 2065 310 2100 ut
355 2055 520 2119 aliquid
548 2055 628 2100 tibi
648 2056 906 2111 scriberem,
933 2052 1052 2117 quod
1084 2063 1123 2097 te
1149 2051 1338 2100 aedificet
1380 2056 1437 2103 ad

69 2123 372 2187 sempiternam
391 2126 588 2183 salutem,
616 2130 739 2187 cujus
759 2125 838 2171 tibi
858 2142 953 2189 spes
975 2135 1035 2170 est
1059 2124 1104 2169 in
1127 2124 1316 2171 Domino
1336 2144 1441 2174 nos-

72 2204 136 2239 tro
173 2196 274 2242 Jcsu
301 2197 490 2245 Christo.
535 2199 587 2243 Et
611 2197 809 2261 quamvis
837 2195 947 2242 mihi
988 2205 1224 2257 occupato,
1269 2206 1440 2245 tantum

69 2264 241 2322 institit,
283 2277 332 2313 ut
362 2267 501 2314 facere
523 2285 612 2314 non
640 2268 855 2314 differrem
875 2304 886 2323 ,
916 2277 1127 2329 quantum
1152 2265 1233 2311 scis
1257 2268 1376 2329 quod
1400 2279 1442 2315 te

71 2335 291 2383 sinceriter
312 2337 476 2399 diligat.
521 2339 757 2385 Festinanti
790 2355 890 2398 ergo
914 2347 963 2382 ut
997 2352 1288 2394 occurrerem,
1309 2339 1445 2386 malui

72 2404 321 2454 festinanter
342 2408 507 2473 aliquid
534 2409 739 2466 scribere,
766 2425 900 2472 quam
921 2406 1165 2466 religiosum
1188 2416 1313 2453 tuum
1330 2408 1446 2456 desi-

123 2516 132 2538 ¹
152 2517 238 2548 Alias
258 2528 308 2549 xc.
335 2528 405 2560 quse
422 2523 526 2550 autem
550 2519 614 2560 189
636 2523 703 2550 crat
717 2541 725 2556 ‚
744 2527 827 2549 nunc
853 2516 886 2549 in
912 2515 1101 2559 Appendice
1119 2521 1164 2548 cst
1182 2514 1266 2550 Edit.
1282 2518 1402 2554 Bened.
1420 2520 1451 2553 8.

78 2590 117 2596 -
135 2573 257 2616 scripta
275 2574 352 2608 cire.
374 2585 426 2610 an.
452 2575 529 2611 418.
