1769 3235
524 310 733 340 EPtsTOLA
774 307 916 342 (zst'xv't.
1315 312 1400 344 Ωιι

39 375 201 423 debant
220 375 484 435 interrogare
503 376 599 439 quis
617 387 748 428 esset;
771 398 787 415 a
811 378 1015 421 Sciebant
1035 378 1146 423 enim
1168 379 1269 442 quia
1290 382 1410 425 Je'sus

42 469 62 490 ))
86 445 175 492 est1
198 463 210 491 t
234 466 254 486 »
277 446 335 491 ita
355 457 398 491 et
416 463 492 491 nos
525 463 602 491 nec
631 446 848 491 voluimus
864 484 873 492 .
912 463 988 491 noc
1008 449 1093 493 ausi
1119 460 1265 495 sumus
1278 450 1411 495 inter-

41 534 189 577 rogare
213 516 267 562 de
294 517 409 562 libro
426 555 435 569 ,
462 528 609 562 utrum
646 527 735 562 tuae
759 518 998 562 sanctitatis
1028 529 1157 574 esset,
1194 537 1292 565 cum
1318 521 1411 583 ipsa

43 587 236 635 fidelium
262 589 399 648 gratia
422 605 521 651 quae
549 588 595 634 in
622 604 673 633 eo
699 587 936 633 liberaliter
963 590 1309 647 commendatur,
1329 607 1414 636 no-

43 659 110 706 bis
128 669 271 713 tuuni‚
297 659 470 704 domine
485 671 632 705 sancte
651 676 767 722 papa
784 695 793 715 ,
816 659 997 722 eloquiis
1016 661 1296 708 vivacissimis
1313 680 1415 708 con-

44 740 233 776 testetur.
260 751 280 771 ι)

108 802 167 847 ll.
193 822 213 842 «
234 800 500 863 Incipiamus
520 811 689 856 autem,
712 800 888 845 domine
918 800 1160 847 beatissime
1177 819 1294 866 papa
1313 840 1322 858 ‚
1343 803 1418 866 ip-

45 873 130 919 sius
153 872 350 918 ordinem
368 872 710 935 perturbationis
732 889 955 935 exponere.
983 872 1274 919 Charissimus
1293 873 1424 919 frater

46 954 189 990 noster
214 943 366 988 Florus
390 960 535 989 servus
568 943 844 1006 paternitatis
871 953 956 988 tuae
977 981 986 999 ‚
1014 960 1117 989 cum
1142 943 1196 990 ad
1232 944 1420 990 Uzalen-

46 1031 129 1061 sem
151 1015 339 1078 patriam
363 1014 515 1060 fuisset
539 1014 748 1060 suadente
773 1015 986 1060 charitate
1012 1013 1232 1078 profectus
1252 1053 1262 1072 ‚
1299 1015 1426 1061 eulo-

48 1086 133 1146 gias
157 1085 408 1130 monasterii
436 1086 549 1130 inter
584 1101 674 1131 suae
714 1085 902 1131 civitatis
939 1102 1102 1141 moram,
1131 1086 1185 1132 de
1208 1087 1431 1151 opusculis

47 1156 175 1202 nobis
197 1166 284 1201 tuae
309 1155 457 1200 attulit
481 1156 745 1209 sanctitatis‚
770 1192 780 1211 ‚
806 1172 894 1201 uno
927 1156 1059 1202 fratre
1081 1155 1221 1203 Felice
1239 1194 1249 1214 ‚
1271 1157 1347 1221 qui
1379 1157 1435 1203 ad

48 1238 166 1273 tuam
187 1228 459 1272 sanctitatem
484 1226 606 1272 tarde
630 1238 730 1290 post
756 1228 934 1272 comites
955 1244 1051 1272 suos
1075 1229 1238 1274 venisse
1254 1228 1435 1288 dignos-

50 1299 180 1354 citur,
214 1297 414 1344 eumdem
448 1297 611 1344 librum
640 1298 795 1344 devote
834 1298 1053 1353 dictante;
1083 1310 1262 1345 ventum
1293 1310 1354 1345 est
1382 1299 1436 1345 ad

50 1369 357 1415 monasterium
379 1385 479 1414 cum
495 1369 645 1415 eodem
673 1368 823 1414 libello
844 1407 853 1424 ‚
876 1368 1008 1414 fratre
1030 1369 1156 1415 Floro
1181 1370 1234 1416 ad
1255 1370 1440 1417 Cartha·

50 1440 188 1501 ginetn
211 1440 265 1486 de
283 1439 480 1486 Uzalensi
507 1441 680 1486 civitate
702 1441 917 1504 profecto.
949 1439 1062 1486 Mihi
1085 1457 1171 1486 non
1195 1452 1435 1487 monstrato

51 1511 165 1557 libro
181 1511 395 1574 imperitis
417 1511 628 1557 fratribus
650 1511 831 1557 recitare
846 1522 1078 1575 coeperunt
1102 1529 1113 1556 :
1136 1513 1212 1575 qui
1232 1525 1443 1576 quorum*

52 1581 151 1628 dam
181 1599 270 1628 non
293 1582 629 1642 intelligentium
664 1582 795 1628 corda
823 1582 1085 1636 commovit,
1117 1583 1218 1646 quia
1242 1596 1342 1629 cum
1367 1583 1440 1628 di-

52 1654 163 1699 ceret
203 1653 446 1699 Dominus:
476 1675 496 1695 «
521 1654 610 1711 Qui
646 1671 733 1699 non
764 1653 1097 1699 manducaverit
1134 1667 1308 1699 carnem
1338 1654 1436 1700 Filii

55 1740 74 1766 »
97 1723 312 1781 hominis,
332 1741 473 1787 neque
497 1725 662 1771 biberit
694 1725 945 1784 sanguinem
983 1728 1074 1785 ejus
1094 1762 1103 1780 ‚
1135 1742 1224 1770 non
1256 1725 1442 1770 habebit

53 1810 74 1836 τ)
95 1796 232 1841 vitam
259 1795 304 1840 in
335 1796 564 1858 semetipso
581 1796 617 1852 2,
644 1817 664 1837 »
701 1795 1014 1851 discesserunt,
1039 1795 1115 1858 qui
1150 1795 1284 1858 impie
1309 1795 1441 1840 intel-

53 1865 244 1912 lexerunt
263 1904 273 1923 ,
298 1882 385 1912 non
411 1866 542 1930 culpa
564 1866 745 1912 Domini
764 1866 948 1911 dicentis
971 1903 980 1919 ‚
1004 1865 1077 1911 sed
1092 1865 1253 1912 duritia
1276 1866 1442 1930 impiis-

54 1936 149 1982 simi
174 1937 332 1984 cordis,
363 1959 383 1979 ›>

119 2009 201 2055 llI.
232 2029 253 2051 ι(
279 2009 523 2072 Coeperunt
540 2009 770 2054 memorati
786 2008 967 2065 fratres,
991 2008 1070 2072 qui
1094 2008 1240 2054 omnia
1262 2008 1439 2053 subver-

55 2088 221 2135 terunt,
249 2080 533 2126 innocentum
571 2080 734 2125 animas
771 2095 1070 2133 commovere,
1107 2095 1201 2124 mea
1227 2079 1444 2142 parvitate

53 2150 462 2211 penitusignorante
479 2188 488 2202 ,
513 2151 558 2195 in
583 2161 756 2196 tantum
775 2160 1016 2195 conventus
1041 2149 1218 2195 illorum
1237 2163 1437 2195 murmu-

57 2220 189 2265 rantis
213 2221 371 2275 nescii,
401 2231 451 2266 ut
474 2221 556 2266 nisi
589 2220 722 2266 frater
758 2220 908 2265 Florus
935 2219 988 2264 de
1024 2221 1288 2281 Carthagine
1312 2237 1440 2283 repc-

61 2288 166 2335 dans
185 2307 334 2337 eorum
354 2292 707 2354 perturbationes
731 2307 965 2351 agnoscens
990 2290 1098 2335 mihi
1121 2290 1302 2336 sollicite
1327 2302 1445 2336 nun-

61 2360 228 2418 tiasset,
253 2361 415 2408 furtiva
440 2373 480 2408 et
504 2373 713 2426 tanquam
743 2361 907 2407 servilis
938 2372 1029 2406 erat
1053 2362 1164 2407 inter
1188 2377 1257 2407 eos
1276 2361 1329 2407 de
1352 2378 1441 2407 non

62 2430 338 2493 intelligenda
363 2434 542 2480 veritate
574 2434 811 2479 contentio.
859 2432 1075 2495 Proposui
1104 2432 1158 2477 ad
1192 2431 1443 2478 auferendas

63 2500 217 2566 impias
234 2505 491 2567 quaestiones
506 2542 516 2561 ‚
544 2516 591 2551 ut
606 2504 660 2550 ad
678 2504 826 2550 domin
835 2519 906 2549 um
923 2513 1121 2548 sanctum
1136 2513 1305 2567 patrem
1330 2504 1441 2548 Evo-

66 2570 187 2619 dium
209 2575 476 2623 mitteremus
492 2614 502 2633 ‚
527 2587 575 2622 ut
592 2577 684 2640 ipse
707 2575 835 2621 nobis
857 2574 911 2620 de
927 2573 1012 2620 hoc
1032 2571 1304 2629 sacrosancto
1323 2574 1437 2620 libro

114 2652 126 2675 ¹
138 2658 234 2691 Joan.
252 2669 319 2699 xx1,
343 2669 397 2693 12.
412 2676 457 2684 —-
470 2659 485 2682 ²
501 2660 551 2692 Id.
570 2670 616 2699 vr,
636 2660 690 2697 54.

1171 2680 1174 2681 f
1234 2713 1306 2769 14·
