1769 3235
340 242 370 298 4
764 253 798 282 s,
842 250 1089 282 Aucusrrm
1124 249 1328 280 Episcopi

344 329 594 383 quantaque
617 317 743 363 nobis
765 327 806 363 et·
828 316 946 379 apud
971 317 1111 362 Deum
1135 326 1176 362 et
1200 315 1520 362 interhomines
1542 316 1594 361 sit
1611 332 1715 363 cura

344 389 399 435 de
423 388 562 434 vobis.
604 387 727 433 Licet
760 388 874 432 enim
905 403 980 432 vos
1006 404 1083 449 per
1118 386 1280 431 litteras
1312 386 1532 449 primum,
1561 386 1716 432 deinde

342 457 470 504 etiam
496 457 727 521 praesentia
749 455 965 519 corporali
982 457 1054 518 pia
1071 466 1111 500 et
1129 455 1345 501 catholica
1363 492 1373 512 ‚
1400 455 1487 501 hoe
1507 466 1595 510 est,
1618 472 1718 502 vera

341 528 539 573 membra
558 527 722 572 Christi
737 527 944 587 exiguitas
963 539 1106 571 nostra
1125 526 1377 586 cognoverit
1396 544 1404 570 τ
1430 536 1572 571 tamen
1590 526 1717 571 etiam

337 615 417 662 per
441 597 724 643 ministerium
750 608 946 643 nostrum
967 634 976 652 ‚
1008 613 1108 642 cum
1135 596 1403 660 accepissetis
1428 596 1613 641 verbum
1638 612 1718 641 au-

341 669 457 714 ditus
488 669 598 724 Dei,
638 668 751 713 sicut
788 667 896 713 dicit
935 667 1167 731 Apostolus
1195 684 1205 710 :
1233 688 1251 707 t<
1278 666 1514 728 Accepistis
1547 682 1635 710 non
1671 675 1720 710 ut

335 760 364 781 ι»
390 739 574 785 verbum
598 738 828 784 hominum
851 775 861 792 ‚
891 738 964 783 sed
985 739 1097 784 sicut
1119 747 1181 783 est
1202 754 1323 793 vere,
1341 737 1526 783 verbum
1547 735 1671 782 Deii.
1699 757 1720 777 »

342 812 479 869 Cujus
503 808 729 854 ministerii
752 808 888 854 nostri
908 845 918 864 ‚
937 808 1171 868 adjuvante
1189 807 1324 867 gratia
1351 817 1393 853 et
1424 805 1721 852 misericordia

343 878 602 934 Salvatoris‚
630 879 674 923 in
701 879 833 924 domo
856 889 993 925 vestra
1014 889 1161 924 tantus
1186 879 1355 924 fructus
1370 887 1538 922 exortus
1555 886 1617 922 est
1636 913 1648 933 ,
1671 887 1720 923 ut·

340 948 546 994 humanis
564 949 732 1013 nuptiis
753 953 844 1009 jam
864 950 1027 1013 paratis
1053 960 1201 994 sancta
1226 948 1466 994 Demetrias
1485 946 1722 1010 spiritalem

344 1021 494 1083 sponsi
514 1019 629 1066 illius
644 1020 867 1083 praeferret
894 1020 1141 1082 amplexum
1161 1056 1171 1075 ‚
1196 1018 1267 1064 cui
1289 1018 1480 1081 specioso
1504 1034 1597 1081 prae
1622 1017 1724 1063 filiis

344 1090 576 1135 hominum
608 1090 662 1135 ad
694 1090 945 1135 habendam
977 1090 1154 1154 spiritus
1184 1089 1427 1135 uberiorem
1454 1087 1725 1134 foecundita-

340 1169 427 1205 tem
445 1195 456 1217 ,
493 1177 573 1206 nec
609 1160 889 1206 amittendam
914 1161 1056 1206 caruis
1082 1160 1401 1220 integritatem,
1428 1159 1613 1219 virgines
1638 1175 1726 1205 nu-

341 1230 470 1277 bunt.
499 1230 772 1276 Nesciremus
797 1241 939 1277 autea:
961 1230 1334 1294 quemadmodum
1356 1239 1503 1275 nostra
1527 1228 1599 1275 illa
1619 1239 1727 1275 tunc

340 1300 592 1346 exhortatio
610 1319 631 1345 a
653 1299 772 1345 fideli
792 1312 833 1346 et
868 1301 1006 1346 nobiti
1033 1301 1196 1360 virgine
1222 1295 1378 1346 'fuisset
1409 1309 1587 1363 accepta
1605 1336 1616 1356 ,
1645 1298 1727 1344 nisi

342 1371 475 1417 nobis
493 1370 723 1435 profectis,
742 1388 842 1417 cum
862 1382 962 1435 post
979 1371 1208 1435 paululum
1231 1370 1418 1434 professa
1437 1369 1585 1417 fuisset
1602 1386 1727 1416 sanc·

346 1441 575 1488 timoniam
602 1440 853 1500 virginalem
869 1478 880 1497 ‚
907 1441 992 1487 hoc
1018 1443 1166 1501 ingens
1187 1442 1267 1487 Dei
1285 1440 1448 1487 donum
1467 1477 1478 1495 ,
1504 1439 1625 1504 quod
1648 1457 1728 1503 per

348 1528 489 1558 servos
511 1511 687 1574 quidem
708 1528 804 1557 suos
823 1511 991 1575 plantat
1008 1522 1050 1557 et
1071 1512 1182 1572 rigat
1200 1549 1209 1568 ‚
1240 1512 1313 1558 sed
1332 1529 1410 1575 per
1435 1529 1476 1558 se
1495 1511 1636 1575 ipsum
1651 1510 1728 1557 dat

346 1581 722 1637 incrementum2,
762 1583 889 1628 nobis
925 1583 1131 1646 operariis
1169 1583 1444 1646 provenisse,
1487 1593 1727 1630 vestrarum

352 1652 595 1698 litterarum
632 1652 853 1699 laetissimo
878 1655 1034 1700 nuntio
1074 1664 1115 1700 et
1147 1654 1290 1701 veraci
1318 1653 1562 1700 testimonio
1585 1653 1728 1700 disce-

351 1739 510 1771 remus·

424 1798 483 1843 Il.
518 1798 629 1853 Quze
652 1814 753 1843 cum
779 1798 839 1843 ita
863 1799 947 1843 sint
967 1836 977 1855 ,
1006 1815 1132 1844 nemo
1153 1813 1230 1843 nos
1255 1797 1482 1861 improbos
1502 1796 1674 1854 dixerit,
1697 1794 1731 1842 si

356 1868 404 1914 in
428 1868 553 1913 vobis
589 1867 874 1913 admonendis
910 1879 959 1914 ut
990 1868 1205 1914 contraria
1236 1869 1384 1928 gratiae
1420 1868 1499 1913 Dei
1529 1867 1732 1928 dogmata

359 1937 556 1984 devitetis
573 1975 583 1993 ‚
604 1937 918 1983 necessitudine
939 1955 1084 1983 sumus
1101 1938 1381 2001 propensiore
1405 1938 1593 1984 solliciti.
1621 1939 1732 1983 Nam

355 2008 461 2055 licet
491 2024 568 2052 nos
595 2007 829 2071 Apostolus
855 2024 943 2052 non
977 2007 1115 2053 solum
1141 2019 1413 2071 opportune,
1449 2008 1733 2055 verumetiam

355 2079 606 2142 importune
626 2077 910 2142 praedicando
935 2078 1070 2126 verbo
1093 2078 1250 2124 instare
1268 2079 1501 2142 praecipiat
1522 2096 1532 2123 :
1558 2096 1643 2125 non
1663 2088 1732 2123 ta-

356 2167 457 2195 men
482 2149 526 2195 in
553 2166 702 2195 eorum
730 2148 962 2194 hominum
993 2165 1172 2194 numero
1196 2165 1270 2195 vos
1300 2149 1514 2196 habemus
1532 2186 1543 2206 ,
1570 2150 1734 2214 quibus

358 2237 497 2266 sermo
528 2220 598 2266 vel
621 2219 779 2283 pagina
802 2230 949 2264 nostra
978 2219 1228 2282 importuna
1253 2218 1469 2276 videatur,
1489 2220 1667 2284 quando
1687 2219 1733 2266 id

355 2290 477 2356 quod
495 2290 547 2336 ad
566 2308 712 2336 sanam
738 2289 981 2335 doctrinam
1005 2307 1090 2335 non
1110 2290 1325 2354 pertinet,
1351 2307 1424 2337 vos
1442 2301 1489 2337 ut
1507 2292 1735 2353 vigilanter

357 2361 524 2407 evitetis
554 2361 831 2426 alloquimur.
876 2361 991 2406 Hinc
1025 2378 1123 2421 ergo
1153 2372 1212 2407 est
1247 2361 1363 2425 quod
1393 2362 1732 2411 admonitionem

354 2442 544 2478 nostram
568 2440 653 2477 tam
670 2442 790 2492 grato
816 2430 961 2477 animo
986 2431 1231 2495 suscepistis
1248 2469 1258 2487 ,
1282 2442 1330 2477 ut
1354 2432 1398 2478 in
1416 2433 1611 2497 Epistola
1629 2445 1701 2481 tua
1719 2472 1729 2488 ‚

350 2502 404 2548 ad
429 2519 562 2566 quam
605 2519 722 2548 nunc
763 2502 1067 2558 rescribimus,
1106 2502 1269 2548 diceres
1293 2520 1304 2547 ε
1337 2524 1356 2544 α
1374 2502 1484 2550 Sane
1507 2505 1628 2568 quod
1665 2523 1733 2554 me

395 2587 437 2616 11
459 2585 698 2627 111es÷,11,13.
721 2605 763 2610 --
781 2585 796 2609 2
818 2598 828 2617 ι
852 2587 1120 2627 Co:·.111,7.—-
1138 2584 1151 2608 3
1172 2598 1187 2617 2
1206 2587 1289 2623 Tim.
1308 2599 1355 2628 xv,
1377 2599 1406 2621 ι,
