<?xml version="1.0" encoding="UTF-8"?>
<!DOCTYPE html PUBLIC "-//W3C//DTD XHTML 1.0 Transitional//EN"
    "http://www.w3.org/TR/xhtml1/DTD/xhtml1-transitional.dtd">
<html xmlns="http://www.w3.org/1999/xhtml" xml:lang="en" lang="en">
 <head>
  <title>
</title>
<meta http-equiv="Content-Type" content="text/html;charset=utf-8" />
  <meta name='ocr-system' content='tesseract 3.04.00' />
  <meta name='ocr-capabilities' content='ocr_page ocr_carea ocr_par ocr_line ocrx_word'/>
</head>
<body>
  <div class='ocr_page' id='page_1' title='image "./operaomniaaccura41auguuoft/operaomniaaccura41auguuoft_0346.png"; bbox 0 0 1769 3235; ppageno 0'>
   <div class='ocr_carea' id='block_1_1' title="bbox 308 239 1292 287">
    <p class='ocr_par' dir='ltr' id='par_1_1' title="bbox 308 239 1292 287">
     <span class='ocr_line' id='line_1_1' title="bbox 308 239 1292 287; baseline -0.004 -1"><span class='ocrx_word' id='word_1_1' title='bbox 308 239 400 287; x_wconf 80' lang='lat'>328</span> <span class='ocrx_word' id='word_1_2' title='bbox 731 253 764 282; x_wconf 82' lang='lat' dir='ltr'>s.</span> <span class='ocrx_word' id='word_1_3' title='bbox 809 250 1050 281; x_wconf 76' lang='lat' dir='ltr'>Anousrrm</span> <span class='ocrx_word' id='word_1_4' title='bbox 1089 252 1292 282; x_wconf 73' lang='lat' dir='ltr'>Errscorr</span> 
     </span>
    </p>
   </div>
   <div class='ocr_carea' id='block_1_2' title="bbox 301 315 1688 801">
    <p class='ocr_par' dir='ltr' id='par_1_2' title="bbox 304 315 1684 661">
     <span class='ocr_line' id='line_1_2' title="bbox 312 315 1684 382; baseline 0.002 -17"><span class='ocrx_word' id='word_1_5' title='bbox 312 320 522 365; x_wconf 77' lang='lat' dir='ltr'>reddatur</span> <span class='ocrx_word' id='word_1_6' title='bbox 541 329 684 364; x_wconf 86' lang='lat' dir='ltr'>tamen</span> <span class='ocrx_word' id='word_1_7' title='bbox 701 315 810 362; x_wconf 90' lang='lat' dir='ltr'>ratio</span> <span class='ocrx_word' id='word_1_8' title='bbox 825 315 940 362; x_wconf 90' lang='lat' dir='ltr'>unde</span> <span class='ocrx_word' id='word_1_9' title='bbox 963 327 1076 363; x_wconf 88' lang='lat' dir='ltr'>recte</span> <span class='ocrx_word' id='word_1_10' title='bbox 1098 316 1184 362; x_wconf 87' lang='lat' dir='ltr'>dici</span> <span class='ocrx_word' id='word_1_11' title='bbox 1209 317 1475 366; x_wconf 73' lang='lat' dir='ltr'>ostendatur.</span> <span class='ocrx_word' id='word_1_12' title='bbox 1498 319 1570 366; x_wconf 86' lang='lat' dir='ltr'>Sic</span> <span class='ocrx_word' id='word_1_13' title='bbox 1584 338 1684 382; x_wconf 87' lang='lat' dir='ltr'>ergo</span> 
     </span>
     <span class='ocr_line' id='line_1_3' title="bbox 306 388 1684 453; baseline 0.001 -17"><span class='ocrx_word' id='word_1_14' title='bbox 306 402 348 436; x_wconf 87' lang='lat' dir='ltr'>et</span> <span class='ocrx_word' id='word_1_15' title='bbox 374 395 554 453; x_wconf 68' lang='grc' dir='ltr'>ὀμούσιον</span> <span class='ocrx_word' id='word_1_16' title='bbox 571 389 690 453; x_wconf 84' lang='lat' dir='ltr'>quod</span> <span class='ocrx_word' id='word_1_17' title='bbox 716 389 760 434; x_wconf 93' lang='lat' dir='ltr'>in</span> <span class='ocrx_word' id='word_1_18' title='bbox 783 388 1038 434; x_wconf 85' lang='lat' dir='ltr'>auctoritate</span> <span class='ocrx_word' id='word_1_19' title='bbox 1056 388 1302 434; x_wconf 80' lang='lat' dir='ltr'>divinorum</span> <span class='ocrx_word' id='word_1_20' title='bbox 1324 389 1536 436; x_wconf 84' lang='lat' dir='ltr'>librorum</span> <span class='ocrx_word' id='word_1_21' title='bbox 1553 409 1684 452; x_wconf 86' lang='lat' dir='ltr'>cogo-</span> 
     </span>
     <span class='ocr_line' id='line_1_4' title="bbox 304 459 1682 523; baseline 0.001 -17"><span class='ocrx_word' id='word_1_22' title='bbox 304 462 463 506; x_wconf 79' lang='lat' dir='ltr'>bamur</span> <span class='ocrx_word' id='word_1_23' title='bbox 481 460 705 506; x_wconf 78' lang='lat' dir='ltr'>ostendere</span> <span class='ocrx_word' id='word_1_24' title='bbox 723 497 734 515; x_wconf 92' lang='lat'>‚</span> <span class='ocrx_word' id='word_1_25' title='bbox 771 459 935 504; x_wconf 80' lang='lat' dir='ltr'>etiamsi</span> <span class='ocrx_word' id='word_1_26' title='bbox 955 459 1217 505; x_wconf 85' lang='lat' dir='ltr'>vocabulum</span> <span class='ocrx_word' id='word_1_27' title='bbox 1243 460 1385 523; x_wconf 82' lang='lat' dir='ltr'>ipsum</span> <span class='ocrx_word' id='word_1_28' title='bbox 1414 461 1476 506; x_wconf 75' lang='lat' dir='ltr'>ibi</span> <span class='ocrx_word' id='word_1_29' title='bbox 1503 479 1588 507; x_wconf 90' lang='lat' dir='ltr'>non</span> <span class='ocrx_word' id='word_1_30' title='bbox 1614 464 1682 508; x_wconf 89' lang='lat' dir='ltr'>in-</span> 
     </span>
     <span class='ocr_line' id='line_1_5' title="bbox 305 530 1684 594; baseline 0.002 -18"><span class='ocrx_word' id='word_1_31' title='bbox 305 532 542 587; x_wconf 79' lang='lat' dir='ltr'>veniamus,</span> <span class='ocrx_word' id='word_1_32' title='bbox 567 532 656 576; x_wconf 83' lang='lat' dir='ltr'>sieri</span> <span class='ocrx_word' id='word_1_33' title='bbox 687 547 810 594; x_wconf 88' lang='lat' dir='ltr'>posse</span> <span class='ocrx_word' id='word_1_34' title='bbox 830 530 1005 576; x_wconf 84' lang='lat' dir='ltr'>utillud</span> <span class='ocrx_word' id='word_1_35' title='bbox 1026 530 1300 576; x_wconf 81' lang='lat' dir='ltr'>inveniamus</span> <span class='ocrx_word' id='word_1_36' title='bbox 1317 568 1328 587; x_wconf 89' lang='lat'>‚</span> <span class='ocrx_word' id='word_1_37' title='bbox 1352 532 1422 576; x_wconf 90' lang='lat' dir='ltr'>cui</span> <span class='ocrx_word' id='word_1_38' title='bbox 1443 532 1529 579; x_wconf 90' lang='lat' dir='ltr'>hoc</span> <span class='ocrx_word' id='word_1_39' title='bbox 1552 550 1684 579; x_wconf 86' lang='lat' dir='ltr'>voca-</span> 
     </span>
     <span class='ocr_line' id='line_1_6' title="bbox 305 600 1117 661; baseline 0.001 -15"><span class='ocrx_word' id='word_1_40' title='bbox 305 601 458 647; x_wconf 83' lang='lat' dir='ltr'>bulum</span> <span class='ocrx_word' id='word_1_41' title='bbox 480 612 593 647; x_wconf 86' lang='lat' dir='ltr'>recte</span> <span class='ocrx_word' id='word_1_42' title='bbox 611 601 862 647; x_wconf 85' lang='lat' dir='ltr'>adhibitum</span> <span class='ocrx_word' id='word_1_43' title='bbox 878 600 1117 661; x_wconf 86' lang='lat' dir='ltr'>judicetur.</span> 
     </span>
    </p>

    <p class='ocr_par' dir='ltr' id='par_1_3' title="bbox 301 669 1688 801">
     <span class='ocr_line' id='line_1_7' title="bbox 371 669 1687 734; baseline 0.003 -18"><span class='ocrx_word' id='word_1_44' title='bbox 371 672 445 719; x_wconf 84' lang='lat' dir='ltr'>Vl.</span> <span class='ocrx_word' id='word_1_45' title='bbox 484 673 657 730; x_wconf 80' lang='lat' dir='ltr'>Quibus</span> <span class='ocrx_word' id='word_1_46' title='bbox 689 672 817 717; x_wconf 87' lang='lat' dir='ltr'>dictis</span> <span class='ocrx_word' id='word_1_47' title='bbox 850 671 955 734; x_wconf 90' lang='lat' dir='ltr'>quid</span> <span class='ocrx_word' id='word_1_48' title='bbox 985 671 1090 715; x_wconf 90' lang='lat' dir='ltr'>hinc</span> <span class='ocrx_word' id='word_1_49' title='bbox 1112 670 1191 715; x_wconf 82' lang='lat' dir='ltr'>tibi</span> <span class='ocrx_word' id='word_1_50' title='bbox 1210 669 1429 716; x_wconf 79' lang='lat' dir='ltr'>videretur</span> <span class='ocrx_word' id='word_1_51' title='bbox 1451 673 1617 719; x_wconf 87' lang='lat' dir='ltr'>attendi</span> <span class='ocrx_word' id='word_1_52' title='bbox 1640 685 1687 720; x_wconf 81' lang='lat' dir='ltr'>&#39;ut</span> 
     </span>
     <span class='ocr_line' id='line_1_8' title="bbox 301 741 1688 801; baseline 0.001 -13"><span class='ocrx_word' id='word_1_53' title='bbox 301 742 493 788; x_wconf 79' lang='lat' dir='ltr'>audirem</span> <span class='ocrx_word' id='word_1_54' title='bbox 515 765 526 797; x_wconf 90' lang='lat'>;</span> <span class='ocrx_word' id='word_1_55' title='bbox 550 754 591 788; x_wconf 87' lang='lat' dir='ltr'>et</span> <span class='ocrx_word' id='word_1_56' title='bbox 613 743 706 788; x_wconf 80' lang='lat' dir='ltr'>aisti</span> <span class='ocrx_word' id='word_1_57' title='bbox 729 780 739 798; x_wconf 86' lang='lat'>‚</span> <span class='ocrx_word' id='word_1_58' title='bbox 764 764 782 783; x_wconf 71' lang='grc' dir='ltr'>α</span> <span class='ocrx_word' id='word_1_59' title='bbox 803 744 936 788; x_wconf 80' lang='lat' dir='ltr'>Recte</span> <span class='ocrx_word' id='word_1_60' title='bbox 953 741 1116 786; x_wconf 86' lang='lat' dir='ltr'>factum</span> <span class='ocrx_word' id='word_1_61' title='bbox 1139 757 1226 785; x_wconf 73' lang='lat' dir='ltr'>esse</span> <span class='ocrx_word' id='word_1_62' title='bbox 1248 751 1295 786; x_wconf 76' lang='lat' dir='ltr'>ut</span> <span class='ocrx_word' id='word_1_63' title='bbox 1321 741 1539 801; x_wconf 86' lang='lat' dir='ltr'>ingenitus</span> <span class='ocrx_word' id='word_1_64' title='bbox 1557 744 1688 790; x_wconf 81' lang='lat' dir='ltr'>Pater</span> 
     </span>
    </p>
   </div>
   <div class='ocr_carea' id='block_1_3' title="bbox 300 811 1748 876">
    <p class='ocr_par' dir='ltr' id='par_1_4' title="bbox 300 811 1748 876">
     <span class='ocr_line' id='line_1_9' title="bbox 300 811 1748 876; baseline 0.001 -18"><span class='ocrx_word' id='word_1_65' title='bbox 300 813 347 858; x_wconf 89' lang='lat' dir='ltr'>in</span> <span class='ocrx_word' id='word_1_66' title='bbox 368 812 607 876; x_wconf 86' lang='lat' dir='ltr'>Scripturis</span> <span class='ocrx_word' id='word_1_67' title='bbox 632 812 790 858; x_wconf 85' lang='lat' dir='ltr'>sanctis</span> <span class='ocrx_word' id='word_1_68' title='bbox 821 829 907 856; x_wconf 87' lang='lat' dir='ltr'>non</span> <span class='ocrx_word' id='word_1_69' title='bbox 939 811 1175 865; x_wconf 74' lang='lat' dir='ltr'>diceretur,</span> <span class='ocrx_word' id='word_1_70' title='bbox 1212 828 1264 855; x_wconf 86' lang='lat' dir='ltr'>ne</span> <span class='ocrx_word' id='word_1_71' title='bbox 1293 811 1355 856; x_wconf 86' lang='lat' dir='ltr'>illi</span> <span class='ocrx_word' id='word_1_72' title='bbox 1373 812 1438 857; x_wconf 80' lang='lat' dir='ltr'>vel</span> <span class='ocrx_word' id='word_1_73' title='bbox 1459 813 1532 858; x_wconf 86' lang='lat' dir='ltr'>tali</span> <span class='ocrx_word' id='word_1_74' title='bbox 1554 814 1686 860; x_wconf 88' lang='lat' dir='ltr'>verbo</span> <span class='ocrx_word' id='word_1_75' title='bbox 1745 819 1748 826; x_wconf 82' lang='grc'>’</span> 
     </span>
    </p>
   </div>
   <div class='ocr_carea' id='block_1_4' title="bbox 301 881 1703 2650">
    <p class='ocr_par' dir='ltr' id='par_1_5' title="bbox 301 881 1699 1987">
     <span class='ocr_line' id='line_1_10' title="bbox 301 881 1689 944; baseline 0.001 -16"><span class='ocrx_word' id='word_1_76' title='bbox 301 883 421 929; x_wconf 88' lang='lat' dir='ltr'>fieret</span> <span class='ocrx_word' id='word_1_77' title='bbox 448 883 638 943; x_wconf 88' lang='lat' dir='ltr'>injuria:</span> <span class='ocrx_word' id='word_1_78' title='bbox 669 904 688 924; x_wconf 89' lang='lat'>»</span> <span class='ocrx_word' id='word_1_79' title='bbox 728 883 866 941; x_wconf 85' lang='lat' dir='ltr'>Ergo,</span> <span class='ocrx_word' id='word_1_80' title='bbox 894 882 1070 944; x_wconf 83' lang='lat' dir='ltr'>inquam</span> <span class='ocrx_word' id='word_1_81' title='bbox 1092 918 1102 937; x_wconf 85' lang='lat'>‚</span> <span class='ocrx_word' id='word_1_82' title='bbox 1137 881 1266 926; x_wconf 91' lang='lat' dir='ltr'>modo</span> <span class='ocrx_word' id='word_1_83' title='bbox 1298 881 1410 928; x_wconf 82' lang='lat' dir='ltr'>facta</span> <span class='ocrx_word' id='word_1_84' title='bbox 1441 894 1502 928; x_wconf 87' lang='lat' dir='ltr'>est</span> <span class='ocrx_word' id='word_1_85' title='bbox 1530 884 1689 944; x_wconf 86' lang='lat' dir='ltr'>injuria</span> 
     </span>
     <span class='ocr_line' id='line_1_11' title="bbox 304 952 1684 1018; baseline 0.001 -19"><span class='ocrx_word' id='word_1_86' title='bbox 304 954 422 1008; x_wconf 85' lang='lat' dir='ltr'>Deo,</span> <span class='ocrx_word' id='word_1_87' title='bbox 451 964 493 999; x_wconf 87' lang='lat' dir='ltr'>et</span> <span class='ocrx_word' id='word_1_88' title='bbox 512 954 599 999; x_wconf 89' lang='lat' dir='ltr'>hoc</span> <span class='ocrx_word' id='word_1_89' title='bbox 626 970 759 998; x_wconf 89' lang='lat' dir='ltr'>manu</span> <span class='ocrx_word' id='word_1_90' title='bbox 789 955 897 997; x_wconf 66' lang='lat' dir='ltr'>tua?</span> <span class='ocrx_word' id='word_1_91' title='bbox 926 953 1026 1009; x_wconf 90' lang='lat' dir='ltr'>Quo</span> <span class='ocrx_word' id='word_1_92' title='bbox 1056 952 1205 998; x_wconf 87' lang='lat' dir='ltr'>audito</span> <span class='ocrx_word' id='word_1_93' title='bbox 1229 952 1351 998; x_wconf 82' lang='lat' dir='ltr'>fateri</span> <span class='ocrx_word' id='word_1_94' title='bbox 1367 957 1456 1013; x_wconf 85' lang='lat' dir='ltr'>jam</span> <span class='ocrx_word' id='word_1_95' title='bbox 1478 955 1684 1018; x_wconf 85' lang='lat' dir='ltr'>coepisti,</span> 
     </span>
     <span class='ocr_line' id='line_1_12' title="bbox 304 1022 1686 1071; baseline 0.001 -1"><span class='ocrx_word' id='word_1_96' title='bbox 304 1040 383 1070; x_wconf 88' lang='lat' dir='ltr'>nec</span> <span class='ocrx_word' id='word_1_97' title='bbox 404 1034 445 1070; x_wconf 87' lang='lat' dir='ltr'>te</span> <span class='ocrx_word' id='word_1_98' title='bbox 462 1024 548 1069; x_wconf 88' lang='lat' dir='ltr'>hoc</span> <span class='ocrx_word' id='word_1_99' title='bbox 566 1023 709 1069; x_wconf 84' lang='lat' dir='ltr'>dicere</span> <span class='ocrx_word' id='word_1_100' title='bbox 727 1022 939 1069; x_wconf 77' lang='lat' dir='ltr'>debuisse.</span> <span class='ocrx_word' id='word_1_101' title='bbox 963 1022 1047 1068; x_wconf 88' lang='lat' dir='ltr'>Sed</span> <span class='ocrx_word' id='word_1_102' title='bbox 1067 1040 1166 1068; x_wconf 91' lang='lat' dir='ltr'>cum</span> <span class='ocrx_word' id='word_1_103' title='bbox 1189 1023 1464 1069; x_wconf 81' lang='lat' dir='ltr'>admonerem</span> <span class='ocrx_word' id='word_1_104' title='bbox 1487 1034 1531 1070; x_wconf 84' lang='lat' dir='ltr'>ut</span> <span class='ocrx_word' id='word_1_105' title='bbox 1549 1026 1582 1070; x_wconf 89' lang='lat' dir='ltr'>si</span> <span class='ocrx_word' id='word_1_106' title='bbox 1604 1025 1686 1071; x_wconf 85' lang='lat' dir='ltr'>tibi</span> 
     </span>
     <span class='ocr_line' id='line_1_13' title="bbox 304 1092 1687 1156; baseline 0.001 -18"><span class='ocrx_word' id='word_1_107' title='bbox 304 1093 388 1138; x_wconf 83' lang='lat' dir='ltr'>tale</span> <span class='ocrx_word' id='word_1_108' title='bbox 407 1093 627 1139; x_wconf 86' lang='lat' dir='ltr'>videretur</span> <span class='ocrx_word' id='word_1_109' title='bbox 644 1094 731 1139; x_wconf 90' lang='lat' dir='ltr'>hoc</span> <span class='ocrx_word' id='word_1_110' title='bbox 748 1093 951 1147; x_wconf 86' lang='lat' dir='ltr'>verbum,</span> <span class='ocrx_word' id='word_1_111' title='bbox 972 1103 1021 1138; x_wconf 88' lang='lat' dir='ltr'>ut</span> <span class='ocrx_word' id='word_1_112' title='bbox 1039 1092 1091 1138; x_wconf 89' lang='lat' dir='ltr'>ad</span> <span class='ocrx_word' id='word_1_113' title='bbox 1111 1093 1191 1138; x_wconf 90' lang='lat' dir='ltr'>Dei</span> <span class='ocrx_word' id='word_1_114' title='bbox 1211 1093 1444 1156; x_wconf 71' lang='lat' dir='ltr'>pertineret</span> <span class='ocrx_word' id='word_1_115' title='bbox 1463 1094 1687 1155; x_wconf 84' lang='lat' dir='ltr'>injuriam,</span> 
     </span>
     <span class='ocr_line' id='line_1_14' title="bbox 305 1162 1686 1226; baseline 0.002 -18"><span class='ocrx_word' id='word_1_116' title='bbox 305 1163 467 1208; x_wconf 86' lang='lat' dir='ltr'>deleres</span> <span class='ocrx_word' id='word_1_117' title='bbox 491 1162 601 1209; x_wconf 88' lang='lat' dir='ltr'>illud</span> <span class='ocrx_word' id='word_1_118' title='bbox 629 1163 731 1208; x_wconf 89' lang='lat' dir='ltr'>inde</span> <span class='ocrx_word' id='word_1_119' title='bbox 764 1163 841 1208; x_wconf 88' lang='lat' dir='ltr'>ubi</span> <span class='ocrx_word' id='word_1_120' title='bbox 877 1163 1107 1226; x_wconf 76' lang='lat' dir='ltr'>scripseras</span> <span class='ocrx_word' id='word_1_121' title='bbox 1130 1183 1140 1215; x_wconf 82' lang='lat'>3</span> <span class='ocrx_word' id='word_1_122' title='bbox 1182 1163 1494 1220; x_wconf 86' lang='lat' dir='ltr'>considerasti,</span> <span class='ocrx_word' id='word_1_123' title='bbox 1527 1165 1657 1212; x_wconf 88' lang='lat' dir='ltr'>credo</span> <span class='ocrx_word' id='word_1_124' title='bbox 1675 1203 1686 1222; x_wconf 93' lang='lat'>‚</span> 
     </span>
     <span class='ocr_line' id='line_1_15' title="bbox 307 1233 1688 1297; baseline 0.002 -19"><span class='ocrx_word' id='word_1_125' title='bbox 307 1251 431 1297; x_wconf 87' lang='lat' dir='ltr'>posse</span> <span class='ocrx_word' id='word_1_126' title='bbox 468 1233 512 1278; x_wconf 90' lang='lat' dir='ltr'>id</span> <span class='ocrx_word' id='word_1_127' title='bbox 548 1245 663 1279; x_wconf 89' lang='lat' dir='ltr'>recte</span> <span class='ocrx_word' id='word_1_128' title='bbox 698 1233 815 1289; x_wconf 85' lang='lat' dir='ltr'>dici,</span> <span class='ocrx_word' id='word_1_129' title='bbox 858 1244 900 1279; x_wconf 87' lang='lat' dir='ltr'>et</span> <span class='ocrx_word' id='word_1_130' title='bbox 932 1251 1056 1297; x_wconf 86' lang='lat' dir='ltr'>posse</span> <span class='ocrx_word' id='word_1_131' title='bbox 1088 1233 1292 1285; x_wconf 79' lang='lat' dir='ltr'>defendi3</span> <span class='ocrx_word' id='word_1_132' title='bbox 1322 1245 1363 1279; x_wconf 89' lang='lat' dir='ltr'>et</span> <span class='ocrx_word' id='word_1_133' title='bbox 1387 1251 1533 1280; x_wconf 88' lang='lat' dir='ltr'>rursus</span> <span class='ocrx_word' id='word_1_134' title='bbox 1560 1236 1688 1293; x_wconf 79' lang='lat' dir='ltr'>aisti,</span> 
     </span>
     <span class='ocr_line' id='line_1_16' title="bbox 308 1304 1692 1368; baseline 0.002 -20"><span class='ocrx_word' id='word_1_135' title='bbox 308 1327 328 1345; x_wconf 88' lang='lat'><em>«</em></span> <span class='ocrx_word' id='word_1_136' title='bbox 352 1305 532 1350; x_wconf 82' lang='lat' dir='ltr'>Prorsus</span> <span class='ocrx_word' id='word_1_137' title='bbox 574 1322 651 1364; x_wconf 83' lang='lat' dir='ltr'>ego</span> <span class='ocrx_word' id='word_1_138' title='bbox 692 1305 781 1350; x_wconf 83' lang='lat' dir='ltr'>hoc</span> <span class='ocrx_word' id='word_1_139' title='bbox 820 1304 935 1351; x_wconf 82' lang='lat' dir='ltr'>dico.</span> <span class='ocrx_word' id='word_1_140' title='bbox 971 1325 990 1344; x_wconf 86' lang='lat'>›&gt;</span> <span class='ocrx_word' id='word_1_141' title='bbox 1029 1306 1144 1349; x_wconf 85' lang='lat' dir='ltr'>Tum</span> <span class='ocrx_word' id='word_1_142' title='bbox 1177 1321 1253 1363; x_wconf 85' lang='lat' dir='ltr'>ego</span> <span class='ocrx_word' id='word_1_143' title='bbox 1288 1304 1422 1360; x_wconf 87' lang='lat' dir='ltr'>illud,</span> <span class='ocrx_word' id='word_1_144' title='bbox 1459 1305 1578 1368; x_wconf 84' lang='lat' dir='ltr'>quod</span> <span class='ocrx_word' id='word_1_145' title='bbox 1599 1309 1692 1366; x_wconf 87' lang='lat' dir='ltr'>jam</span> 
     </span>
     <span class='ocr_line' id='line_1_17' title="bbox 310 1375 1695 1439; baseline 0.001 -19"><span class='ocrx_word' id='word_1_146' title='bbox 310 1375 499 1421; x_wconf 86' lang='lat' dir='ltr'>dixeram</span> <span class='ocrx_word' id='word_1_147' title='bbox 526 1375 731 1439; x_wconf 79' lang='lat' dir='ltr'>repetivi,</span> <span class='ocrx_word' id='word_1_148' title='bbox 759 1375 816 1420; x_wconf 86' lang='lat' dir='ltr'>ita</span> <span class='ocrx_word' id='word_1_149' title='bbox 839 1375 931 1420; x_wconf 87' lang='lat' dir='ltr'>fieri</span> <span class='ocrx_word' id='word_1_150' title='bbox 955 1392 1102 1438; x_wconf 81' lang='lat' dir='ltr'>posse,</span> <span class='ocrx_word' id='word_1_151' title='bbox 1128 1385 1175 1420; x_wconf 86' lang='lat' dir='ltr'>ut</span> <span class='ocrx_word' id='word_1_152' title='bbox 1201 1376 1326 1420; x_wconf 87' lang='lat' dir='ltr'>etiam</span> <span class='ocrx_word' id='word_1_153' title='bbox 1354 1380 1534 1437; x_wconf 70' lang='grc' dir='ltr'>ὁμούσιον</span> <span class='ocrx_word' id='word_1_154' title='bbox 1557 1393 1695 1439; x_wconf 88' lang='lat' dir='ltr'>neque</span> 
     </span>
     <span class='ocr_line' id='line_1_18' title="bbox 308 1445 1694 1508; baseline 0.001 -17"><span class='ocrx_word' id='word_1_155' title='bbox 308 1446 520 1508; x_wconf 87' lang='lat' dir='ltr'>scriptum</span> <span class='ocrx_word' id='word_1_156' title='bbox 549 1446 592 1490; x_wconf 87' lang='lat' dir='ltr'>in</span> <span class='ocrx_word' id='word_1_157' title='bbox 621 1445 778 1491; x_wconf 89' lang='lat' dir='ltr'>sanctis</span> <span class='ocrx_word' id='word_1_158' title='bbox 802 1446 970 1508; x_wconf 81' lang='lat' dir='ltr'>paginis</span> <span class='ocrx_word' id='word_1_159' title='bbox 994 1446 1258 1497; x_wconf 84' lang='lat' dir='ltr'>inveniatur,</span> <span class='ocrx_word' id='word_1_160' title='bbox 1287 1456 1327 1490; x_wconf 85' lang='lat' dir='ltr'>et</span> <span class='ocrx_word' id='word_1_161' title='bbox 1357 1456 1501 1492; x_wconf 88' lang='lat' dir='ltr'>tamen</span> <span class='ocrx_word' id='word_1_162' title='bbox 1525 1446 1694 1492; x_wconf 85' lang='lat' dir='ltr'>dictum</span> 
     </span>
     <span class='ocr_line' id='line_1_19' title="bbox 311 1515 1696 1569; baseline 0.001 -9"><span class='ocrx_word' id='word_1_163' title='bbox 311 1516 355 1560; x_wconf 87' lang='lat' dir='ltr'>in</span> <span class='ocrx_word' id='word_1_164' title='bbox 388 1516 618 1561; x_wconf 84' lang='lat' dir='ltr'>assertione</span> <span class='ocrx_word' id='word_1_165' title='bbox 648 1515 748 1560; x_wconf 89' lang='lat' dir='ltr'>fidei</span> <span class='ocrx_word' id='word_1_166' title='bbox 784 1515 1061 1569; x_wconf 81' lang='lat' dir='ltr'>defendatur,</span> <span class='ocrx_word' id='word_1_167' title='bbox 1105 1516 1217 1561; x_wconf 88' lang='lat' dir='ltr'>sicut</span> <span class='ocrx_word' id='word_1_168' title='bbox 1255 1539 1272 1556; x_wconf 84' lang='lat'>«</span> <span class='ocrx_word' id='word_1_169' title='bbox 1298 1518 1472 1562; x_wconf 87' lang='lat' dir='ltr'>Patrem</span> <span class='ocrx_word' id='word_1_170' title='bbox 1498 1538 1518 1558; x_wconf 87' lang='lat'>»</span> <span class='ocrx_word' id='word_1_171' title='bbox 1543 1517 1584 1562; x_wconf 90' lang='lat' dir='ltr'>in</span> <span class='ocrx_word' id='word_1_172' title='bbox 1612 1517 1696 1563; x_wconf 85' lang='lat' dir='ltr'>illis</span> 
     </span>
     <span class='ocr_line' id='line_1_20' title="bbox 311 1586 1696 1649; baseline 0.001 -19"><span class='ocrx_word' id='word_1_173' title='bbox 311 1586 436 1631; x_wconf 85' lang='lat' dir='ltr'>libris</span> <span class='ocrx_word' id='word_1_174' title='bbox 461 1603 677 1649; x_wconf 82' lang='lat' dir='ltr'>nusquam</span> <span class='ocrx_word' id='word_1_175' title='bbox 710 1607 730 1627; x_wconf 82' lang='lat'>«</span> <span class='ocrx_word' id='word_1_176' title='bbox 754 1586 999 1646; x_wconf 80' lang='lat' dir='ltr'>Ingenitum</span> <span class='ocrx_word' id='word_1_177' title='bbox 1025 1608 1043 1627; x_wconf 86' lang='lat'>»</span> <span class='ocrx_word' id='word_1_178' title='bbox 1075 1586 1279 1646; x_wconf 79' lang='lat' dir='ltr'>legimus,</span> <span class='ocrx_word' id='word_1_179' title='bbox 1305 1597 1344 1631; x_wconf 84' lang='lat' dir='ltr'>et</span> <span class='ocrx_word' id='word_1_180' title='bbox 1374 1597 1515 1632; x_wconf 89' lang='lat' dir='ltr'>tamen</span> <span class='ocrx_word' id='word_1_181' title='bbox 1541 1587 1696 1632; x_wconf 82' lang='lat' dir='ltr'>dicen-</span> 
     </span>
     <span class='ocr_line' id='line_1_21' title="bbox 313 1656 1697 1722; baseline 0.001 -21"><span class='ocrx_word' id='word_1_182' title='bbox 313 1656 421 1701; x_wconf 89' lang='lat' dir='ltr'>dum</span> <span class='ocrx_word' id='word_1_183' title='bbox 446 1673 533 1701; x_wconf 86' lang='lat' dir='ltr'>esse</span> <span class='ocrx_word' id='word_1_184' title='bbox 554 1656 816 1702; x_wconf 89' lang='lat' dir='ltr'>defenditur.</span> <span class='ocrx_word' id='word_1_185' title='bbox 853 1658 980 1702; x_wconf 89' lang='lat' dir='ltr'>Tunc</span> <span class='ocrx_word' id='word_1_186' title='bbox 1001 1676 1023 1702; x_wconf 87' lang='lat' dir='ltr'>a</span> <span class='ocrx_word' id='word_1_187' title='bbox 1050 1674 1116 1702; x_wconf 81' lang='lat' dir='ltr'>me</span> <span class='ocrx_word' id='word_1_188' title='bbox 1146 1657 1343 1703; x_wconf 87' lang='lat' dir='ltr'>chartam</span> <span class='ocrx_word' id='word_1_189' title='bbox 1362 1695 1372 1712; x_wconf 89' lang='lat'>‚</span> <span class='ocrx_word' id='word_1_190' title='bbox 1408 1675 1538 1722; x_wconf 86' lang='lat' dir='ltr'>quam</span> <span class='ocrx_word' id='word_1_191' title='bbox 1561 1657 1697 1703; x_wconf 90' lang='lat' dir='ltr'>dede-</span> 
     </span>
     <span class='ocr_line' id='line_1_22' title="bbox 314 1727 1698 1791; baseline 0.001 -20"><span class='ocrx_word' id='word_1_192' title='bbox 314 1744 381 1772; x_wconf 85' lang='lat' dir='ltr'>ras</span> <span class='ocrx_word' id='word_1_193' title='bbox 422 1727 636 1772; x_wconf 84' lang='lat' dir='ltr'>abstulisti</span> <span class='ocrx_word' id='word_1_194' title='bbox 671 1738 712 1772; x_wconf 85' lang='lat' dir='ltr'>et</span> <span class='ocrx_word' id='word_1_195' title='bbox 750 1727 1015 1774; x_wconf 83' lang='lat' dir='ltr'>conscidisti.</span> <span class='ocrx_word' id='word_1_196' title='bbox 1050 1729 1105 1772; x_wconf 85' lang='lat' dir='ltr'>Et</span> <span class='ocrx_word' id='word_1_197' title='bbox 1135 1728 1438 1774; x_wconf 87' lang='lat' dir='ltr'>constituimus</span> <span class='ocrx_word' id='word_1_198' title='bbox 1463 1728 1698 1791; x_wconf 81' lang='lat' dir='ltr'>postmeri-</span> 
     </span>
     <span class='ocr_line' id='line_1_23' title="bbox 315 1797 1698 1862; baseline 0.001 -20"><span class='ocrx_word' id='word_1_199' title='bbox 315 1797 494 1842; x_wconf 89' lang='lat' dir='ltr'>dianum</span> <span class='ocrx_word' id='word_1_200' title='bbox 518 1809 689 1861; x_wconf 82' lang='lat' dir='ltr'>teinpus</span> <span class='ocrx_word' id='word_1_201' title='bbox 707 1835 717 1853; x_wconf 87' lang='lat'>‚</span> <span class='ocrx_word' id='word_1_202' title='bbox 744 1808 791 1843; x_wconf 83' lang='lat' dir='ltr'>ut</span> <span class='ocrx_word' id='word_1_203' title='bbox 816 1797 1011 1844; x_wconf 86' lang='lat' dir='ltr'>adessent</span> <span class='ocrx_word' id='word_1_204' title='bbox 1036 1798 1191 1843; x_wconf 86' lang='lat' dir='ltr'>notarii</span> <span class='ocrx_word' id='word_1_205' title='bbox 1213 1797 1266 1843; x_wconf 89' lang='lat' dir='ltr'>ad</span> <span class='ocrx_word' id='word_1_206' title='bbox 1289 1798 1542 1862; x_wconf 85' lang='lat' dir='ltr'>excipienda</span> <span class='ocrx_word' id='word_1_207' title='bbox 1566 1798 1698 1844; x_wconf 83' lang='lat' dir='ltr'>verba</span> 
     </span>
     <span class='ocr_line' id='line_1_24' title="bbox 316 1869 1699 1934; baseline 0.001 -20"><span class='ocrx_word' id='word_1_208' title='bbox 316 1880 461 1914; x_wconf 87' lang='lat' dir='ltr'>nostra</span> <span class='ocrx_word' id='word_1_209' title='bbox 484 1906 494 1925; x_wconf 84' lang='lat'>‚</span> <span class='ocrx_word' id='word_1_210' title='bbox 526 1879 655 1932; x_wconf 84' lang='lat' dir='ltr'>atque</span> <span class='ocrx_word' id='word_1_211' title='bbox 682 1869 797 1915; x_wconf 88' lang='lat' dir='ltr'>inter</span> <span class='ocrx_word' id='word_1_212' title='bbox 820 1886 897 1914; x_wconf 91' lang='lat' dir='ltr'>nos</span> <span class='ocrx_word' id='word_1_213' title='bbox 919 1869 999 1915; x_wconf 83' lang='lat' dir='ltr'>ista</span> <span class='ocrx_word' id='word_1_214' title='bbox 1021 1880 1236 1934; x_wconf 86' lang='lat' dir='ltr'>quantum</span> <span class='ocrx_word' id='word_1_215' title='bbox 1264 1886 1486 1933; x_wconf 87' lang='lat' dir='ltr'>possemus</span> <span class='ocrx_word' id='word_1_216' title='bbox 1511 1869 1699 1930; x_wconf 85' lang='lat' dir='ltr'>diligen-</span> 
     </span>
     <span class='ocr_line' id='line_1_25' title="bbox 318 1950 722 1987; baseline 0.005 -3"><span class='ocrx_word' id='word_1_217' title='bbox 318 1950 403 1985; x_wconf 81' lang='lat' dir='ltr'>tius</span> <span class='ocrx_word' id='word_1_218' title='bbox 425 1950 722 1987; x_wconf 61' lang='lat' dir='ltr'>tractaremus</span> 
     </span>
    </p>

    <p class='ocr_par' dir='ltr' id='par_1_6' title="bbox 316 2012 1703 2650">
     <span class='ocr_line' id='line_1_26' title="bbox 384 2012 1701 2069; baseline 0.002 -11"><span class='ocrx_word' id='word_1_219' title='bbox 384 2012 482 2059; x_wconf 92' lang='lat' dir='ltr'><strong>VII.</strong></span> <span class='ocrx_word' id='word_1_220' title='bbox 514 2013 750 2069; x_wconf 84' lang='lat' dir='ltr'>Venimus,</span> <span class='ocrx_word' id='word_1_221' title='bbox 780 2023 829 2058; x_wconf 85' lang='lat' dir='ltr'>ut</span> <span class='ocrx_word' id='word_1_222' title='bbox 856 2014 966 2059; x_wconf 87' lang='lat' dir='ltr'>nosti</span> <span class='ocrx_word' id='word_1_223' title='bbox 983 2051 993 2068; x_wconf 89' lang='lat'>‚</span> <span class='ocrx_word' id='word_1_224' title='bbox 1023 2013 1076 2059; x_wconf 88' lang='lat' dir='ltr'>ad</span> <span class='ocrx_word' id='word_1_225' title='bbox 1101 2014 1255 2059; x_wconf 85' lang='lat' dir='ltr'>horam</span> <span class='ocrx_word' id='word_1_226' title='bbox 1280 2013 1527 2060; x_wconf 86' lang='lat' dir='ltr'>condictam</span> <span class='ocrx_word' id='word_1_227' title='bbox 1549 2052 1559 2069; x_wconf 85' lang='lat'><strong>‚</strong></span> <span class='ocrx_word' id='word_1_228' title='bbox 1580 2025 1701 2060; x_wconf 88' lang='lat' dir='ltr'>nota-</span> 
     </span>
     <span class='ocr_line' id='line_1_27' title="bbox 319 2082 1702 2140; baseline 0.002 -12"><span class='ocrx_word' id='word_1_229' title='bbox 319 2083 405 2129; x_wconf 86' lang='lat' dir='ltr'>rios</span> <span class='ocrx_word' id='word_1_230' title='bbox 429 2082 690 2129; x_wconf 77' lang='lat' dir='ltr'>adduximus</span> <span class='ocrx_word' id='word_1_231' title='bbox 709 2121 719 2139; x_wconf 86' lang='lat'>,</span> <span class='ocrx_word' id='word_1_232' title='bbox 750 2094 797 2130; x_wconf 86' lang='lat' dir='ltr'>ut</span> <span class='ocrx_word' id='word_1_233' title='bbox 821 2095 860 2129; x_wconf 89' lang='lat' dir='ltr'>et</span> <span class='ocrx_word' id='word_1_234' title='bbox 884 2085 944 2130; x_wconf 85' lang='lat' dir='ltr'>tui</span> <span class='ocrx_word' id='word_1_235' title='bbox 972 2084 1198 2140; x_wconf 76' lang='lat' dir='ltr'>adessent,</span> <span class='ocrx_word' id='word_1_236' title='bbox 1227 2085 1515 2132; x_wconf 70' lang='lat' dir='ltr'>consedimus.</span> <span class='ocrx_word' id='word_1_237' title='bbox 1551 2086 1702 2131; x_wconf 83' lang='lat' dir='ltr'>Dixisti</span> 
     </span>
     <span class='ocr_line' id='line_1_28' title="bbox 319 2156 1698 2222; baseline 0.001 -21"><span class='ocrx_word' id='word_1_238' title='bbox 319 2173 466 2202; x_wconf 90' lang='lat' dir='ltr'>rursus</span> <span class='ocrx_word' id='word_1_239' title='bbox 487 2156 616 2202; x_wconf 88' lang='lat' dir='ltr'>fidem</span> <span class='ocrx_word' id='word_1_240' title='bbox 638 2167 756 2203; x_wconf 87' lang='lat' dir='ltr'>tuam</span> <span class='ocrx_word' id='word_1_241' title='bbox 771 2194 781 2214; x_wconf 84' lang='lat'>,</span> <span class='ocrx_word' id='word_1_242' title='bbox 815 2168 942 2222; x_wconf 88' lang='lat' dir='ltr'>atque</span> <span class='ocrx_word' id='word_1_243' title='bbox 966 2158 1008 2203; x_wconf 89' lang='lat' dir='ltr'>in</span> <span class='ocrx_word' id='word_1_244' title='bbox 1035 2159 1175 2204; x_wconf 85' lang='lat' dir='ltr'>verbis</span> <span class='ocrx_word' id='word_1_245' title='bbox 1196 2159 1281 2204; x_wconf 87' lang='lat' dir='ltr'>tuis</span> <span class='ocrx_word' id='word_1_246' title='bbox 1303 2175 1389 2203; x_wconf 89' lang='lat' dir='ltr'>non</span> <span class='ocrx_word' id='word_1_247' title='bbox 1410 2159 1556 2204; x_wconf 88' lang='lat' dir='ltr'>audivi</span> <span class='ocrx_word' id='word_1_248' title='bbox 1577 2180 1596 2199; x_wconf 75' lang='lat' dir='ltr'>c&lt;</span> <span class='ocrx_word' id='word_1_249' title='bbox 1623 2160 1698 2203; x_wconf 86' lang='lat' dir='ltr'>ln-</span> 
     </span>
     <span class='ocr_line' id='line_1_29' title="bbox 321 2227 1702 2292; baseline 0.002 -20"><span class='ocrx_word' id='word_1_250' title='bbox 321 2248 340 2267; x_wconf 85' lang='lat'>»</span> <span class='ocrx_word' id='word_1_251' title='bbox 362 2227 552 2287; x_wconf 85' lang='lat' dir='ltr'>genitum</span> <span class='ocrx_word' id='word_1_252' title='bbox 585 2228 773 2274; x_wconf 87' lang='lat' dir='ltr'>Patrem.</span> <span class='ocrx_word' id='word_1_253' title='bbox 807 2249 827 2270; x_wconf 87' lang='lat'>»</span> <span class='ocrx_word' id='word_1_254' title='bbox 859 2228 1003 2274; x_wconf 79' lang='lat' dir='ltr'>Credo</span> <span class='ocrx_word' id='word_1_255' title='bbox 1029 2228 1149 2292; x_wconf 91' lang='lat' dir='ltr'>quod</span> <span class='ocrx_word' id='word_1_256' title='bbox 1181 2228 1436 2288; x_wconf 72' lang='lat' dir='ltr'>cogitaveris</span> <span class='ocrx_word' id='word_1_257' title='bbox 1465 2229 1570 2292; x_wconf 87' lang='lat' dir='ltr'>quid</span> <span class='ocrx_word' id='word_1_258' title='bbox 1601 2228 1702 2277; x_wconf 89' lang='lat' dir='ltr'>inde</span> 
     </span>
     <span class='ocr_line' id='line_1_30' title="bbox 320 2298 1701 2364; baseline 0.003 -22"><span class='ocrx_word' id='word_1_259' title='bbox 320 2315 445 2343; x_wconf 84' lang='lat' dir='ltr'>mane</span> <span class='ocrx_word' id='word_1_260' title='bbox 463 2298 632 2344; x_wconf 89' lang='lat' dir='ltr'>dietum</span> <span class='ocrx_word' id='word_1_261' title='bbox 659 2299 819 2356; x_wconf 84' lang='lat' dir='ltr'>fuerit,</span> <span class='ocrx_word' id='word_1_262' title='bbox 849 2311 891 2345; x_wconf 91' lang='lat' dir='ltr'>et</span> <span class='ocrx_word' id='word_1_263' title='bbox 922 2317 1170 2363; x_wconf 84' lang='lat' dir='ltr'>praecavere</span> <span class='ocrx_word' id='word_1_264' title='bbox 1202 2300 1401 2347; x_wconf 72' lang='lat' dir='ltr'>volueris.</span> <span class='ocrx_word' id='word_1_265' title='bbox 1430 2300 1596 2346; x_wconf 86' lang='lat' dir='ltr'>Deinde</span> <span class='ocrx_word' id='word_1_266' title='bbox 1616 2317 1701 2364; x_wconf 85' lang='lat' dir='ltr'>po-</span> 
     </span>
     <span class='ocr_line' id='line_1_31' title="bbox 317 2369 1701 2432; baseline 0.001 -18"><span class='ocrx_word' id='word_1_267' title='bbox 317 2369 498 2432; x_wconf 88' lang='lat' dir='ltr'>poscisti</span> <span class='ocrx_word' id='word_1_268' title='bbox 539 2380 586 2415; x_wconf 85' lang='lat' dir='ltr'>ut</span> <span class='ocrx_word' id='word_1_269' title='bbox 625 2387 703 2430; x_wconf 87' lang='lat' dir='ltr'>ego</span> <span class='ocrx_word' id='word_1_270' title='bbox 742 2371 872 2416; x_wconf 88' lang='lat' dir='ltr'>etiam</span> <span class='ocrx_word' id='word_1_271' title='bbox 909 2370 1097 2417; x_wconf 87' lang='lat' dir='ltr'>dicerem</span> <span class='ocrx_word' id='word_1_272' title='bbox 1131 2370 1258 2416; x_wconf 84' lang='lat' dir='ltr'>fidem</span> <span class='ocrx_word' id='word_1_273' title='bbox 1294 2388 1445 2418; x_wconf 85' lang='lat' dir='ltr'>meam.</span> <span class='ocrx_word' id='word_1_274' title='bbox 1485 2371 1572 2417; x_wconf 82' lang='lat' dir='ltr'>Ubi</span> <span class='ocrx_word' id='word_1_275' title='bbox 1600 2388 1701 2416; x_wconf 85' lang='lat' dir='ltr'>cum</span> 
     </span>
     <span class='ocr_line' id='line_1_32' title="bbox 316 2438 1701 2506; baseline 0.004 -23"><span class='ocrx_word' id='word_1_276' title='bbox 316 2438 600 2502; x_wconf 87' lang='lat' dir='ltr'>postulassem</span> <span class='ocrx_word' id='word_1_277' title='bbox 652 2457 1000 2487; x_wconf 85' lang='lat' dir='ltr'>commemorans</span> <span class='ocrx_word' id='word_1_278' title='bbox 1050 2441 1442 2488; x_wconf 79' lang='lat' dir='ltr'>antemeridianum</span> <span class='ocrx_word' id='word_1_279' title='bbox 1489 2442 1701 2506; x_wconf 86' lang='lat' dir='ltr'>placitum</span> 
     </span>
     <span class='ocr_line' id='line_1_33' title="bbox 316 2512 1699 2577; baseline 0.003 -23"><span class='ocrx_word' id='word_1_280' title='bbox 316 2519 513 2556; x_wconf 84' lang='lat' dir='ltr'>nostrum</span> <span class='ocrx_word' id='word_1_281' title='bbox 533 2547 544 2565; x_wconf 92' lang='lat'>,</span> <span class='ocrx_word' id='word_1_282' title='bbox 574 2521 620 2557; x_wconf 90' lang='lat' dir='ltr'>ut</span> <span class='ocrx_word' id='word_1_283' title='bbox 643 2528 715 2568; x_wconf 84' lang='lat' dir='ltr'>ea,</span> <span class='ocrx_word' id='word_1_284' title='bbox 737 2529 838 2577; x_wconf 85' lang='lat' dir='ltr'>quae</span> <span class='ocrx_word' id='word_1_285' title='bbox 863 2512 1027 2559; x_wconf 76' lang='lat' dir='ltr'>dixeras</span> <span class='ocrx_word' id='word_1_286' title='bbox 1046 2549 1057 2569; x_wconf 89' lang='lat'>‚</span> <span class='ocrx_word' id='word_1_287' title='bbox 1080 2512 1247 2559; x_wconf 87' lang='lat' dir='ltr'>dictare</span> <span class='ocrx_word' id='word_1_288' title='bbox 1271 2513 1417 2577; x_wconf 87' lang='lat' dir='ltr'>potius</span> <span class='ocrx_word' id='word_1_289' title='bbox 1437 2512 1699 2573; x_wconf 72' lang='lat' dir='ltr'>dignareris3</span> 
     </span>
     <span class='ocr_line' id='line_1_34' title="bbox 316 2581 1703 2650; baseline 0.004 -24"><span class='ocrx_word' id='word_1_290' title='bbox 316 2589 424 2630; x_wconf 86' lang='lat' dir='ltr'>tunc</span> <span class='ocrx_word' id='word_1_291' title='bbox 445 2581 691 2631; x_wconf 81' lang='lat' dir='ltr'>exclamasti</span> <span class='ocrx_word' id='word_1_292' title='bbox 711 2583 977 2632; x_wconf 84' lang='lat' dir='ltr'>calumniam</span> <span class='ocrx_word' id='word_1_293' title='bbox 995 2601 1150 2650; x_wconf 85' lang='lat' dir='ltr'>parare</span> <span class='ocrx_word' id='word_1_294' title='bbox 1169 2602 1245 2632; x_wconf 90' lang='lat' dir='ltr'>nos</span> <span class='ocrx_word' id='word_1_295' title='bbox 1268 2584 1351 2632; x_wconf 87' lang='lat' dir='ltr'>tibi</span> <span class='ocrx_word' id='word_1_296' title='bbox 1371 2622 1383 2643; x_wconf 89' lang='lat'><em>,</em></span> <span class='ocrx_word' id='word_1_297' title='bbox 1407 2595 1449 2632; x_wconf 84' lang='lat' dir='ltr'>et</span> <span class='ocrx_word' id='word_1_298' title='bbox 1462 2584 1559 2632; x_wconf 88' lang='lat' dir='ltr'>ideo</span> <span class='ocrx_word' id='word_1_299' title='bbox 1571 2583 1703 2632; x_wconf 89' lang='lat' dir='ltr'>verba</span> 
     </span>
    </p>
   </div>
  </div>
 </body>
</html>
