<?xml version="1.0" encoding="UTF-8"?>
<!DOCTYPE html PUBLIC "-//W3C//DTD XHTML 1.0 Transitional//EN"
    "http://www.w3.org/TR/xhtml1/DTD/xhtml1-transitional.dtd">
<html xmlns="http://www.w3.org/1999/xhtml" xml:lang="en" lang="en">
 <head>
  <title>
</title>
<meta http-equiv="Content-Type" content="text/html;charset=utf-8" />
  <meta name='ocr-system' content='tesseract 3.04.00' />
  <meta name='ocr-capabilities' content='ocr_page ocr_carea ocr_par ocr_line ocrx_word'/>
</head>
<body>
  <div class='ocr_page' id='page_1' title='image "./operaomniaaccura41auguuoft/operaomniaaccura41auguuoft_0525.png"; bbox 0 0 1769 3235; ppageno 0'>
   <div class='ocr_carea' id='block_1_1' title="bbox 1391 272 1409 289">
    <p class='ocr_par' dir='ltr' id='par_1_1' title="bbox 1391 272 1409 289">
     <span class='ocr_line' id='line_1_1' title="bbox 1391 272 1409 289; baseline 0 -4"><span class='ocrx_word' id='word_1_1' title='bbox 1391 272 1409 289; x_wconf 60' lang='grc' dir='ltr'><strong><em>μ</em></strong></span> 
     </span>
    </p>
   </div>
   <div class='ocr_carea' id='block_1_2' title="bbox 440 272 1414 322">
    <p class='ocr_par' dir='ltr' id='par_1_2' title="bbox 440 272 1414 322">
     <span class='ocr_line' id='line_1_2' title="bbox 440 272 1414 322; baseline 0.003 -6"><span class='ocrx_word' id='word_1_2' title='bbox 440 285 840 321; x_wconf 70' lang='lat' dir='ltr'>RETnAcrArionum</span> <span class='ocrx_word' id='word_1_3' title='bbox 876 290 965 322; x_wconf 75' lang='lat' dir='ltr'>Lm.</span> <span class='ocrx_word' id='word_1_4' title='bbox 1012 292 1041 321; x_wconf 88' lang='lat'>1.</span> <span class='ocrx_word' id='word_1_5' title='bbox 1321 272 1414 320; x_wconf 77' lang='lat'>500</span> 
     </span>
    </p>
   </div>
   <div class='ocr_carea' id='block_1_3' title="bbox 45 349 1409 419">
    <p class='ocr_par' dir='ltr' id='par_1_3' title="bbox 45 349 1409 419">
     <span class='ocr_line' id='line_1_3' title="bbox 45 349 1409 419; baseline 0.002 -23"><span class='ocrx_word' id='word_1_6' title='bbox 45 358 125 407; x_wconf 85' lang='lat' dir='ltr'>ter,</span> <span class='ocrx_word' id='word_1_7' title='bbox 161 360 209 396; x_wconf 89' lang='lat' dir='ltr'>ut</span> <span class='ocrx_word' id='word_1_8' title='bbox 251 350 296 396; x_wconf 87' lang='lat' dir='ltr'>in</span> <span class='ocrx_word' id='word_1_9' title='bbox 322 367 371 397; x_wconf 86' lang='lat' dir='ltr'>ea</span> <span class='ocrx_word' id='word_1_10' title='bbox 402 349 488 396; x_wconf 87' lang='lat' dir='ltr'>sint</span> <span class='ocrx_word' id='word_1_11' title='bbox 522 361 563 397; x_wconf 89' lang='lat' dir='ltr'>et</span> <span class='ocrx_word' id='word_1_12' title='bbox 597 353 845 415; x_wconf 74' lang='lat' dir='ltr'>prophetae.</span> <span class='ocrx_word' id='word_1_13' title='bbox 881 355 965 401; x_wconf 87' lang='lat' dir='ltr'>Hic</span> <span class='ocrx_word' id='word_1_14' title='bbox 1000 354 1112 401; x_wconf 88' lang='lat' dir='ltr'>liber</span> <span class='ocrx_word' id='word_1_15' title='bbox 1137 355 1198 403; x_wconf 90' lang='lat' dir='ltr'>sic</span> <span class='ocrx_word' id='word_1_16' title='bbox 1219 354 1409 419; x_wconf 80' lang='lat' dir='ltr'>incipit:</span> 
     </span>
    </p>
   </div>
   <div class='ocr_carea' id='block_1_4' title="bbox 42 421 1414 537">
    <p class='ocr_par' dir='ltr' id='par_1_4' title="bbox 42 421 1414 537">
     <span class='ocr_line' id='line_1_4' title="bbox 42 421 1414 490; baseline 0.002 -24"><span class='ocrx_word' id='word_1_17' title='bbox 42 423 97 466; x_wconf 77' lang='lat' dir='ltr'>In</span> <span class='ocrx_word' id='word_1_18' title='bbox 127 421 343 483; x_wconf 79' lang='lat' dir='ltr'>Epistola</span> <span class='ocrx_word' id='word_1_19' title='bbox 370 438 515 485; x_wconf 78' lang='lat' dir='ltr'>qaam</span> <span class='ocrx_word' id='word_1_20' title='bbox 552 423 733 467; x_wconf 71' lang='lat' dir='ltr'>Paulas</span> <span class='ocrx_word' id='word_1_21' title='bbox 757 426 1002 487; x_wconf 74' lang='lat' dir='ltr'>apostolus</span> <span class='ocrx_word' id='word_1_22' title='bbox 1022 430 1209 490; x_wconf 77' lang='lat' dir='ltr'>scripsit</span> <span class='ocrx_word' id='word_1_23' title='bbox 1230 427 1298 472; x_wconf 76' lang='lat' dir='ltr'>ad</span> <span class='ocrx_word' id='word_1_24' title='bbox 1323 429 1414 471; x_wconf 79' lang='lat' dir='ltr'>Ro-</span> 
     </span>
     <span class='ocr_line' id='line_1_5' title="bbox 43 507 228 537; baseline 0.016 -3"><span class='ocrx_word' id='word_1_25' title='bbox 43 507 228 537; x_wconf 74' lang='lat' dir='ltr'>manos,</span> 
     </span>
    </p>
   </div>
   <div class='ocr_carea' id='block_1_5' title="bbox 49 665 1414 680">
    <p class='ocr_par' dir='ltr' id='par_1_5' title="bbox 49 665 1414 680">
     <span class='ocr_line' id='line_1_6' title="bbox 49 665 1414 680; baseline 0.001 -4"><span class='ocrx_word' id='word_1_26' title='bbox 49 665 104 676; x_wconf 48' lang='lat' dir='ltr'>w&amp;</span> <span class='ocrx_word' id='word_1_27' title='bbox 114 665 485 678; x_wconf 47' lang='lat' dir='ltr'>nsmssmx-§mnm</span> <span class='ocrx_word' id='word_1_28' title='bbox 493 667 1293 680; x_wconf 50' lang='grc' dir='ltr'>ιἈἏΏΜΜΜιἋ-,ἋιωοιαςαικιαςἏτννπ</span> <span class='ocrx_word' id='word_1_29' title='bbox 1301 668 1414 679; x_wconf 53' lang='lat' dir='ltr'>”ww</span> 
     </span>
    </p>
   </div>
   <div class='ocr_carea' id='block_1_6' title="bbox 544 788 908 832">
    <p class='ocr_par' dir='ltr' id='par_1_6' title="bbox 544 788 908 832">
     <span class='ocr_line' id='line_1_7' title="bbox 544 788 908 832; baseline 0.003 -3"><span class='ocrx_word' id='word_1_30' title='bbox 544 788 719 832; x_wconf 68' lang='lat' dir='ltr'>CAPUT</span> <span class='ocrx_word' id='word_1_31' title='bbox 751 788 908 831; x_wconf 86' lang='lat' dir='ltr'>XXVI.</span> 
     </span>
    </p>
   </div>
   <div class='ocr_carea' id='block_1_7' title="bbox 42 925 1414 984">
    <p class='ocr_par' dir='ltr' id='par_1_7' title="bbox 42 925 1414 984">
     <span class='ocr_line' id='line_1_8' title="bbox 42 925 1414 984; baseline 0.001 -18"><span class='ocrx_word' id='word_1_32' title='bbox 42 927 102 968; x_wconf 78' lang='lat' dir='ltr'>De</span> <span class='ocrx_word' id='word_1_33' title='bbox 135 926 321 968; x_wconf 55' lang='lat' dir='ltr'>diversis</span> <span class='ocrx_word' id='word_1_34' title='bbox 368 927 680 981; x_wconf 53' lang='lat' dir='ltr'>‹suffitionibus-</span> <span class='ocrx_word' id='word_1_35' title='bbox 718 926 1103 984; x_wconf 76' lang='lat' dir='ltr'>oetoginta-tribus</span> <span class='ocrx_word' id='word_1_36' title='bbox 1147 925 1257 968; x_wconf 75' lang='lat' dir='ltr'>liber</span> <span class='ocrx_word' id='word_1_37' title='bbox 1289 941 1414 969; x_wconf 73' lang='lat' dir='ltr'>unus.</span> 
     </span>
    </p>
   </div>
   <div class='ocr_carea' id='block_1_8' title="bbox 0 1079 1431 2639">
    <p class='ocr_par' dir='ltr' id='par_1_8' title="bbox 38 1079 1420 1286">
     <span class='ocr_line' id='line_1_9' title="bbox 104 1079 1417 1145; baseline 0.001 -20"><span class='ocrx_word' id='word_1_38' title='bbox 104 1079 189 1125; x_wconf 85' lang='lat' dir='ltr'>EsT</span> <span class='ocrx_word' id='word_1_39' title='bbox 212 1080 341 1126; x_wconf 81' lang='lat' dir='ltr'>etiam</span> <span class='ocrx_word' id='word_1_40' title='bbox 365 1080 475 1126; x_wconf 86' lang='lat' dir='ltr'>inter</span> <span class='ocrx_word' id='word_1_41' title='bbox 494 1079 567 1125; x_wconf 79' lang='lat' dir='ltr'>illa</span> <span class='ocrx_word' id='word_1_42' title='bbox 590 1096 691 1144; x_wconf 84' lang='lat' dir='ltr'>quae</span> <span class='ocrx_word' id='word_1_43' title='bbox 708 1080 958 1144; x_wconf 82' lang='lat' dir='ltr'>scripsimus</span> <span class='ocrx_word' id='word_1_44' title='bbox 982 1080 1173 1144; x_wconf 85' lang='lat' dir='ltr'>quodam</span> <span class='ocrx_word' id='word_1_45' title='bbox 1200 1080 1417 1145; x_wconf 84' lang='lat' dir='ltr'>prolixum</span> 
     </span>
     <span class='ocr_line' id='line_1_10' title="bbox 38 1151 1417 1215; baseline 0.001 -19"><span class='ocrx_word' id='word_1_46' title='bbox 38 1167 175 1214; x_wconf 82' lang='lat' dir='ltr'>opus,</span> <span class='ocrx_word' id='word_1_47' title='bbox 197 1152 271 1215; x_wconf 86' lang='lat' dir='ltr'>qni</span> <span class='ocrx_word' id='word_1_48' title='bbox 303 1163 442 1197; x_wconf 67' lang='lat' dir='ltr'>[tmen</span> <span class='ocrx_word' id='word_1_49' title='bbox 464 1168 573 1197; x_wconf 85' lang='lat' dir='ltr'>unus</span> <span class='ocrx_word' id='word_1_50' title='bbox 599 1151 837 1215; x_wconf 80' lang='lat' dir='ltr'>deputatur</span> <span class='ocrx_word' id='word_1_51' title='bbox 856 1151 984 1207; x_wconf 88' lang='lat' dir='ltr'>liber,</span> <span class='ocrx_word' id='word_1_52' title='bbox 1008 1156 1134 1211; x_wconf 85' lang='lat' dir='ltr'>cujus</span> <span class='ocrx_word' id='word_1_53' title='bbox 1154 1163 1216 1197; x_wconf 90' lang='lat' dir='ltr'>est</span> <span class='ocrx_word' id='word_1_54' title='bbox 1235 1151 1387 1198; x_wconf 89' lang='lat' dir='ltr'>titulus</span> <span class='ocrx_word' id='word_1_55' title='bbox 1404 1188 1417 1209; x_wconf 92' lang='lat'><strong>,</strong></span> 
     </span>
     <span class='ocr_line' id='line_1_11' title="bbox 43 1221 1420 1286; baseline 0 -18"><span class='ocrx_word' id='word_1_56' title='bbox 43 1228 113 1268; x_wconf 81' lang='lat' dir='ltr'>De</span> <span class='ocrx_word' id='word_1_57' title='bbox 145 1221 334 1267; x_wconf 62' lang='lat' dir='ltr'>(lwersz.)</span> <span class='ocrx_word' id='word_1_58' title='bbox 364 1224 707 1286; x_wconf 71' lang='lat' dir='ltr'>quoestcombus</span> <span class='ocrx_word' id='word_1_59' title='bbox 740 1228 996 1284; x_wconf 63' lang='lat' dir='ltr'>octoginta·</span> <span class='ocrx_word' id='word_1_60' title='bbox 982 1224 1164 1269; x_wconf 45' lang='lat' dir='ltr'>-meas</span> <span class='ocrx_word' id='word_1_61' title='bbox 1199 1223 1311 1268; x_wconf 86' lang='lat' dir='ltr'>Cum</span> <span class='ocrx_word' id='word_1_62' title='bbox 1337 1239 1420 1268; x_wconf 90' lang='lat' dir='ltr'>au-</span> 
     </span>
    </p>

    <p class='ocr_par' dir='ltr' id='par_1_9' title="bbox 0 1262 1425 1782">
     <span class='ocr_line' id='line_1_12' title="bbox 0 1262 1420 1372; baseline 0.001 -34"><span class='ocrx_word' id='word_1_63' title='bbox 0 1262 3 1357; x_wconf 71' lang='lat' dir='ltr'>l</span> <span class='ocrx_word' id='word_1_64' title='bbox 40 1304 122 1338; x_wconf 84' lang='lat' dir='ltr'>tem</span> <span class='ocrx_word' id='word_1_65' title='bbox 150 1292 356 1372; x_wconf 85' lang='lat' dir='ltr'>dispersae</span> <span class='ocrx_word' id='word_1_66' title='bbox 376 1294 555 1340; x_wconf 85' lang='lat' dir='ltr'>fuissent</span> <span class='ocrx_word' id='word_1_67' title='bbox 573 1311 650 1357; x_wconf 88' lang='lat' dir='ltr'>per</span> <span class='ocrx_word' id='word_1_68' title='bbox 675 1294 896 1340; x_wconf 76' lang='lat' dir='ltr'>chartulas</span> <span class='ocrx_word' id='word_1_69' title='bbox 922 1294 1107 1347; x_wconf 80' lang='lat' dir='ltr'>multas,</span> <span class='ocrx_word' id='word_1_70' title='bbox 1136 1295 1342 1358; x_wconf 79' lang='lat' dir='ltr'>quoniam</span> <span class='ocrx_word' id='word_1_71' title='bbox 1363 1294 1420 1339; x_wconf 87' lang='lat' dir='ltr'>ab</span> 
     </span>
     <span class='ocr_line' id='line_1_13' title="bbox 0 1364 1419 1468; baseline 0.001 -59"><span class='ocrx_word' id='word_1_72' title='bbox 0 1384 2 1468; x_wconf 48' lang='lat' dir='ltr'>y</span> <span class='ocrx_word' id='word_1_73' title='bbox 38 1365 132 1428; x_wconf 86' lang='lat' dir='ltr'>ipso</span> <span class='ocrx_word' id='word_1_74' title='bbox 164 1365 308 1428; x_wconf 87' lang='lat' dir='ltr'>primo</span> <span class='ocrx_word' id='word_1_75' title='bbox 344 1376 538 1443; x_wconf 78' lang='lat' dir='ltr'>tempore</span> <span class='ocrx_word' id='word_1_76' title='bbox 572 1365 865 1411; x_wconf 84' lang='lat' dir='ltr'>conversionis</span> <span class='ocrx_word' id='word_1_77' title='bbox 902 1382 1033 1421; x_wconf 83' lang='lat' dir='ltr'>meae,</span> <span class='ocrx_word' id='word_1_78' title='bbox 1066 1376 1346 1429; x_wconf 81' lang='lat' dir='ltr'>posteaquam</span> <span class='ocrx_word' id='word_1_79' title='bbox 1375 1364 1419 1410; x_wconf 87' lang='lat' dir='ltr'>in</span> 
     </span>
     <span class='ocr_line' id='line_1_14' title="bbox 0 1434 1425 1498; baseline 0.001 -18"><span class='ocrx_word' id='word_1_80' title='bbox 0 1474 1 1480; x_wconf 71' lang='grc'>,</span> <span class='ocrx_word' id='word_1_81' title='bbox 44 1434 231 1482; x_wconf 79' lang='lat' dir='ltr'>Africam</span> <span class='ocrx_word' id='word_1_82' title='bbox 261 1436 473 1492; x_wconf 65' lang='lat' dir='ltr'>venimm,</span> <span class='ocrx_word' id='word_1_83' title='bbox 501 1436 614 1482; x_wconf 90' lang='lat' dir='ltr'>sicut</span> <span class='ocrx_word' id='word_1_84' title='bbox 631 1436 936 1496; x_wconf 80' lang='lat' dir='ltr'>interrogabar</span> <span class='ocrx_word' id='word_1_85' title='bbox 956 1453 976 1480; x_wconf 84' lang='lat' dir='ltr'>a</span> <span class='ocrx_word' id='word_1_86' title='bbox 996 1436 1222 1490; x_wconf 80' lang='lat' dir='ltr'>fratribus,</span> <span class='ocrx_word' id='word_1_87' title='bbox 1246 1434 1425 1498; x_wconf 85' lang='lat' dir='ltr'>quando</span> 
     </span>
     <span class='ocr_line' id='line_1_15' title="bbox 42 1506 1422 1562; baseline 0 -11"><span class='ocrx_word' id='word_1_88' title='bbox 42 1524 107 1552; x_wconf 88' lang='lat' dir='ltr'>me</span> <span class='ocrx_word' id='word_1_89' title='bbox 133 1518 358 1553; x_wconf 78' lang='lat' dir='ltr'>vacantem</span> <span class='ocrx_word' id='word_1_90' title='bbox 390 1508 622 1562; x_wconf 81' lang='lat' dir='ltr'>videbant,</span> <span class='ocrx_word' id='word_1_91' title='bbox 659 1507 779 1553; x_wconf 84' lang='lat' dir='ltr'>nulla</span> <span class='ocrx_word' id='word_1_92' title='bbox 811 1525 831 1551; x_wconf 81' lang='lat' dir='ltr'>a</span> <span class='ocrx_word' id='word_1_93' title='bbox 862 1524 928 1552; x_wconf 92' lang='lat' dir='ltr'>me</span> <span class='ocrx_word' id='word_1_94' title='bbox 956 1519 1120 1552; x_wconf 78' lang='lat' dir='ltr'>servata</span> <span class='ocrx_word' id='word_1_95' title='bbox 1145 1506 1422 1552; x_wconf 87' lang='lat' dir='ltr'>ordinatione</span> 
     </span>
     <span class='ocr_line' id='line_1_16' title="bbox 41 1577 1420 1641; baseline 0 -19"><span class='ocrx_word' id='word_1_96' title='bbox 41 1577 218 1623; x_wconf 64' lang='lat' dir='ltr'>dictatae</span> <span class='ocrx_word' id='word_1_97' title='bbox 243 1589 365 1633; x_wconf 86' lang='lat' dir='ltr'>sunt,</span> <span class='ocrx_word' id='word_1_98' title='bbox 386 1579 494 1638; x_wconf 88' lang='lat' dir='ltr'>jussi</span> <span class='ocrx_word' id='word_1_99' title='bbox 529 1595 598 1624; x_wconf 83' lang='lat' dir='ltr'>eas</span> <span class='ocrx_word' id='word_1_100' title='bbox 625 1581 715 1638; x_wconf 84' lang='lat' dir='ltr'>jam</span> <span class='ocrx_word' id='word_1_101' title='bbox 745 1578 976 1641; x_wconf 86' lang='lat' dir='ltr'>episcopus</span> <span class='ocrx_word' id='word_1_102' title='bbox 1012 1577 1190 1636; x_wconf 86' lang='lat' dir='ltr'>colligi,</span> <span class='ocrx_word' id='word_1_103' title='bbox 1219 1588 1259 1623; x_wconf 88' lang='lat' dir='ltr'>et</span> <span class='ocrx_word' id='word_1_104' title='bbox 1284 1593 1420 1622; x_wconf 89' lang='lat' dir='ltr'>unum</span> 
     </span>
     <span class='ocr_line' id='line_1_17' title="bbox 42 1647 1424 1712; baseline 0 -19"><span class='ocrx_word' id='word_1_105' title='bbox 42 1666 87 1693; x_wconf 81' lang='lat' dir='ltr'>ex</span> <span class='ocrx_word' id='word_1_106' title='bbox 112 1648 168 1694; x_wconf 88' lang='lat' dir='ltr'>eis</span> <span class='ocrx_word' id='word_1_107' title='bbox 206 1648 368 1695; x_wconf 90' lang='lat' dir='ltr'>librum</span> <span class='ocrx_word' id='word_1_108' title='bbox 396 1649 514 1706; x_wconf 85' lang='lat' dir='ltr'>fieri,</span> <span class='ocrx_word' id='word_1_109' title='bbox 545 1649 755 1695; x_wconf 85' lang='lat' dir='ltr'>adhibitis</span> <span class='ocrx_word' id='word_1_110' title='bbox 781 1648 993 1701; x_wconf 83' lang='lat' dir='ltr'>numeris,</span> <span class='ocrx_word' id='word_1_111' title='bbox 1032 1659 1079 1693; x_wconf 92' lang='lat' dir='ltr'>ut</span> <span class='ocrx_word' id='word_1_112' title='bbox 1101 1648 1218 1711; x_wconf 89' lang='lat' dir='ltr'>quod</span> <span class='ocrx_word' id='word_1_113' title='bbox 1240 1647 1424 1712; x_wconf 83' lang='lat' dir='ltr'>quisque</span> 
     </span>
     <span class='ocr_line' id='line_1_18' title="bbox 42 1719 1420 1782; baseline -0.001 -18"><span class='ocrx_word' id='word_1_114' title='bbox 42 1719 177 1779; x_wconf 78' lang='lat' dir='ltr'>legere</span> <span class='ocrx_word' id='word_1_115' title='bbox 198 1720 382 1767; x_wconf 79' lang='lat' dir='ltr'>voluerit</span> <span class='ocrx_word' id='word_1_116' title='bbox 403 1759 413 1775; x_wconf 93' lang='lat'><strong>‚</strong></span> <span class='ocrx_word' id='word_1_117' title='bbox 445 1720 570 1766; x_wconf 80' lang='lat' dir='ltr'>facile</span> <span class='ocrx_word' id='word_1_118' title='bbox 588 1720 793 1766; x_wconf 83' lang='lat' dir='ltr'>inveniat.</span> <span class='ocrx_word' id='word_1_119' title='bbox 823 1720 991 1765; x_wconf 81' lang='lat' dir='ltr'>Harum</span> <span class='ocrx_word' id='word_1_120' title='bbox 1012 1719 1306 1782; x_wconf 64' lang='lat' dir='ltr'>quaestionum</span> <span class='ocrx_word' id='word_1_121' title='bbox 1329 1728 1391 1765; x_wconf 90' lang='lat' dir='ltr'>est</span> <span class='ocrx_word' id='word_1_122' title='bbox 1409 1734 1420 1763; x_wconf 90' lang='lat'><strong>:</strong></span> 
     </span>
    </p>

    <p class='ocr_par' dir='ltr' id='par_1_10' title="bbox 111 1792 814 1855">
     <span class='ocr_line' id='line_1_19' title="bbox 111 1792 814 1855; baseline 0.004 -20"><span class='ocrx_word' id='word_1_123' title='bbox 111 1808 137 1836; x_wconf 87' lang='lat'>1.</span> <span class='ocrx_word' id='word_1_124' title='bbox 185 1792 339 1837; x_wconf 80' lang='lat' dir='ltr'>Utrum</span> <span class='ocrx_word' id='word_1_125' title='bbox 361 1792 503 1837; x_wconf 84' lang='lat' dir='ltr'>anima</span> <span class='ocrx_word' id='word_1_126' title='bbox 524 1809 545 1837; x_wconf 84' lang='lat' dir='ltr'>a</span> <span class='ocrx_word' id='word_1_127' title='bbox 567 1808 607 1837; x_wconf 90' lang='lat' dir='ltr'>se</span> <span class='ocrx_word' id='word_1_128' title='bbox 632 1792 725 1855; x_wconf 87' lang='lat' dir='ltr'>ipsa</span> <span class='ocrx_word' id='word_1_129' title='bbox 747 1792 814 1838; x_wconf 89' lang='lat' dir='ltr'>sit.</span> 
     </span>
    </p>

    <p class='ocr_par' dir='ltr' id='par_1_11' title="bbox 112 1862 646 1908">
     <span class='ocr_line' id='line_1_20' title="bbox 112 1862 646 1908; baseline 0 -1"><span class='ocrx_word' id='word_1_130' title='bbox 112 1878 158 1908; x_wconf 84' lang='grc' dir='ltr'>ιι.</span> <span class='ocrx_word' id='word_1_131' title='bbox 204 1863 265 1907; x_wconf 89' lang='lat' dir='ltr'>De</span> <span class='ocrx_word' id='word_1_132' title='bbox 288 1862 428 1908; x_wconf 86' lang='lat' dir='ltr'>libero</span> <span class='ocrx_word' id='word_1_133' title='bbox 450 1862 646 1908; x_wconf 86' lang='lat' dir='ltr'>arbitrio.</span> 
     </span>
    </p>

    <p class='ocr_par' dir='ltr' id='par_1_12' title="bbox 111 1933 1157 1980">
     <span class='ocr_line' id='line_1_21' title="bbox 111 1933 1157 1980; baseline -0.001 -2"><span class='ocrx_word' id='word_1_134' title='bbox 111 1951 179 1979; x_wconf 74' lang='grc' dir='ltr'>ιιι.</span> <span class='ocrx_word' id='word_1_135' title='bbox 223 1934 380 1980; x_wconf 74' lang='lat' dir='ltr'>[trum</span> <span class='ocrx_word' id='word_1_136' title='bbox 406 1935 496 1980; x_wconf 92' lang='lat' dir='ltr'>Deo</span> <span class='ocrx_word' id='word_1_137' title='bbox 526 1945 700 1980; x_wconf 85' lang='lat' dir='ltr'>auctore</span> <span class='ocrx_word' id='word_1_138' title='bbox 723 1934 776 1979; x_wconf 89' lang='lat' dir='ltr'>sit</span> <span class='ocrx_word' id='word_1_139' title='bbox 799 1934 931 1978; x_wconf 84' lang='lat' dir='ltr'>homo</span> <span class='ocrx_word' id='word_1_140' title='bbox 957 1933 1157 1978; x_wconf 82' lang='lat' dir='ltr'>deterior.</span> 
     </span>
    </p>

    <p class='ocr_par' dir='ltr' id='par_1_13' title="bbox 113 2003 1088 2061">
     <span class='ocr_line' id='line_1_22' title="bbox 113 2003 1088 2061; baseline 0 -13"><span class='ocrx_word' id='word_1_141' title='bbox 113 2022 170 2050; x_wconf 79' lang='lat' dir='ltr'>iv,</span> <span class='ocrx_word' id='word_1_142' title='bbox 214 2005 328 2061; x_wconf 80' lang='lat' dir='ltr'>Quae</span> <span class='ocrx_word' id='word_1_143' title='bbox 353 2006 407 2051; x_wconf 90' lang='lat' dir='ltr'>sit</span> <span class='ocrx_word' id='word_1_144' title='bbox 430 2021 559 2052; x_wconf 83' lang='lat' dir='ltr'>causa</span> <span class='ocrx_word' id='word_1_145' title='bbox 578 2016 626 2051; x_wconf 89' lang='lat' dir='ltr'>ut</span> <span class='ocrx_word' id='word_1_146' title='bbox 656 2005 710 2050; x_wconf 89' lang='lat' dir='ltr'>sit</span> <span class='ocrx_word' id='word_1_147' title='bbox 732 2004 866 2050; x_wconf 90' lang='lat' dir='ltr'>homo</span> <span class='ocrx_word' id='word_1_148' title='bbox 889 2003 1088 2049; x_wconf 83' lang='lat' dir='ltr'>deterior.</span> 
     </span>
    </p>

    <p class='ocr_par' dir='ltr' id='par_1_14' title="bbox 113 2074 1337 2138">
     <span class='ocr_line' id='line_1_23' title="bbox 113 2074 1337 2138; baseline 0 -19"><span class='ocrx_word' id='word_1_149' title='bbox 113 2093 150 2120; x_wconf 93' lang='lat' dir='ltr'>v.</span> <span class='ocrx_word' id='word_1_150' title='bbox 190 2077 343 2123; x_wconf 78' lang='lat' dir='ltr'>Utrum</span> <span class='ocrx_word' id='word_1_151' title='bbox 367 2077 529 2124; x_wconf 81' lang='lat' dir='ltr'>animal</span> <span class='ocrx_word' id='word_1_152' title='bbox 554 2075 855 2123; x_wconf 83' lang='lat' dir='ltr'>irrationabile</span> <span class='ocrx_word' id='word_1_153' title='bbox 880 2076 1057 2121; x_wconf 84' lang='lat' dir='ltr'>beatum</span> <span class='ocrx_word' id='word_1_154' title='bbox 1080 2091 1167 2120; x_wconf 88' lang='lat' dir='ltr'>esse</span> <span class='ocrx_word' id='word_1_155' title='bbox 1188 2074 1337 2138; x_wconf 82' lang='lat' dir='ltr'>possit.</span> 
     </span>
    </p>

    <p class='ocr_par' dir='ltr' id='par_1_15' title="bbox 112 2149 435 2195">
     <span class='ocr_line' id='line_1_24' title="bbox 112 2149 435 2195; baseline 0.012 -4"><span class='ocrx_word' id='word_1_156' title='bbox 112 2164 169 2193; x_wconf 77' lang='lat' dir='ltr'>vi.</span> <span class='ocrx_word' id='word_1_157' title='bbox 216 2149 278 2194; x_wconf 89' lang='lat' dir='ltr'>De</span> <span class='ocrx_word' id='word_1_158' title='bbox 303 2149 435 2195; x_wconf 79' lang='lat' dir='ltr'>malo.</span> 
     </span>
    </p>

    <p class='ocr_par' dir='ltr' id='par_1_16' title="bbox 85 2217 1208 2284">
     <span class='ocr_line' id='line_1_25' title="bbox 85 2217 1208 2284; baseline 0 -22"><span class='ocrx_word' id='word_1_159' title='bbox 85 2235 188 2276; x_wconf 15' lang='lat' dir='ltr'>[wi.</span> <span class='ocrx_word' id='word_1_160' title='bbox 225 2220 338 2275; x_wconf 80' lang='lat' dir='ltr'>Quae</span> <span class='ocrx_word' id='word_1_161' title='bbox 358 2221 534 2284; x_wconf 86' lang='lat' dir='ltr'>proprie</span> <span class='ocrx_word' id='word_1_162' title='bbox 556 2220 599 2265; x_wconf 88' lang='lat' dir='ltr'>in</span> <span class='ocrx_word' id='word_1_163' title='bbox 619 2220 838 2265; x_wconf 78' lang='lat' dir='ltr'>animante</span> <span class='ocrx_word' id='word_1_164' title='bbox 857 2219 1000 2264; x_wconf 80' lang='lat' dir='ltr'>anima</span> <span class='ocrx_word' id='word_1_165' title='bbox 1021 2217 1208 2262; x_wconf 82' lang='lat' dir='ltr'>dicatur.</span> 
     </span>
    </p>

    <p class='ocr_par' dir='ltr' id='par_1_17' title="bbox 113 2291 1013 2355">
     <span class='ocr_line' id='line_1_26' title="bbox 113 2291 1013 2355; baseline -0.001 -21"><span class='ocrx_word' id='word_1_166' title='bbox 113 2307 212 2337; x_wconf 75' lang='lat' dir='ltr'>viii.</span> <span class='ocrx_word' id='word_1_167' title='bbox 259 2292 413 2337; x_wconf 90' lang='lat' dir='ltr'>Utrum</span> <span class='ocrx_word' id='word_1_168' title='bbox 436 2308 514 2355; x_wconf 89' lang='lat' dir='ltr'>per</span> <span class='ocrx_word' id='word_1_169' title='bbox 540 2308 581 2337; x_wconf 87' lang='lat' dir='ltr'>se</span> <span class='ocrx_word' id='word_1_170' title='bbox 606 2291 749 2337; x_wconf 83' lang='lat' dir='ltr'>anima</span> <span class='ocrx_word' id='word_1_171' title='bbox 774 2300 1013 2336; x_wconf 79' lang='lat' dir='ltr'>moveatur.</span> 
     </span>
    </p>

    <p class='ocr_par' dir='ltr' id='par_1_18' title="bbox 49 2357 1431 2639">
     <span class='ocr_line' id='line_1_27' title="bbox 114 2357 1421 2426; baseline -0.002 -18"><span class='ocrx_word' id='word_1_172' title='bbox 114 2378 175 2408; x_wconf 78' lang='lat' dir='ltr'>ix.</span> <span class='ocrx_word' id='word_1_173' title='bbox 217 2363 375 2408; x_wconf 79' lang='lat' dir='ltr'>Utrum</span> <span class='ocrx_word' id='word_1_174' title='bbox 412 2363 631 2426; x_wconf 88' lang='lat' dir='ltr'>corporeis</span> <span class='ocrx_word' id='word_1_175' title='bbox 666 2362 861 2408; x_wconf 85' lang='lat' dir='ltr'>sensibus</span> <span class='ocrx_word' id='word_1_176' title='bbox 898 2358 1066 2424; x_wconf 83' lang='lat' dir='ltr'>percipi</span> <span class='ocrx_word' id='word_1_177' title='bbox 1095 2358 1248 2403; x_wconf 80' lang='lat' dir='ltr'>veritas</span> <span class='ocrx_word' id='word_1_178' title='bbox 1271 2357 1421 2421; x_wconf 84' lang='lat' dir='ltr'>possit.</span> 
     </span>
     <span class='ocr_line' id='line_1_28' title="bbox 49 2431 1430 2497; baseline -0.001 -21"><span class='ocrx_word' id='word_1_179' title='bbox 49 2433 99 2477; x_wconf 91' lang='lat' dir='ltr'>In</span> <span class='ocrx_word' id='word_1_180' title='bbox 127 2449 213 2495; x_wconf 79' lang='lat' dir='ltr'>qun</span> <span class='ocrx_word' id='word_1_181' title='bbox 237 2432 349 2479; x_wconf 90' lang='lat' dir='ltr'>illud</span> <span class='ocrx_word' id='word_1_182' title='bbox 369 2433 489 2497; x_wconf 87' lang='lat' dir='ltr'>quod</span> <span class='ocrx_word' id='word_1_183' title='bbox 511 2433 625 2490; x_wconf 85' lang='lat' dir='ltr'>dixi,</span> <span class='ocrx_word' id='word_1_184' title='bbox 654 2436 809 2480; x_wconf 74' lang='lat' dir='ltr'>Omne</span> <span class='ocrx_word' id='word_1_185' title='bbox 843 2431 974 2496; x_wconf 69' lang='lat' dir='ltr'>qaod</span> <span class='ocrx_word' id='word_1_186' title='bbox 995 2446 1240 2492; x_wconf 71' lang='lat' dir='ltr'>corporeus</span> <span class='ocrx_word' id='word_1_187' title='bbox 1265 2445 1430 2474; x_wconf 74' lang='lat' dir='ltr'>sensus</span> 
     </span>
     <span class='ocr_line' id='line_1_29' title="bbox 50 2500 1431 2569; baseline -0.003 -21"><span class='ocrx_word' id='word_1_188' title='bbox 50 2506 265 2568; x_wconf 75' lang='lat' dir='ltr'>attingis,</span> <span class='ocrx_word' id='word_1_189' title='bbox 305 2505 435 2569; x_wconf 78' lang='lat' dir='ltr'>quod</span> <span class='ocrx_word' id='word_1_190' title='bbox 460 2517 505 2550; x_wconf 79' lang='lat' dir='ltr'>et</span> <span class='ocrx_word' id='word_1_191' title='bbox 545 2505 771 2551; x_wconf 78' lang='lat' dir='ltr'>sensibile</span> <span class='ocrx_word' id='word_1_192' title='bbox 800 2505 992 2557; x_wconf 66' lang='lat' dir='ltr'>(licitur,</span> <span class='ocrx_word' id='word_1_193' title='bbox 1021 2506 1124 2546; x_wconf 72' lang='lat' dir='ltr'>sine</span> <span class='ocrx_word' id='word_1_194' title='bbox 1157 2500 1254 2545; x_wconf 76' lang='lat' dir='ltr'>ulla</span> <span class='ocrx_word' id='word_1_195' title='bbox 1285 2505 1431 2545; x_wconf 79' lang='lat' dir='ltr'>incer-</span> 
     </span>
     <span class='ocr_line' id='line_1_30' title="bbox 52 2570 1430 2639; baseline -0.002 -19"><span class='ocrx_word' id='word_1_196' title='bbox 52 2576 274 2621; x_wconf 58' lang='lat' dir='ltr'>messione</span> <span class='ocrx_word' id='word_1_197' title='bbox 303 2578 518 2639; x_wconf 72' lang='lat' dir='ltr'>temporis</span> <span class='ocrx_word' id='word_1_198' title='bbox 538 2587 872 2630; x_wconf 73' lang='lat' dir='ltr'>commutatur,</span> <span class='ocrx_word' id='word_1_199' title='bbox 901 2573 989 2619; x_wconf 87' lang='lat' dir='ltr'>sine</span> <span class='ocrx_word' id='word_1_200' title='bbox 1010 2571 1148 2618; x_wconf 90' lang='lat' dir='ltr'>dubio</span> <span class='ocrx_word' id='word_1_201' title='bbox 1168 2587 1316 2618; x_wconf 85' lang='lat' dir='ltr'>verum</span> <span class='ocrx_word' id='word_1_202' title='bbox 1335 2570 1430 2634; x_wconf 88' lang='lat' dir='ltr'>qui-</span> 
     </span>
    </p>
   </div>
  </div>
 </body>
</html>
