1769 3235
305 292 399 352 244
726 305 761 338 s,
805 305 1052 336 AUGUSTINI
1087 307 1291 338 EPIScom

305 384 474 420 tantum
505 371 667 418 malum
700 371 997 435 plangendum
1030 384 1091 419 est
1123 372 1318 418 fontibus
1342 372 1676 436 lacrymarum?

301 447 447 508 Ipsam
468 459 643 507 quoque
674 459 847 488 uxorem
877 460 965 488 non
995 444 1074 489 tibi
1103 445 1341 498 suffecisse,
1362 444 1435 490 sed
1461 445 1677 491 concubi-

298 531 455 560 narum
475 514 616 559 nescio
640 529 824 576 quarum
852 515 1157 560 commixtione
1185 514 1409 578 pollutum
1435 514 1678 578 loquuntur

300 584 499 630 homines
517 621 527 638 ‚
555 593 597 628 et
615 581 796 628 forsitan
820 584 1104 631 mentiuntur.

364 655 415 702 V.
443 655 530 699 Ista
555 669 655 716 quae
678 654 882 700 omnibus
905 667 1087 718 patent,
1117 666 1181 701 tot
1204 665 1245 700 et
1265 665 1384 701 tanta
1407 655 1521 701 mala
1539 692 1551 712 ,
1579 672 1678 719 quae

299 743 322 771 a
344 735 408 780 te,
435 734 716 788 posteaquam
749 728 1004 784 conjugatus
1037 743 1078 771 es
1097 763 1107 782 ‚
1152 736 1383 772 consecuta
1411 736 1508 772 sunt
1533 762 1544 782 ,
1568 724 1678 789 quid

294 812 372 856 ego
396 794 574 840 dicam?
599 794 872 840 Christianus
890 812 931 840 es
947 833 957 850 ,
980 813 1056 841 cor
1075 796 1211 841 habes
1226 834 1237 852 ‚
1265 798 1410 842 Deum
1436 796 1560 842 times
1583 812 1595 841 ε
1621 806 1675 841 tu

296 866 387 929 ipse
416 864 641 910 considera
664 881 763 927 quae
791 865 893 910 nolo
925 865 1097 921 dicere,
1128 877 1168 912 et
1199 867 1391 913 invenies
1418 867 1472 913 de
1503 866 1678 931 quantis

296 935 422 982 malis
457 934 614 980 debeas
644 952 765 994 agere
809 935 1148 997 poenitentiam,
1199 948 1382 1000 propter
1419 954 1554 1000 quam
1595 936 1678 982 tibi
1747 937 1751 974 Ι

299 1006 431 1052 credo
464 1005 702 1052 Dominum
725 1023 904 1069 parcere
928 1044 938 1064 ,
975 1017 1016 1053 et
1041 1025 1063 1053 a
1093 1008 1300 1071 periculis
1329 1007 1535 1053 omnibus
1559 1006 1676 1052 libe-
1748 1004 1749 1007 ¹

299 1094 418 1133 rare,
447 1087 497 1122 ut
519 1094 617 1136 agas
649 1094 744 1123 eam
775 1077 887 1123 sicut
911 1078 1075 1139 agenda
1101 1090 1163 1126 est
1191 1097 1202 1125 :
1230 1079 1303 1125 sed
1333 1079 1367 1125 si
1394 1077 1505 1124 illud
1534 1077 1682 1124 audias

298 1148 420 1212 quod
465 1147 679 1211 scriptum
716 1160 779 1194 est
808 1187 819 1206 ,
857 1171 877 1191 ι(
914 1151 977 1195 Ne
1018 1150 1159 1196 tardes
1194 1150 1388 1197 converti
1432 1149 1488 1195 ad
1527 1148 1683 1195 Domi-

303 1240 324 1261 η
347 1235 485 1274 num,
529 1235 670 1282 neque
708 1219 879 1266 differas
919 1220 972 1266 de
1012 1220 1081 1266 die
1132 1221 1176 1267 in
1224 1221 1340 1267 diem
1370 1219 1404 1266 1.
1459 1241 1479 1261 ))
1514 1220 1683 1265 Justam

300 1289 479 1354 quidem
508 1289 617 1336 dicis
646 1290 810 1336 habere
847 1301 885 1336 te
919 1308 1094 1336 causam
1114 1329 1123 1345 ,
1171 1295 1295 1351 cujus
1325 1290 1458 1350 judex
1494 1306 1570 1349 ego
1598 1306 1687 1335 non
1747 1296 1766 1336 «ἐ

305 1378 429 1416 sum;
468 1361 676 1424 quoniam
706 1371 852 1424 partes
886 1362 1038 1407 ambas
1066 1362 1217 1408 audire
1242 1379 1330 1408 non
1357 1377 1535 1424 possum
1565 1377 1576 1405 :
1614 1358 1688 1405 sed

309 1432 641 1495 qualiscumque
673 1433 726 1478 sit
749 1443 823 1478 tua
849 1449 1005 1490 causa,
1046 1433 1100 1479 de
1130 1450 1215 1496 qua
1243 1431 1375 1478 modo
1403 1448 1598 1495 quaerere
1624 1428 1692 1476 vel
1762 1425 1766 1478 Ι

311 1503 536 1566 disputare
560 1520 648 1548 non
671 1520 781 1567 opus
804 1515 896 1560 est,
932 1470 1151 1567 nuinquid
1178 1521 1325 1550 coram
1351 1504 1442 1548 Deo
1466 1512 1588 1566 potes
1609 1518 1690 1547 ne-
1763 1498 1765 1517 Ι

313 1590 438 1633 gare,
465 1572 626 1636 quod
615 1590 661 1618 in
683 1573 808 1618 istam
838 1575 1135 1620 necessitatem
1169 1591 1256 1619 non
1285 1573 1582 1637 pervenisses,
1610 1570 1691 1617 nisi
1760 1551 1767 1634 Ι

315 1644 433 1689 bona
456 1643 603 1688 saeculi
628 1644 761 1704 hujus
781 1644 995 1691 dilexisses
1015 1663 1150 1708 ,quae
1177 1656 1385 1708 tanquam
1411 1660 1558 1690 servus
1582 1642 1662 1687 Dei
1678 1678 1691 1699 ,

322 1730 450 1777 quem
486 1724 526 1758 te
558 1725 654 1759 ante
684 1731 967 1772 noveramus,
1005 1727 1281 1761 contemnere
1313 1714 1517 1771 omnino,
1542 1724 1584 1759 et
1615 1728 1696 1776 pro
1746 1653 1767 1779 ΙΙ

1754 1799 1767 1866 '3'

322 1783 464 1830 nihilo
485 1784 647 1830 habere
670 1784 860 1831 debuisti
884 1804 894 1831 ε
923 1797 964 1831 et
985 1787 1132 1831 oblata
1152 1786 1330 1849 quidem
1358 1801 1548 1838 sumere,
1571 1794 1618 1829 ut
1640 1783 1698 1828 eis
1746 1780 1767 1840 {¹

325 1856 504 1901 utereris
529 1856 581 1901 ad
607 1857 840 1919 pietatcm3
877 1875 965 1903 non
987 1869 1128 1904 autem
1152 1869 1304 1917 negata
1331 1857 1398 1903 vel
1424 1856 1618 1915 delegata
1639 1855 1700 1899 sic
1746 1849 1756 1895 Ι

329 1942 549 1988 quaercre,
578 1938 628 1971 ut
645 1939 826 1991 propter
845 1928 917 1973 illa
941 1929 985 1973 in
1010 1929 1133 1974 istam
1168 1928 1462 1973 necessitatem
1485 1925 1702 1989 perduce—
1746 1923 1769 2011 ι-ΙΙ

331 1997 462 2042 reris:
487 1996 563 2041 ubi
589 2014 688 2042 cum
715 2009 916 2043 amantur
934 1999 1069 2054 bona,
1092 2008 1401 2062 perpetrantur
1415 1998 1545 2053 mala,
1562 2012 1704 2060 pauca

329 2066 506 2130 quidem
534 2085 555 2112 a
580 2078 640 2124 te,
663 2068 734 2113 sed
761 2069 896 2114 multa
916 2080 1097 2133 propter
1114 2081 1178 2123 te3
1205 2081 1245 2115 et
1262 2086 1362 2115 cum
1381 2069 1591 2114 timentur
1606 2083 1705 2131 quae
1745 2013 1769 2197 ,ἦ

336 2136 389 2180 ad
422 2136 621 2196 exiguum
649 2149 821 2202 tempus
841 2151 1022 2195 nocent,
1050 2140 1081 2184 si
1118 2150 1261 2184 tamen
1285 2149 1468 2195 nocent,
1498 2138 1701 2183 commit-
1745 2149 1763 2201 ξ]

334 2217 491 2252 tuntur
515 2225 563 2253 ea
583 2225 683 2271 quae
701 2226 795 2254 vere
818 2209 862 2254 in
887 2220 1097 2256 aeternum
1116 2213 1332 2255 noceant?
1744 2199 1769 2272 ij

411 2278 481 2324 V.l
515 2281 578 2324 De
599 2280 760 2342 quibus
789 2291 838 2326 ut
863 2297 997 2326 unum
1033 2281 1198 2344 aliquid
1216 2280 1385 2333 dicam,
1409 2280 1504 2343 quis
1532 2296 1618 2325 non
1642 2277 1710 2324 vi-
1745 2270 1759 2326 ἶ·

342 2347 465 2405 deut,
490 2349 609 2412 quod
644 2350 772 2396 multi
800 2351 998 2397 homines
1025 2351 1107 2396 tibi
1143 2351 1393 2397 cohaereant
1427 2350 1480 2396 ad
1506 2349 1755 2396 tuendam
1745 2365 1747 2382 Ι

345 2437 464 2466 tuam
490 2422 732 2484 potentiam
754 2422 821 2469 vel
853 2423 1061 2479 salutem,
1092 2422 1168 2485 qui
1190 2422 1356 2468 etiamsi
1383 2422 1467 2467 tibi
1486 2437 1633 2466 omnes
1656 2416 1747 2465 fi-
1744 2447 1748 2484 3

343 2492 458 2538 deles
482 2492 568 2537 sint
585 2529 596 2548 ,
623 2510 703 2539 nec
725 2494 780 2539 ab
807 2493 951 2557 aliquo
969 2511 1118 2539 eorum
1139 2493 1241 2539 ullae
1267 2494 1500 2539 timeantur
1516 2490 1712 2545 insidiae3
1744 2487 1747 2548 ξ

341 2578 499 2625 nempe
533 2572 678 2609 tamen
709 2563 762 2610 ad
790 2581 838 2610 ea
862 2564 999 2621 bona,
1024 2580 1124 2627 quae
1146 2563 1231 2626 ipsi
1254 2580 1426 2627 quoque
1451 2580 1538 2609 non
1558 2577 1715 2607 secun-
1743 2609 1769 2684 i

345 2632 450 2678 dum
477 2632 649 2691 Deum,
691 2633 762 2681 sed
796 2634 1034 2681 secundum
1073 2633 1281 2682 saeculum
1317 2633 1527 2695 diligunt,
1567 2649 1644 2696 per
1675 2642 1715 2677 te

373 2722 376 2723 ’
392 2717 402 2739 ¹
421 2713 518 2747 Eccli.
534 2726 564 2755 v,
582 2717 613 2749 8.
