1769 3235
6 0 32 192 l

21 449 24 465 ι

20 471 23 502 l

2 551 3 555 ,
19 506 23 556 l

18 574 22 651 l

17 714 19 759 ι

412 281 835 326 nssrnAcrAnoNt'M,
875 284 962 316 Lm.
1006 287 1036 316 1.
1332 269 1416 325 441

47 442 109 456 m
127 442 235 454 -ΛΜ
246 441 919 458 mummmwmuoeuwmnmmsw·
934 447 1239 458 mssswssswm
1249 446 1424 458 saezmm

590 560 770 604 CAPUT
802 561 870 604 1V.

433 687 778 742 Solc‘lorluiorum
813 687 918 730 libri
951 689 1048 729 cluo.

112 829 148 876 I.
194 831 329 876 ΙΝΤΕΡ.
361 831 456 877 haec
481 832 633 895 scripsi
668 833 794 878 etiam
825 832 913 877 duo
938 831 1159 877 volumina
1184 830 1425 877 secundum

13 951 16 958 ¹
49 899 245 946 studium
270 918 411 946 meum
437 913 478 947 et
505 920 713 958 amorem,
742 904 906 948 ratione
934 901 1196 962 indagandae
1215 902 1426 957 veritatis,

54 969 108 1016 de
126 970 194 1016 his
224 972 352 1017 rebus
376 989 482 1036 quas
521 974 702 1019 maxime
721 974 829 1019 scire
851 973 1085 1036 cupiebam
1106 1010 1116 1029 ,
1147 990 1215 1018 me
1241 973 1430 1018 interro-

55 1058 174 1102 gans,
198 1042 393 1106 mihique
418 1044 680 1107 respondens
703 1082 713 1101 ‚
758 1056 962 1108 tanquam
987 1044 1075 1089 duo
1093 1061 1302 1100 essemus,
1322 1043 1432 1089 ratio

54 1122 95 1158 et
116 1130 219 1173 ego,
248 1130 347 1159 cum
366 1115 479 1161 solus
502 1133 661 1170 essem3
686 1116 804 1162 unde
828 1117 914 1162 hoc
938 1132 1050 1179 opus
1071 1115 1333 1179 Solz'loquia
1357 1131 1432 1159 no-

56 1183 234 1235 minavi,
261 1185 332 1230 sed
359 1185 663 1249 imperfectum
686 1188 920 1232 remansit:
945 1187 1003 1232 ita
1028 1197 1172 1232 tamen
1195 1197 1242 1231 ut
1265 1186 1307 1231 in
1335 1184 1432 1248 pri-

56 1270 127 1299 mo
151 1254 264 1300 libro
287 1267 552 1318 quaereretur
568 1294 578 1313 ‚
600 1268 641 1303 et
663 1269 903 1321 utcumque
925 1268 1171 1321 appareret,
1193 1256 1332 1320 qualis
1346 1272 1432 1301 esse

56 1325 212 1371 debeat
245 1327 320 1389 qui
355 1328 448 1373 vult
480 1330 704 1394 percipere
729 1330 984 1393 sapientiam
1003 1367 1014 1385 ‚
1047 1345 1147 1392 quae
1172 1330 1322 1392 utique
1344 1344 1432 1372 non

55 1413 178 1442 sensu
203 1399 399 1460 corporis
417 1435 429 1453 ,
458 1399 530 1445 sed
552 1411 693 1446 mente
717 1400 989 1464 percipitur:
1013 1410 1055 1444 et
1078 1397 1268 1458 quadani
1294 1398 1432 1442 ratio-

56 1467 273 1514 cinatione
304 1469 348 1514 in
371 1469 474 1516 libri
498 1472 583 1516 fine
611 1471 855 1531 colligitur,
881 1488 927 1516 ca
949 1487 1048 1533 quae
1068 1486 1166 1515 vere
1185 1479 1285 1514 sunt
1308 1505 1318 1524 ,
1354 1467 1432 1513 im-

57 1539 254 1585 mortalia
274 1557 374 1588 esse.
397 1542 447 1586 In
467 1542 658 1589 secundo
680 1553 842 1597 autem,
865 1542 918 1587 de
934 1539 1260 1587 immortalitate
1278 1539 1434 1586 animae

58 1608 134 1656 diu
158 1627 222 1656 res
244 1611 385 1671 agitur
402 1649 413 1668 ‚
441 1624 483 1658 et
506 1631 591 1659 non
618 1614 854 1678 peragitur.

124 1681 181 1728 ll.
217 1684 265 1727 In
293 1683 360 1728 his
389 1701 489 1730 sane
516 1684 641 1731 libris
674 1703 763 1731 non
796 1684 997 1749 approbo
1026 1682 1145 1747 quod
1177 1683 1222 1729 in
1242 1682 1435 1729 oratione

58 1751 169 1807 dixi,
197 1757 221 1798 Ι
226 1759 326 1799 >eus
350 1760 432 1818 qui
452 1758 547 1802 nisi
567 1756 762 1801 mundos
786 1774 953 1802 vertam
973 1761 1090 1802 scire
1105 1755 1310 1800 noluisti.
1331 1754 1436 1799 Res·

58 1823 242 1886 ponderi
271 1825 384 1870 enim
420 1837 591 1889 potest,
624 1828 786 1872 multos
816 1827 944 1872 etiam
970 1844 1055 1872 non
1088 1825 1274 1871 mundos
1298 1822 1436 1869 multa

57 1894 164 1940 scire
178 1912 274 1940 vera
295 1914 305 1941 ε
327 1914 466 1960 neque
484 1897 596 1943 enim
619 1897 847 1943 definitum
882 1908 943 1943 est
965 1897 1037 1942 hic
1054 1896 1163 1961 quid
1184 1897 1238 1941 sit
1263 1911 1430 1949 verum,

60 1966 176 2028 quod
205 1967 281 2012 niti
312 1969 464 2014 mundi
490 1971 598 2016 scire
629 1987 717 2015 non
739 1970 931 2034 possint3
961 1980 1002 2015 et
1021 1968 1129 2033 quid
1153 1968 1206 2014 sit
1232 1968 1351 2013 scire.
1382 1967 1438 2011 Et

58 2036 169 2082 illud
193 2038 309 2101 quod
335 2039 399 2085 ibi
422 2040 614 2103 positum
635 2051 721 2097 est,
750 2046 876 2087 Deus
906 2040 1034 2103 cujus
1055 2056 1248 2101 regnum
1274 2048 1342 2084 est
1370 2048 1437 2082 to-

62 2119 137 2154 tus
173 2111 382 2155 mundas
402 2148 411 2164 ‚
444 2129 583 2174 quem
616 2129 782 2157 sensas
814 2114 1002 2176 Ignorat
1020 2129 1036 2165 ;
1072 2112 1106 2155 si
1133 2110 1248 2154 Deus
1271 2107 1437 2154 intelli-

60 2178 225 2238 gendus
252 2191 310 2225 est
327 2218 339 2238 ,
369 2180 568 2226 addenda
593 2182 764 2227 fuerant
785 2183 917 2228 verba
938 2219 948 2235 ‚
979 2192 1026 2226 ut
1050 2180 1284 2233 diceretur,
1308 2195 1437 2242 quem

61 2250 254 2296 mortalis
282 2253 477 2316 corporis
501 2270 645 2299 sensus
670 2253 854 2314 ignorat.
887 2253 930 2298 Si
957 2262 1099 2297 autem
1126 2249 1316 2296 mundus
1337 2249 1438 2294 dic-

62 2331 130 2367 tus
152 2332 239 2378 est,
268 2339 397 2386 quem
424 2341 568 2370 sensus
587 2325 759 2385 ignorat
784 2361 794 2380 ‚
825 2324 895 2370 ille
914 2334 1030 2369 recte
1049 2321 1304 2381 intelligitur
1323 2357 1335 2376 ,
1363 2319 1440 2383 qui

61 2392 237 2439 futurus
256 2404 316 2439 est
340 2394 453 2441 coelo
479 2413 592 2442 novo
628 2406 670 2442 et
696 2407 808 2442 terra
838 2412 949 2441 nova
977 2412 987 2440 :
1021 2393 1093 2440 sed
1114 2393 1240 2439 etiam
1263 2392 1337 2438 hic
1366 2390 1442 2437 ad·

64 2462 205 2509 (lenda
224 2475 344 2510 erant
362 2465 435 2511 illa
456 2503 466 2521 ,
502 2477 550 2511 ut
572 2465 789 2513 diceretur
806 2503 817 2523 ,
840 2464 1035 2512 mortalis
1057 2462 1254 2527 corporis
1271 2478 1431 2508 sensus.

66 2534 150 2582 Sed
173 2535 248 2583 illo
274 2553 391 2583 more
415 2536 563 2583 adhuc
585 2537 798 2602 loquebar
815 2575 826 2594 ,
853 2553 942 2602 quo
972 2552 1118 2582 sensus
1141 2533 1318 2600 proprie
1344 2550 1439 2580 cor-

65 2607 183 2672 poris
204 2606 476 2671 appellatur;
508 2624 587 2655 nec
611 2607 779 2656 assidue
814 2606 1098 2673 repetendum
1122 2617 1215 2662 est,
1246 2603 1365 2669 quod
1397 2614 1440 2651 et
