1769 3235
0 344 1 349 1
473 294 682 333 EPISTOLA
717 290 933 336 cex‘xvm.
1306 292 1395 358 287

0 384 46 416 1s
69 375 298 433 gueretur,
344 368 456 415 sicut
493 365 557 412 ibi
593 365 762 414 dictum
804 379 863 414 est
887 407 897 425 ‚
938 366 1114 417 lucerna
1148 362 1283 419 Israel
1307 368 1344 430 1,
1377 398 1397 420 »

0 489 1 496 ,
25 452 48 491 'a
72 444 158 490 suis
193 438 281 488 hoc
312 438 563 505 petentibus
590 438 807 501 sumpsit,
842 457 928 484 non
957 441 1047 503 ipse
1087 446 1396 508 praesumpsit3

0 504 216 577 alioquin
265 506 426 557 multos
462 508 701 554 imitatores
737 508 901 555 fecisset
942 511 1152 570 ignaviae,
1193 512 1268 576 qui
1302 533 1402 562 eum

0 581 246 630 *crederent
267 581 356 627 hoc
388 577 537 624 fecisse
573 594 663 623 non
701 579 1046 627 consideratione
1081 583 1276 630 utilitatis
1300 586 1404 631 alio-

24 670 122 700 rum
141 690 151 708 ,
176 651 248 697 sed
267 667 356 696 suae
384 648 714 712 perturbatione
736 649 994 696 formidinis.

93 721 152 769 II.
183 721 391 767 Occurrit
415 729 559 765 autem
607 716 688 764 alia
720 720 919 782 quaestio‚
965 733 1096 783 quam
1133 734 1407 772 contemnere

29 809 118 839 non
143 790 366 837 ‘debemus
405 787 451 834 Si
468 788 584 834 enim
608 786 708 835 haec
734 789 898 835 utilitas
933 789 1187 851 negligenda
1213 810 1301 839 non
1326 801 1405 852 est,

0 874 76 910 =ut
99 861 235 925 aliqui
269 859 455 906 ministri
496 869 728 922 propterea
767 859 935 919 fugiant
974 860 1225 907 imminente
1263 863 1409 928 aliqua

0 948 2 995 ζ
33 933 251 987 vastitate,
283 941 332 976 ut
369 939 594 976 serventur
642 930 719 993 qui
754 931 999 975 ministrent
1044 931 1119 987 eis,
1162 950 1271 996 quos
1313 944 1415 997 post

0 1033 1 1038 =
31 1003 154 1052 illam
175 1001 344 1049 cladem
366 999 560 1047 residuos
602 1003 827 1064 potuerint
854 1003 1043 1048 invenire
1059 1038 1070 1056 ‚
1109 1000 1217 1066 quid
1236 1006 1311 1051 fiet
1333 1005 1412 1050 ubi

0 1093 2 1110 i
30 1082 177 1121 'omnes
213 1071 419 1120 videntur
446 1071 683 1138 interituri,
710 1072 792 1117 nisi
816 1071 951 1136 aliqui
986 1072 1188 1131 fugiant?
1232 1074 1354 1131 Quid
1377 1075 1412 1120 si

0 1168 1 1178 2
32 1145 146 1192 'enim
171 1142 383 1189 hactenus
405 1142 555 1187 saeviat
586 1141 661 1187 illa
687 1142 915 1205 pernicies,
955 1151 1002 1188 ut
1041 1143 1153 1189 solos
1199 1145 1415 1191 ministros

36 1214 241 1263 Ecclesiae
267 1216 583 1277 persequatur?
620 1213 742 1269 Quid
766 1212 977 1269 dicemus,
1002 1231 1056 1259 an
1073 1214 1327 1279 reliquenda
1350 1220 1414 1262 est

38 1305 60 1333 a
82 1284 290 1332 ministris
309 1283 578 1343 fugientibus
602 1282 814 1338 Ecclesia,
838 1300 892 1328 ne
924 1301 945 1329 a
966 1284 1250 1330 morientibus
1284 1286 1415 1331 mise-

0 1358 1 1362 ’
37 1355 217 1403 rabilius
237 1353 538 1417 relinquatur?
565 1351 649 1397 Sed
670 1352 705 1397 si
730 1352 833 1397 lai'ci
851 1369 937 1398 non
953 1364 1213 1416 quaeruntur
1232 1354 1286 1401 ad
1300 1372 1415 1400 mor-

39 1439 142 1482 tem,
165 1435 346 1489 possunt
369 1421 589 1470 occultare
610 1436 789 1486 quoquo
811 1422 941 1467 modo
963 1423 1191 1486 episcopos
1218 1436 1257 1471 et
1286 1424 1417 1471 cleri-

41 1515 114 1545 cos
134 1513 249 1550 suos,
265 1494 455 1542 sicutille
468 1494 698 1554 adjuverit,
720 1495 900 1554 incujus
913 1504 1124 1557 potestate
1137 1505 1236 1541 sunt
1255 1497 1417 1554 omnia,

43 1569 118 1632 qui
159 1572 300 1630 potest
323 1575 365 1611 et
387 1581 477 1610 non
502 1564 740 1624 fugientem
773 1581 854 1626 per
890 1563 1133 1609 mirabilem
1171 1583 1424 1612 conservare

45 1637 301 1703 potentiam.
323 1634 408 1681 Sed
427 1634 526 1681 ideo
541 1634 780 1698 quaerimus
795 1634 904 1698 quid
918 1650 995 1679 nos
1010 1634 1147 1681 facere
1164 1634 1397 1682 debeamus
1412 1673 1422 1692 ‚

47 1726 99 1755 ne
119 1709 163 1754 in
178 1708 382 1753 omnibus
395 1705 664 1769 expectando
690 1704 838 1751 'divina
864 1705 1070 1750 miracula
1092 1717 1254 1753 tentare
1278 1709 1429 1753 Domi-

49 1795 155 1824 num
184 1776 449 1837 judicemur.
498 1776 597 1820 Non
637 1774 816 1837 quidem
844 1772 936 1820 talis
974 1785 1035 1820 est
1070 1775 1149 1820 ista
1176 1785 1423 1841 tempestas,

50 1848 231 1912 quando
255 1846 467 1891 laicorum
485 1856 526 1890 et
551 1845 810 1890 clericorum
829 1855 891 1890 est
920 1861 1150 1891 commune
1166 1846 1429 1909 periculum,

0 2079 8 2422 ι

52 1919 163 1964 sicut
185 1918 231 1962 in
259 1916 361 1963 navi
383 1932 469 1961 una
507 1931 738 1960 commune
772 1913 1018 1977 periculum
1045 1926 1106 1960 est
1145 1927 1437 1963 mercatorum

57 1999 183 2052 atque
200 1997 448 2033 nautarum.
474 1985 635 2031 Verum
674 1981 787 2029 absit
813 1994 861 2030 ut
888 1985 992 2030 tanti
1012 1985 1244 2048 pendenda
1270 1988 1324 2033 sit
1339 1988 1438 2033 inec

56 2060 176 2105 ‘natis
195 2069 358 2113 nostra,
381 2068 430 2102 ut
449 2053 636 2102 debeant
657 2072 749 2101 eam
771 2066 932 2112 nautae,
955 2065 995 2101 et
1019 2057 1199 2103 maxime
1216 2058 1438 2118 guberna-

60 2139 142 2186 tor,
168 2129 485 2192 periclitantem
507 2127 716 2183 deserere,
738 2127 867 2172 etiam
903 2127 936 2172 si
982 2128 1025 2172 in
1044 2127 1256 2190 scapham
1278 2131 1438 2175 transi-

61 2201 206 2247 liendo
228 2201 296 2247 vel
320 2200 449 2245 etiam
473 2198 667 2244 natando
696 2199 867 2262 possint
898 2199 1096 2258 effugere.
1125 2200 1299 2256 Quibus
1327 2202 1444 2247 enim

65 2272 293 2319 metuimus
313 2287 366 2317 ne
386 2280 529 2316 nostra
552 2270 791 2315 desertione
816 2280 1011 2332 pereant,
1037 2286 1127 2314 non
1158 2268 1442 2334 temporalem

65 2354 269 2399 mostem3
296 2358 397 2405 quae
419 2340 687 2405 quandoque
709 2351 888 2387 ventura
907 2351 986 2395 est,
1007 2340 1078 2385 sed
1097 2350 1319 2399 aeternam,
1346 2359 1446 2406 quae

66 2424 227 2478 potest,
268 2413 410 2458 sinon
430 2423 663 2467 caveatur,
711 2413 874 2467 venire,
905 2422 944 2457 et
968 2421 1130 2474 potest,
1163 2412 1197 2457 si
1220 2424 1444 2470 caveatur,

70 2486 197 2531 etia'm
231 2497 320 2529 non
342 2485 505 2539 venire,
543 2485 791 2529 metuimus.
830 2484 880 2527 ln
899 2483 1123 2528 communi
1158 2494 1302 2529 autem
1335 2486 1451 2548 peri-

71 2556 168 2602 culo
187 2556 288 2602 vitae
306 2556 439 2614 hujus
457 2571 535 2600 cur
560 2555 854 2601 existimamus
871 2575 883 2609 ;
907 2554 1177 2618 ubicumque
1195 2553 1326 2602 fuerit
1345 2555 1451 2602 hos-

121 2635 266 2680 ¹1Reg.
288 2648 359 2676 xm,
384 2636 438 2677 125.
