<?xml version="1.0" encoding="UTF-8"?>
<!DOCTYPE html PUBLIC "-//W3C//DTD XHTML 1.0 Transitional//EN"
    "http://www.w3.org/TR/xhtml1/DTD/xhtml1-transitional.dtd">
<html xmlns="http://www.w3.org/1999/xhtml" xml:lang="en" lang="en">
 <head>
  <title>
</title>
<meta http-equiv="Content-Type" content="text/html;charset=utf-8" />
  <meta name='ocr-system' content='tesseract 3.04.00' />
  <meta name='ocr-capabilities' content='ocr_page ocr_carea ocr_par ocr_line ocrx_word'/>
</head>
<body>
  <div class='ocr_page' id='page_1' title='image "./operaomniaaccura41auguuoft/operaomniaaccura41auguuoft_0127.png"; bbox 0 0 1769 3235; ppageno 0'>
   <div class='ocr_carea' id='block_1_1' title="bbox 517 278 1420 322">
    <p class='ocr_par' dir='ltr' id='par_1_1' title="bbox 517 278 1420 322">
     <span class='ocr_line' id='line_1_1' title="bbox 517 278 1420 322; baseline 0.008 -6"><span class='ocrx_word' id='word_1_1' title='bbox 517 284 729 316; x_wconf 66' lang='lat' dir='ltr'>nrisrorA</span> <span class='ocrx_word' id='word_1_2' title='bbox 764 285 910 317; x_wconf 74' lang='lat' dir='ltr'>CXCIX.</span> <span class='ocrx_word' id='word_1_3' title='bbox 1335 292 1347 322; x_wconf 92' lang='lat'>1</span> <span class='ocrx_word' id='word_1_4' title='bbox 1369 278 1420 322; x_wconf 82' lang='lat'>15</span> 
     </span>
    </p>
   </div>
   <div class='ocr_carea' id='block_1_2' title="bbox 40 350 1426 1618">
    <p class='ocr_par' dir='ltr' id='par_1_2' title="bbox 40 350 1426 1618">
     <span class='ocr_line' id='line_1_2' title="bbox 47 350 1421 420; baseline 0.002 -20"><span class='ocrx_word' id='word_1_5' title='bbox 47 352 198 418; x_wconf 85' lang='lat' dir='ltr'>phetia</span> <span class='ocrx_word' id='word_1_6' title='bbox 225 352 300 401; x_wconf 89' lang='lat' dir='ltr'>illa</span> <span class='ocrx_word' id='word_1_7' title='bbox 335 369 424 399; x_wconf 92' lang='lat' dir='ltr'>non</span> <span class='ocrx_word' id='word_1_8' title='bbox 446 362 588 416; x_wconf 88' lang='lat' dir='ltr'>potest</span> <span class='ocrx_word' id='word_1_9' title='bbox 611 367 696 397; x_wconf 88' lang='lat' dir='ltr'>esse</span> <span class='ocrx_word' id='word_1_10' title='bbox 715 350 850 396; x_wconf 80' lang='lat' dir='ltr'>falsa:</span> <span class='ocrx_word' id='word_1_11' title='bbox 881 366 981 415; x_wconf 83' lang='lat' dir='ltr'>quae</span> <span class='ocrx_word' id='word_1_12' title='bbox 1013 352 1046 398; x_wconf 89' lang='lat' dir='ltr'>si</span> <span class='ocrx_word' id='word_1_13' title='bbox 1074 363 1267 419; x_wconf 77' lang='lat' dir='ltr'>[empore</span> <span class='ocrx_word' id='word_1_14' title='bbox 1290 358 1421 420; x_wconf 87' lang='lat' dir='ltr'>primi</span> 
     </span>
     <span class='ocr_line' id='line_1_3' title="bbox 48 423 1421 489; baseline 0.003 -17"><span class='ocrx_word' id='word_1_15' title='bbox 48 424 262 472; x_wconf 85' lang='lat' dir='ltr'>adventus</span> <span class='ocrx_word' id='word_1_16' title='bbox 284 424 465 489; x_wconf 86' lang='lat' dir='ltr'>impleta</span> <span class='ocrx_word' id='word_1_17' title='bbox 488 434 549 470; x_wconf 90' lang='lat' dir='ltr'>est</span> <span class='ocrx_word' id='word_1_18' title='bbox 569 460 580 480; x_wconf 89' lang='lat'>‚</span> <span class='ocrx_word' id='word_1_19' title='bbox 617 440 704 469; x_wconf 92' lang='lat' dir='ltr'>non</span> <span class='ocrx_word' id='word_1_20' title='bbox 727 425 844 483; x_wconf 81' lang='lat' dir='ltr'>cogit</span> <span class='ocrx_word' id='word_1_21' title='bbox 865 423 1048 484; x_wconf 79' lang='lat' dir='ltr'>intelligi</span> <span class='ocrx_word' id='word_1_22' title='bbox 1076 428 1192 488; x_wconf 86' lang='lat' dir='ltr'>quod</span> <span class='ocrx_word' id='word_1_23' title='bbox 1215 429 1343 475; x_wconf 85' lang='lat' dir='ltr'>etiam</span> <span class='ocrx_word' id='word_1_24' title='bbox 1367 430 1421 476; x_wconf 89' lang='lat' dir='ltr'>de</span> 
     </span>
     <span class='ocr_line' id='line_1_4' title="bbox 47 494 1421 558; baseline 0.004 -16"><span class='ocrx_word' id='word_1_25' title='bbox 47 496 132 542; x_wconf 88' lang='lat' dir='ltr'>fine</span> <span class='ocrx_word' id='word_1_26' title='bbox 150 495 299 542; x_wconf 87' lang='lat' dir='ltr'>saeculi</span> <span class='ocrx_word' id='word_1_27' title='bbox 315 494 588 558; x_wconf 83' lang='lat' dir='ltr'>implebitur.</span> <span class='ocrx_word' id='word_1_28' title='bbox 617 496 679 540; x_wconf 84' lang='lat' dir='ltr'>Ac</span> <span class='ocrx_word' id='word_1_29' title='bbox 698 510 777 556; x_wconf 88' lang='lat' dir='ltr'>per</span> <span class='ocrx_word' id='word_1_30' title='bbox 802 494 890 539; x_wconf 84' lang='lat' dir='ltr'>hoc</span> <span class='ocrx_word' id='word_1_31' title='bbox 914 494 1127 541; x_wconf 84' lang='lat' dir='ltr'>incertum</span> <span class='ocrx_word' id='word_1_32' title='bbox 1155 508 1232 553; x_wconf 84' lang='lat' dir='ltr'>est,</span> <span class='ocrx_word' id='word_1_33' title='bbox 1256 500 1421 547; x_wconf 79' lang='lat' dir='ltr'>etiamsi</span> 
     </span>
     <span class='ocr_line' id='line_1_5' title="bbox 47 563 1426 632; baseline 0.003 -19"><span class='ocrx_word' id='word_1_34' title='bbox 47 577 196 614; x_wconf 85' lang='lat' dir='ltr'>verum</span> <span class='ocrx_word' id='word_1_35' title='bbox 216 577 278 613; x_wconf 85' lang='lat' dir='ltr'>est</span> <span class='ocrx_word' id='word_1_36' title='bbox 296 586 308 621; x_wconf 89' lang='grc'>;</span> <span class='ocrx_word' id='word_1_37' title='bbox 341 582 480 629; x_wconf 89' lang='lat' dir='ltr'>neque</span> <span class='ocrx_word' id='word_1_38' title='bbox 498 563 745 625; x_wconf 85' lang='lat' dir='ltr'>negandum</span> <span class='ocrx_word' id='word_1_39' title='bbox 771 563 949 627; x_wconf 89' lang='lat' dir='ltr'>quidem</span> <span class='ocrx_word' id='word_1_40' title='bbox 969 601 980 620; x_wconf 79' lang='grc'><em>,</em></span> <span class='ocrx_word' id='word_1_41' title='bbox 1001 566 1070 611; x_wconf 87' lang='lat' dir='ltr'>sed</span> <span class='ocrx_word' id='word_1_42' title='bbox 1093 584 1230 631; x_wconf 79' lang='lat' dir='ltr'>neque</span> <span class='ocrx_word' id='word_1_43' title='bbox 1253 587 1426 632; x_wconf 75' lang='lat' dir='ltr'>praesu-</span> 
     </span>
     <span class='ocr_line' id='line_1_6' title="bbox 45 633 1422 702; baseline 0.003 -19"><span class='ocrx_word' id='word_1_44' title='bbox 45 637 250 684; x_wconf 85' lang='lat' dir='ltr'>mendum</span> <span class='ocrx_word' id='word_1_45' title='bbox 272 647 334 682; x_wconf 86' lang='lat' dir='ltr'>est</span> <span class='ocrx_word' id='word_1_46' title='bbox 355 636 402 683; x_wconf 89' lang='lat' dir='ltr'>id</span> <span class='ocrx_word' id='word_1_47' title='bbox 422 637 635 682; x_wconf 85' lang='lat' dir='ltr'>futurum.</span> <span class='ocrx_word' id='word_1_48' title='bbox 659 633 942 697; x_wconf 73' lang='lat' dir='ltr'>Relinquitur</span> <span class='ocrx_word' id='word_1_49' title='bbox 958 634 1106 698; x_wconf 83' lang='lat' dir='ltr'>itaque</span> <span class='ocrx_word' id='word_1_50' title='bbox 1123 674 1132 689; x_wconf 80' lang='grc'>,</span> <span class='ocrx_word' id='word_1_51' title='bbox 1159 649 1206 683; x_wconf 94' lang='lat' dir='ltr'>ut</span> <span class='ocrx_word' id='word_1_52' title='bbox 1231 640 1307 702; x_wconf 85' lang='lat' dir='ltr'>qui</span> <span class='ocrx_word' id='word_1_53' title='bbox 1327 642 1422 687; x_wconf 88' lang='lat' dir='ltr'>vult</span> 
     </span>
     <span class='ocr_line' id='line_1_7' title="bbox 47 704 1420 771; baseline 0.001 -16"><span class='ocrx_word' id='word_1_54' title='bbox 47 725 198 768; x_wconf 83' lang='lat' dir='ltr'>cogere</span> <span class='ocrx_word' id='word_1_55' title='bbox 215 708 341 755; x_wconf 85' lang='lat' dir='ltr'>istam</span> <span class='ocrx_word' id='word_1_56' title='bbox 362 706 644 771; x_wconf 82' lang='lat' dir='ltr'>prophetiam</span> <span class='ocrx_word' id='word_1_57' title='bbox 669 705 788 751; x_wconf 85' lang='lat' dir='ltr'>credi</span> <span class='ocrx_word' id='word_1_58' title='bbox 808 704 954 750; x_wconf 86' lang='lat' dir='ltr'>saeculi</span> <span class='ocrx_word' id='word_1_59' title='bbox 979 707 1064 751; x_wconf 84' lang='lat' dir='ltr'>fine</span> <span class='ocrx_word' id='word_1_60' title='bbox 1085 709 1390 771; x_wconf 79' lang='lat' dir='ltr'>complendam</span> <span class='ocrx_word' id='word_1_61' title='bbox 1408 748 1420 768; x_wconf 83' lang='lat'>‚</span> 
     </span>
     <span class='ocr_line' id='line_1_8' title="bbox 46 775 1423 843; baseline 0.001 -19"><span class='ocrx_word' id='word_1_62' title='bbox 46 778 280 825; x_wconf 80' lang='lat' dir='ltr'>contendat</span> <span class='ocrx_word' id='word_1_63' title='bbox 303 789 518 842; x_wconf 89' lang='lat' dir='ltr'>quantum</span> <span class='ocrx_word' id='word_1_64' title='bbox 540 787 708 841; x_wconf 89' lang='lat' dir='ltr'>potest,</span> <span class='ocrx_word' id='word_1_65' title='bbox 735 786 778 822; x_wconf 89' lang='lat' dir='ltr'>et</span> <span class='ocrx_word' id='word_1_66' title='bbox 804 775 1003 821; x_wconf 83' lang='lat' dir='ltr'>ostendat</span> <span class='ocrx_word' id='word_1_67' title='bbox 1023 777 1057 822; x_wconf 86' lang='lat' dir='ltr'>si</span> <span class='ocrx_word' id='word_1_68' title='bbox 1083 789 1250 840; x_wconf 74' lang='lat' dir='ltr'>potest,</span> <span class='ocrx_word' id='word_1_69' title='bbox 1278 782 1423 843; x_wconf 89' lang='lat' dir='ltr'>primo</span> 
     </span>
     <span class='ocr_line' id='line_1_9' title="bbox 47 846 1424 915; baseline 0.001 -20"><span class='ocrx_word' id='word_1_70' title='bbox 47 848 235 895; x_wconf 83' lang='lat' dir='ltr'>adventu</span> <span class='ocrx_word' id='word_1_71' title='bbox 262 849 440 896; x_wconf 86' lang='lat' dir='ltr'>Domini</span> <span class='ocrx_word' id='word_1_72' title='bbox 461 866 549 894; x_wconf 88' lang='lat' dir='ltr'>non</span> <span class='ocrx_word' id='word_1_73' title='bbox 572 847 701 893; x_wconf 80' lang='lat' dir='ltr'>fuisse</span> <span class='ocrx_word' id='word_1_74' title='bbox 724 846 989 910; x_wconf 81' lang='lat' dir='ltr'>completam</span> <span class='ocrx_word' id='word_1_75' title='bbox 1007 883 1018 903; x_wconf 74' lang='lat'><strong><em>‚</em></strong></span> <span class='ocrx_word' id='word_1_76' title='bbox 1042 859 1195 894; x_wconf 80' lang='lat' dir='ltr'>contra</span> <span class='ocrx_word' id='word_1_77' title='bbox 1215 861 1278 895; x_wconf 82' lang='lat' dir='ltr'>tot</span> <span class='ocrx_word' id='word_1_78' title='bbox 1296 868 1424 915; x_wconf 82' lang='lat' dir='ltr'>expo-</span> 
     </span>
     <span class='ocr_line' id='line_1_10' title="bbox 44 917 1423 983; baseline 0.001 -18"><span class='ocrx_word' id='word_1_79' title='bbox 44 919 193 966; x_wconf 88' lang='lat' dir='ltr'>sitores</span> <span class='ocrx_word' id='word_1_80' title='bbox 215 919 466 967; x_wconf 83' lang='lat' dir='ltr'>divinorum</span> <span class='ocrx_word' id='word_1_81' title='bbox 486 918 761 983; x_wconf 84' lang='lat' dir='ltr'>eloquiorum</span> <span class='ocrx_word' id='word_1_82' title='bbox 778 955 788 973; x_wconf 87' lang='lat'>‚</span> <span class='ocrx_word' id='word_1_83' title='bbox 808 917 884 981; x_wconf 88' lang='lat' dir='ltr'>qui</span> <span class='ocrx_word' id='word_1_84' title='bbox 903 917 1018 964; x_wconf 83' lang='lat' dir='ltr'>hanc</span> <span class='ocrx_word' id='word_1_85' title='bbox 1036 936 1124 965; x_wconf 88' lang='lat' dir='ltr'>non</span> <span class='ocrx_word' id='word_1_86' title='bbox 1145 920 1284 966; x_wconf 89' lang='lat' dir='ltr'>solum</span> <span class='ocrx_word' id='word_1_87' title='bbox 1303 939 1423 967; x_wconf 88' lang='lat' dir='ltr'>com-</span> 
     </span>
     <span class='ocr_line' id='line_1_11' title="bbox 43 989 1421 1056; baseline 0.001 -19"><span class='ocrx_word' id='word_1_88' title='bbox 43 991 268 1054; x_wconf 83' lang='lat' dir='ltr'>putatione</span> <span class='ocrx_word' id='word_1_89' title='bbox 291 1002 539 1055; x_wconf 87' lang='lat' dir='ltr'>temporum</span> <span class='ocrx_word' id='word_1_90' title='bbox 553 1028 564 1049; x_wconf 86' lang='lat'><strong><em>‚</em></strong></span> <span class='ocrx_word' id='word_1_91' title='bbox 582 989 870 1038; x_wconf 84' lang='lat' dir='ltr'>verumetiam</span> <span class='ocrx_word' id='word_1_92' title='bbox 886 989 1015 1035; x_wconf 84' lang='lat' dir='ltr'>rebus</span> <span class='ocrx_word' id='word_1_93' title='bbox 1033 990 1137 1054; x_wconf 84' lang='lat' dir='ltr'>ipsis</span> <span class='ocrx_word' id='word_1_94' title='bbox 1158 993 1421 1056; x_wconf 85' lang='lat' dir='ltr'>completam</span> 
     </span>
     <span class='ocr_line' id='line_1_12' title="bbox 40 1060 1420 1126; baseline 0.001 -18"><span class='ocrx_word' id='word_1_95' title='bbox 40 1060 169 1108; x_wconf 88' lang='lat' dir='ltr'>fuisse</span> <span class='ocrx_word' id='word_1_96' title='bbox 202 1062 503 1109; x_wconf 80' lang='lat' dir='ltr'>demonstrant</span> <span class='ocrx_word' id='word_1_97' title='bbox 528 1099 539 1117; x_wconf 88' lang='lat'><strong>‚</strong></span> <span class='ocrx_word' id='word_1_98' title='bbox 581 1061 765 1108; x_wconf 82' lang='lat' dir='ltr'>maxime</span> <span class='ocrx_word' id='word_1_99' title='bbox 803 1060 924 1124; x_wconf 85' lang='lat' dir='ltr'>quod</span> <span class='ocrx_word' id='word_1_100' title='bbox 964 1061 1028 1106; x_wconf 81' lang='lat' dir='ltr'>ibi</span> <span class='ocrx_word' id='word_1_101' title='bbox 1067 1063 1278 1126; x_wconf 86' lang='lat' dir='ltr'>scriptum</span> <span class='ocrx_word' id='word_1_102' title='bbox 1324 1076 1386 1110; x_wconf 86' lang='lat' dir='ltr'>est</span> <span class='ocrx_word' id='word_1_103' title='bbox 1408 1102 1420 1122; x_wconf 83' lang='lat'>‚</span> 
     </span>
     <span class='ocr_line' id='line_1_13' title="bbox 43 1131 1422 1198; baseline 0.005 -23"><span class='ocrx_word' id='word_1_104' title='bbox 43 1153 64 1175; x_wconf 91' lang='lat'>«</span> <span class='ocrx_word' id='word_1_105' title='bbox 87 1134 143 1179; x_wconf 84' lang='lat' dir='ltr'>Et</span> <span class='ocrx_word' id='word_1_106' title='bbox 163 1144 347 1194; x_wconf 83' lang='lat' dir='ltr'>ungetur</span> <span class='ocrx_word' id='word_1_107' title='bbox 370 1134 556 1178; x_wconf 85' lang='lat' dir='ltr'>Sanctus</span> <span class='ocrx_word' id='word_1_108' title='bbox 581 1133 874 1178; x_wconf 83' lang='lat' dir='ltr'>Sanctorum:</span> <span class='ocrx_word' id='word_1_109' title='bbox 902 1153 923 1173; x_wconf 87' lang='grc'><em>»</em></span> <span class='ocrx_word' id='word_1_110' title='bbox 945 1131 1012 1178; x_wconf 86' lang='lat' dir='ltr'>vel</span> <span class='ocrx_word' id='word_1_111' title='bbox 1030 1144 1213 1197; x_wconf 87' lang='lat' dir='ltr'>propter</span> <span class='ocrx_word' id='word_1_112' title='bbox 1235 1135 1357 1198; x_wconf 89' lang='lat' dir='ltr'>quod</span> <span class='ocrx_word' id='word_1_113' title='bbox 1376 1136 1422 1182; x_wconf 92' lang='lat' dir='ltr'>in</span> 
     </span>
     <span class='ocr_line' id='line_1_14' title="bbox 44 1201 1414 1267; baseline 0.002 -18"><span class='ocrx_word' id='word_1_114' title='bbox 44 1203 194 1250; x_wconf 88' lang='lat' dir='ltr'>eadem</span> <span class='ocrx_word' id='word_1_115' title='bbox 230 1203 463 1267; x_wconf 83' lang='lat' dir='ltr'>prophetia</span> <span class='ocrx_word' id='word_1_116' title='bbox 501 1202 680 1248; x_wconf 75' lang='lat' dir='ltr'>Hebraei</span> <span class='ocrx_word' id='word_1_117' title='bbox 728 1201 900 1247; x_wconf 84' lang='lat' dir='ltr'>codices</span> <span class='ocrx_word' id='word_1_118' title='bbox 936 1204 1171 1265; x_wconf 79' lang='lat' dir='ltr'>expressius</span> <span class='ocrx_word' id='word_1_119' title='bbox 1212 1206 1381 1252; x_wconf 78' lang='lat' dir='ltr'>habent</span> <span class='ocrx_word' id='word_1_120' title='bbox 1402 1244 1414 1265; x_wconf 86' lang='lat'><strong>,</strong></span> 
     </span>
     <span class='ocr_line' id='line_1_15' title="bbox 43 1271 1418 1331; baseline 0.005 -15"><span class='ocrx_word' id='word_1_121' title='bbox 43 1294 65 1316; x_wconf 85' lang='lat'>«</span> <span class='ocrx_word' id='word_1_122' title='bbox 88 1273 330 1320; x_wconf 85' lang='lat' dir='ltr'>Occidetur</span> <span class='ocrx_word' id='word_1_123' title='bbox 349 1273 570 1328; x_wconf 85' lang='lat' dir='ltr'>Christus,</span> <span class='ocrx_word' id='word_1_124' title='bbox 596 1283 638 1318; x_wconf 90' lang='lat' dir='ltr'>et</span> <span class='ocrx_word' id='word_1_125' title='bbox 661 1289 750 1318; x_wconf 89' lang='lat' dir='ltr'>non</span> <span class='ocrx_word' id='word_1_126' title='bbox 773 1272 854 1318; x_wconf 87' lang='lat' dir='ltr'>erit</span> <span class='ocrx_word' id='word_1_127' title='bbox 873 1275 964 1331; x_wconf 81' lang='lat' dir='ltr'>ejus</span> <span class='ocrx_word' id='word_1_128' title='bbox 979 1271 1015 1329; x_wconf 69' lang='lat'>1,</span> <span class='ocrx_word' id='word_1_129' title='bbox 1032 1295 1052 1315; x_wconf 75' lang='lat'>&gt;2</span> <span class='ocrx_word' id='word_1_130' title='bbox 1065 1274 1113 1319; x_wconf 89' lang='lat' dir='ltr'>id</span> <span class='ocrx_word' id='word_1_131' title='bbox 1126 1286 1205 1331; x_wconf 79' lang='lat' dir='ltr'>est,</span> <span class='ocrx_word' id='word_1_132' title='bbox 1230 1294 1317 1322; x_wconf 87' lang='lat' dir='ltr'>non</span> <span class='ocrx_word' id='word_1_133' title='bbox 1337 1279 1418 1323; x_wconf 82' lang='lat' dir='ltr'>erit</span> 
     </span>
     <span class='ocr_line' id='line_1_16' title="bbox 42 1343 1422 1412; baseline 0.002 -21"><span class='ocrx_word' id='word_1_134' title='bbox 42 1348 130 1405; x_wconf 81' lang='lat' dir='ltr'>ejus</span> <span class='ocrx_word' id='word_1_135' title='bbox 164 1345 379 1399; x_wconf 80' lang='lat' dir='ltr'>civitati53</span> <span class='ocrx_word' id='word_1_136' title='bbox 416 1344 626 1408; x_wconf 83' lang='lat' dir='ltr'>quoniam</span> <span class='ocrx_word' id='word_1_137' title='bbox 661 1343 724 1389; x_wconf 84' lang='lat' dir='ltr'>sic</span> <span class='ocrx_word' id='word_1_138' title='bbox 755 1343 962 1388; x_wconf 78' lang='lat' dir='ltr'>alienatus</span> <span class='ocrx_word' id='word_1_139' title='bbox 991 1355 1054 1389; x_wconf 89' lang='lat' dir='ltr'>est</span> <span class='ocrx_word' id='word_1_140' title='bbox 1087 1362 1109 1389; x_wconf 83' lang='lat' dir='ltr'>a</span> <span class='ocrx_word' id='word_1_141' title='bbox 1128 1346 1320 1403; x_wconf 75' lang='lat' dir='ltr'>Judaeis,</span> <span class='ocrx_word' id='word_1_142' title='bbox 1345 1349 1422 1412; x_wconf 84' lang='lat' dir='ltr'>qui</span> 
     </span>
     <span class='ocr_line' id='line_1_17' title="bbox 42 1414 1419 1480; baseline 0.003 -18"><span class='ocrx_word' id='word_1_143' title='bbox 42 1426 138 1463; x_wconf 82' lang='lat' dir='ltr'>eu&#39;m</span> <span class='ocrx_word' id='word_1_144' title='bbox 171 1427 402 1480; x_wconf 87' lang='lat' dir='ltr'>propterea</span> <span class='ocrx_word' id='word_1_145' title='bbox 436 1415 705 1462; x_wconf 78' lang='lat' dir='ltr'>Salvatorem</span> <span class='ocrx_word' id='word_1_146' title='bbox 739 1414 1147 1479; x_wconf 81' lang='lat' dir='ltr'>redemptoremque</span> <span class='ocrx_word' id='word_1_147' title='bbox 1174 1434 1301 1464; x_wconf 87' lang='lat' dir='ltr'>suum</span> <span class='ocrx_word' id='word_1_148' title='bbox 1329 1437 1419 1466; x_wconf 86' lang='lat' dir='ltr'>non</span> 
     </span>
     <span class='ocr_line' id='line_1_18' title="bbox 42 1485 1418 1553; baseline 0.002 -19"><span class='ocrx_word' id='word_1_149' title='bbox 42 1504 129 1534; x_wconf 86' lang='lat' dir='ltr'>esse</span> <span class='ocrx_word' id='word_1_150' title='bbox 149 1487 450 1544; x_wconf 82' lang='lat' dir='ltr'>crediderunt,</span> <span class='ocrx_word' id='word_1_151' title='bbox 479 1486 581 1551; x_wconf 84' lang='lat' dir='ltr'>quia</span> <span class='ocrx_word' id='word_1_152' title='bbox 615 1485 815 1531; x_wconf 84' lang='lat' dir='ltr'>occidere</span> <span class='ocrx_word' id='word_1_153' title='bbox 848 1496 1099 1548; x_wconf 82' lang='lat' dir='ltr'>potuerunt.</span> <span class='ocrx_word' id='word_1_154' title='bbox 1133 1489 1282 1553; x_wconf 54' lang='lat' dir='ltr'>Neque</span> <span class='ocrx_word' id='word_1_155' title='bbox 1302 1492 1418 1537; x_wconf 89' lang='lat' dir='ltr'>enim</span> 
     </span>
     <span class='ocr_line' id='line_1_19' title="bbox 40 1555 1420 1618; baseline 0.003 -13"><span class='ocrx_word' id='word_1_156' title='bbox 40 1558 86 1604; x_wconf 88' lang='lat' dir='ltr'>in</span> <span class='ocrx_word' id='word_1_157' title='bbox 106 1559 191 1605; x_wconf 86' lang='lat' dir='ltr'>fine</span> <span class='ocrx_word' id='word_1_158' title='bbox 215 1557 364 1604; x_wconf 81' lang='lat' dir='ltr'>saeculi</span> <span class='ocrx_word' id='word_1_159' title='bbox 390 1556 617 1617; x_wconf 83' lang='lat' dir='ltr'>ungendus</span> <span class='ocrx_word' id='word_1_160' title='bbox 641 1566 715 1601; x_wconf 80' lang='lat' dir='ltr'>aut</span> <span class='ocrx_word' id='word_1_161' title='bbox 739 1555 1007 1602; x_wconf 85' lang='lat' dir='ltr'>occidendus</span> <span class='ocrx_word' id='word_1_162' title='bbox 1031 1569 1092 1603; x_wconf 86' lang='lat' dir='ltr'>est</span> <span class='ocrx_word' id='word_1_163' title='bbox 1119 1559 1321 1607; x_wconf 80' lang='lat' dir='ltr'>Christus</span> <span class='ocrx_word' id='word_1_164' title='bbox 1336 1600 1346 1618; x_wconf 85' lang='grc'>,</span> <span class='ocrx_word' id='word_1_165' title='bbox 1372 1574 1420 1609; x_wconf 88' lang='lat' dir='ltr'>ut</span> 
     </span>
    </p>
   </div>
   <div class='ocr_carea' id='block_1_3' title="bbox 0 1619 1418 2627">
    <p class='ocr_par' dir='ltr' id='par_1_3' title="bbox 0 1619 1418 1762">
     <span class='ocr_line' id='line_1_20' title="bbox 0 1619 1418 1698; baseline 0.003 -22"><span class='ocrx_word' id='word_1_166' title='bbox 0 1619 1 1636; x_wconf 57' lang='lat'>³</span> <span class='ocrx_word' id='word_1_167' title='bbox 41 1632 121 1677; x_wconf 81' lang='lat' dir='ltr'>ista</span> <span class='ocrx_word' id='word_1_168' title='bbox 154 1628 389 1693; x_wconf 81' lang='lat' dir='ltr'>prophetia</span> <span class='ocrx_word' id='word_1_169' title='bbox 419 1627 610 1673; x_wconf 79' lang='lat' dir='ltr'>Danielis</span> <span class='ocrx_word' id='word_1_170' title='bbox 643 1637 748 1673; x_wconf 82' lang='lat' dir='ltr'>tunc</span> <span class='ocrx_word' id='word_1_171' title='bbox 772 1629 1265 1693; x_wconf 81' lang='lat' dir='ltr'>expecteturimplenda</span> <span class='ocrx_word' id='word_1_172' title='bbox 1283 1670 1295 1690; x_wconf 81' lang='grc'>,</span> <span class='ocrx_word' id='word_1_173' title='bbox 1317 1650 1418 1698; x_wconf 83' lang='lat' dir='ltr'>quae</span> 
     </span>
     <span class='ocr_line' id='line_1_21' title="bbox 41 1698 679 1762; baseline -0.005 -15"><span class='ocrx_word' id='word_1_174' title='bbox 41 1700 237 1747; x_wconf 85' lang='lat' dir='ltr'>nondum</span> <span class='ocrx_word' id='word_1_175' title='bbox 262 1699 462 1746; x_wconf 82' lang='lat' dir='ltr'>credatur</span> <span class='ocrx_word' id='word_1_176' title='bbox 484 1698 679 1762; x_wconf 84' lang='lat' dir='ltr'>impleta.</span> 
     </span>
    </p>

    <p class='ocr_par' dir='ltr' id='par_1_4' title="bbox 0 1769 1417 2627">
     <span class='ocr_line' id='line_1_22' title="bbox 0 1769 1414 1852; baseline 0.003 -34"><span class='ocrx_word' id='word_1_177' title='bbox 0 1781 4 1852; x_wconf 72' lang='grc' dir='ltr'>Ι</span> <span class='ocrx_word' id='word_1_178' title='bbox 103 1773 248 1819; x_wconf 85' lang='lat' dir='ltr'><strong>XXII.</strong></span> <span class='ocrx_word' id='word_1_179' title='bbox 280 1770 414 1828; x_wconf 84' lang='lat' dir='ltr'>Quod</span> <span class='ocrx_word' id='word_1_180' title='bbox 435 1782 577 1816; x_wconf 80' lang='lat' dir='ltr'>autem</span> <span class='ocrx_word' id='word_1_181' title='bbox 609 1770 665 1816; x_wconf 79' lang='lat' dir='ltr'>de</span> <span class='ocrx_word' id='word_1_182' title='bbox 691 1769 823 1829; x_wconf 80' lang='lat' dir='ltr'>signis</span> <span class='ocrx_word' id='word_1_183' title='bbox 841 1770 1097 1830; x_wconf 79' lang='lat' dir='ltr'>evangelicis</span> <span class='ocrx_word' id='word_1_184' title='bbox 1120 1784 1161 1818; x_wconf 82' lang='lat' dir='ltr'>et</span> <span class='ocrx_word' id='word_1_185' title='bbox 1178 1775 1414 1839; x_wconf 83' lang='lat' dir='ltr'>propheti-</span> 
     </span>
     <span class='ocr_line' id='line_1_23' title="bbox 0 1840 1416 1916; baseline 0.004 -28"><span class='ocrx_word' id='word_1_186' title='bbox 0 1857 5 1916; x_wconf 61' lang='lat'>1</span> <span class='ocrx_word' id='word_1_187' title='bbox 41 1841 100 1888; x_wconf 88' lang='lat' dir='ltr'>cis</span> <span class='ocrx_word' id='word_1_188' title='bbox 117 1879 128 1898; x_wconf 84' lang='grc'>,</span> <span class='ocrx_word' id='word_1_189' title='bbox 156 1859 256 1906; x_wconf 85' lang='lat' dir='ltr'>quae</span> <span class='ocrx_word' id='word_1_190' title='bbox 280 1841 372 1887; x_wconf 90' lang='lat' dir='ltr'>fieri</span> <span class='ocrx_word' id='word_1_191' title='bbox 391 1841 632 1896; x_wconf 83' lang='lat' dir='ltr'>cernimus,</span> <span class='ocrx_word' id='word_1_192' title='bbox 658 1840 962 1904; x_wconf 86' lang='lat' dir='ltr'>propinquum</span> <span class='ocrx_word' id='word_1_193' title='bbox 983 1843 1162 1890; x_wconf 86' lang='lat' dir='ltr'>Domini</span> <span class='ocrx_word' id='word_1_194' title='bbox 1179 1846 1416 1894; x_wconf 80' lang='lat' dir='ltr'>adventum</span> 
     </span>
     <span class='ocr_line' id='line_1_24' title="bbox 1 1912 1414 1980; baseline 0.004 -21"><span class='ocrx_word' id='word_1_195' title='bbox 1 1922 6 1974; x_wconf 66' lang='grc' dir='ltr'><strong>ξ</strong></span> <span class='ocrx_word' id='word_1_196' title='bbox 40 1929 209 1976; x_wconf 82' lang='lat' dir='ltr'>sperare</span> <span class='ocrx_word' id='word_1_197' title='bbox 240 1913 504 1967; x_wconf 78' lang='lat' dir='ltr'>debeamus,</span> <span class='ocrx_word' id='word_1_198' title='bbox 541 1912 636 1975; x_wconf 85' lang='lat' dir='ltr'>quis</span> <span class='ocrx_word' id='word_1_199' title='bbox 660 1914 823 1971; x_wconf 68' lang='lat' dir='ltr'>negat?</span> <span class='ocrx_word' id='word_1_200' title='bbox 859 1913 1070 1969; x_wconf 81' lang='lat' dir='ltr'>Quotidie</span> <span class='ocrx_word' id='word_1_201' title='bbox 1091 1916 1260 1980; x_wconf 88' lang='lat' dir='ltr'>quippe</span> <span class='ocrx_word' id='word_1_202' title='bbox 1280 1920 1414 1979; x_wconf 82' lang='lat' dir='ltr'>magis</span> 
     </span>
     <span class='ocr_line' id='line_1_25' title="bbox 1 1980 1413 2054; baseline 0.004 -23"><span class='ocrx_word' id='word_1_203' title='bbox 1 1980 6 2041; x_wconf 63' lang='grc' dir='ltr'><em>Ξ</em></span> <span class='ocrx_word' id='word_1_204' title='bbox 39 1985 259 2049; x_wconf 80' lang='lat' dir='ltr'>magisque</span> <span class='ocrx_word' id='word_1_205' title='bbox 278 1985 329 2029; x_wconf 88' lang='lat' dir='ltr'>fit</span> <span class='ocrx_word' id='word_1_206' title='bbox 345 1983 580 2047; x_wconf 81' lang='lat' dir='ltr'>proximus.</span> <span class='ocrx_word' id='word_1_207' title='bbox 601 1983 687 2030; x_wconf 82' lang='lat' dir='ltr'>Sed</span> <span class='ocrx_word' id='word_1_208' title='bbox 705 1993 870 2046; x_wconf 78' lang='lat' dir='ltr'>quanto</span> <span class='ocrx_word' id='word_1_209' title='bbox 883 1983 1110 2031; x_wconf 83' lang='lat' dir='ltr'>intervallo</span> <span class='ocrx_word' id='word_1_210' title='bbox 1128 1990 1413 2054; x_wconf 81' lang='lat' dir='ltr'>propinquet,</span> 
     </span>
     <span class='ocr_line' id='line_1_26' title="bbox 3 2046 1414 2123; baseline 0.008 -25"><span class='ocrx_word' id='word_1_211' title='bbox 3 2046 7 2084; x_wconf 67' lang='lat' dir='ltr'>i</span> <span class='ocrx_word' id='word_1_212' title='bbox 40 2077 61 2098; x_wconf 67' lang='lat' dir='ltr'><em>a</em></span> <span class='ocrx_word' id='word_1_213' title='bbox 79 2055 176 2102; x_wconf 89' lang='lat' dir='ltr'>Hoc</span> <span class='ocrx_word' id='word_1_214' title='bbox 190 2092 202 2111; x_wconf 87' lang='lat'>,</span> <span class='ocrx_word' id='word_1_215' title='bbox 222 2055 392 2101; x_wconf 80' lang='lat' dir='ltr'>dictum</span> <span class='ocrx_word' id='word_1_216' title='bbox 415 2064 504 2110; x_wconf 83' lang='lat' dir='ltr'>est,</span> <span class='ocrx_word' id='word_1_217' title='bbox 529 2071 617 2100; x_wconf 82' lang='lat' dir='ltr'>non</span> <span class='ocrx_word' id='word_1_218' title='bbox 634 2064 696 2100; x_wconf 84' lang='lat' dir='ltr'>est</span> <span class='ocrx_word' id='word_1_219' title='bbox 708 2064 899 2101; x_wconf 85' lang='lat' dir='ltr'>vestrum</span> <span class='ocrx_word' id='word_1_220' title='bbox 927 2055 1049 2102; x_wconf 87' lang='lat' dir='ltr'>scire.</span> <span class='ocrx_word' id='word_1_221' title='bbox 1069 2077 1090 2099; x_wconf 74' lang='lat'>&gt;2</span> <span class='ocrx_word' id='word_1_222' title='bbox 1110 2057 1219 2104; x_wconf 81' lang='lat' dir='ltr'>Vide</span> <span class='ocrx_word' id='word_1_223' title='bbox 1234 2063 1414 2123; x_wconf 73' lang='lat' dir='ltr'>quando</span> 
     </span>
     <span class='ocr_line' id='line_1_27' title="bbox 40 2126 1412 2191; baseline 0.004 -16"><span class='ocrx_word' id='word_1_224' title='bbox 40 2128 144 2175; x_wconf 77' lang='lat' dir='ltr'>dixit</span> <span class='ocrx_word' id='word_1_225' title='bbox 175 2126 411 2191; x_wconf 79' lang='lat' dir='ltr'>Apostolus</span> <span class='ocrx_word' id='word_1_226' title='bbox 432 2163 443 2182; x_wconf 85' lang='lat'>‚</span> <span class='ocrx_word' id='word_1_227' title='bbox 479 2147 498 2167; x_wconf 78' lang='grc' dir='ltr'>α</span> <span class='ocrx_word' id='word_1_228' title='bbox 533 2127 662 2172; x_wconf 84' lang='lat' dir='ltr'>Nunc</span> <span class='ocrx_word' id='word_1_229' title='bbox 690 2127 807 2172; x_wconf 87' lang='lat' dir='ltr'>enim</span> <span class='ocrx_word' id='word_1_230' title='bbox 841 2128 1024 2190; x_wconf 85' lang='lat' dir='ltr'>propior</span> <span class='ocrx_word' id='word_1_231' title='bbox 1056 2140 1118 2174; x_wconf 81' lang='lat' dir='ltr'>est</span> <span class='ocrx_word' id='word_1_232' title='bbox 1137 2143 1281 2178; x_wconf 79' lang='lat' dir='ltr'>nostra</span> <span class='ocrx_word' id='word_1_233' title='bbox 1298 2135 1412 2182; x_wconf 83' lang='lat' dir='ltr'>salus</span> 
     </span>
     <span class='ocr_line' id='line_1_28' title="bbox 41 2197 1412 2270; baseline 0.004 -25"><span class='ocrx_word' id='word_1_234' title='bbox 41 2221 62 2242; x_wconf 75' lang='lat' dir='ltr'>n</span> <span class='ocrx_word' id='word_1_235' title='bbox 80 2211 213 2263; x_wconf 81' lang='lat' dir='ltr'>quam</span> <span class='ocrx_word' id='word_1_236' title='bbox 237 2210 338 2245; x_wconf 85' lang='lat' dir='ltr'>cum</span> <span class='ocrx_word' id='word_1_237' title='bbox 361 2197 640 2244; x_wconf 82' lang='lat' dir='ltr'>credidimus.</span> <span class='ocrx_word' id='word_1_238' title='bbox 681 2199 772 2244; x_wconf 78' lang='lat' dir='ltr'>Nox</span> <span class='ocrx_word' id='word_1_239' title='bbox 788 2198 1034 2261; x_wconf 77' lang='lat' dir='ltr'>praecessit,</span> <span class='ocrx_word' id='word_1_240' title='bbox 1063 2200 1153 2247; x_wconf 89' lang='lat' dir='ltr'>dies</span> <span class='ocrx_word' id='word_1_241' title='bbox 1172 2214 1314 2250; x_wconf 81' lang='lat' dir='ltr'>autem</span> <span class='ocrx_word' id='word_1_242' title='bbox 1334 2224 1412 2270; x_wconf 78' lang='lat' dir='ltr'>ap-</span> 
     </span>
     <span class='ocr_line' id='line_1_29' title="bbox 40 2269 1412 2335; baseline 0.006 -19"><span class='ocrx_word' id='word_1_243' title='bbox 40 2293 65 2315; x_wconf 86' lang='lat'>»</span> <span class='ocrx_word' id='word_1_244' title='bbox 80 2270 444 2335; x_wconf 78' lang='lat' dir='ltr'>propinquavit2.</span> <span class='ocrx_word' id='word_1_245' title='bbox 480 2292 499 2310; x_wconf 72' lang='lat' dir='ltr'>n</span> <span class='ocrx_word' id='word_1_246' title='bbox 534 2269 587 2315; x_wconf 88' lang='lat' dir='ltr'>Et</span> <span class='ocrx_word' id='word_1_247' title='bbox 617 2286 717 2315; x_wconf 87' lang='lat' dir='ltr'>ecce</span> <span class='ocrx_word' id='word_1_248' title='bbox 742 2281 854 2334; x_wconf 88' lang='lat' dir='ltr'>quot</span> <span class='ocrx_word' id='word_1_249' title='bbox 884 2271 987 2316; x_wconf 83' lang='lat' dir='ltr'>anni</span> <span class='ocrx_word' id='word_1_250' title='bbox 1010 2274 1298 2332; x_wconf 83' lang='lat' dir='ltr'>transierunt3</span> <span class='ocrx_word' id='word_1_251' title='bbox 1332 2296 1412 2327; x_wconf 84' lang='lat' dir='ltr'>nee</span> 
     </span>
     <span class='ocr_line' id='line_1_30' title="bbox 39 2339 1414 2404; baseline 0.006 -16"><span class='ocrx_word' id='word_1_252' title='bbox 39 2352 182 2388; x_wconf 81' lang='lat' dir='ltr'>tamen</span> <span class='ocrx_word' id='word_1_253' title='bbox 209 2340 318 2404; x_wconf 80' lang='lat' dir='ltr'>quid</span> <span class='ocrx_word' id='word_1_254' title='bbox 339 2339 446 2385; x_wconf 78' lang='lat' dir='ltr'>dixit</span> <span class='ocrx_word' id='word_1_255' title='bbox 469 2339 626 2385; x_wconf 81' lang='lat' dir='ltr'>falsum</span> <span class='ocrx_word' id='word_1_256' title='bbox 649 2351 726 2387; x_wconf 77' lang='lat' dir='ltr'>est.</span> <span class='ocrx_word' id='word_1_257' title='bbox 760 2341 938 2397; x_wconf 81' lang='lat' dir='ltr'>Quanto</span> <span class='ocrx_word' id='word_1_258' title='bbox 965 2344 1099 2403; x_wconf 82' lang='lat' dir='ltr'>magis</span> <span class='ocrx_word' id='word_1_259' title='bbox 1122 2362 1242 2392; x_wconf 84' lang='lat' dir='ltr'>nunc</span> <span class='ocrx_word' id='word_1_260' title='bbox 1258 2348 1414 2396; x_wconf 87' lang='lat' dir='ltr'>dicen-</span> 
     </span>
     <span class='ocr_line' id='line_1_31' title="bbox 8 2410 1414 2480; baseline 0.007 -21"><span class='ocrx_word' id='word_1_261' title='bbox 8 2410 12 2464; x_wconf 83' lang='lat'>&#39;.</span> <span class='ocrx_word' id='word_1_262' title='bbox 40 2412 144 2461; x_wconf 84' lang='lat' dir='ltr'>dum</span> <span class='ocrx_word' id='word_1_263' title='bbox 163 2423 225 2459; x_wconf 87' lang='lat' dir='ltr'>est</span> <span class='ocrx_word' id='word_1_264' title='bbox 244 2412 541 2476; x_wconf 86' lang='lat' dir='ltr'>propinquare</span> <span class='ocrx_word' id='word_1_265' title='bbox 571 2413 750 2458; x_wconf 90' lang='lat' dir='ltr'>Domini</span> <span class='ocrx_word' id='word_1_266' title='bbox 767 2412 1004 2459; x_wconf 85' lang='lat' dir='ltr'>adventum</span> <span class='ocrx_word' id='word_1_267' title='bbox 1027 2451 1037 2471; x_wconf 83' lang='grc'>,</span> <span class='ocrx_word' id='word_1_268' title='bbox 1064 2418 1242 2480; x_wconf 82' lang='lat' dir='ltr'>quando</span> <span class='ocrx_word' id='word_1_269' title='bbox 1270 2431 1414 2470; x_wconf 83' lang='lat' dir='ltr'>tantus</span> 
     </span>
     <span class='ocr_line' id='line_1_32' title="bbox 8 2475 1410 2554; baseline 0.008 -24"><span class='ocrx_word' id='word_1_270' title='bbox 8 2475 13 2547; x_wconf 64' lang='lat' dir='ltr'>l</span> <span class='ocrx_word' id='word_1_271' title='bbox 39 2494 100 2530; x_wconf 87' lang='lat' dir='ltr'>est</span> <span class='ocrx_word' id='word_1_272' title='bbox 118 2484 171 2529; x_wconf 81' lang='lat' dir='ltr'>ad</span> <span class='ocrx_word' id='word_1_273' title='bbox 189 2485 322 2530; x_wconf 89' lang='lat' dir='ltr'>finem</span> <span class='ocrx_word' id='word_1_274' title='bbox 338 2482 477 2529; x_wconf 82' lang='lat' dir='ltr'>factus</span> <span class='ocrx_word' id='word_1_275' title='bbox 495 2486 721 2530; x_wconf 69' lang='lat' dir='ltr'>accessus?</span> <span class='ocrx_word' id='word_1_276' title='bbox 744 2484 976 2547; x_wconf 87' lang='lat' dir='ltr'>Apostolus</span> <span class='ocrx_word' id='word_1_277' title='bbox 993 2497 1107 2532; x_wconf 85' lang='lat' dir='ltr'>certe</span> <span class='ocrx_word' id='word_1_278' title='bbox 1125 2525 1135 2544; x_wconf 81' lang='lat'>‚</span> <span class='ocrx_word' id='word_1_279' title='bbox 1159 2511 1179 2531; x_wconf 83' lang='lat'>«</span> <span class='ocrx_word' id='word_1_280' title='bbox 1203 2490 1410 2554; x_wconf 80' lang='lat' dir='ltr'>SpirituS‚</span> 
     </span>
     <span class='ocr_line' id='line_1_33' title="bbox 9 2554 1417 2627; baseline 0.009 -26"><span class='ocrx_word' id='word_1_281' title='bbox 9 2554 14 2624; x_wconf 59' lang='lat' dir='ltr'><strong>j</strong></span> <span class='ocrx_word' id='word_1_282' title='bbox 42 2577 69 2601; x_wconf 66' lang='lat' dir='ltr'>a</span> <span class='ocrx_word' id='word_1_283' title='bbox 82 2555 226 2619; x_wconf 81' lang='lat' dir='ltr'>inquit</span> <span class='ocrx_word' id='word_1_284' title='bbox 244 2593 255 2612; x_wconf 88' lang='lat'>‚</span> <span class='ocrx_word' id='word_1_285' title='bbox 285 2554 508 2602; x_wconf 79' lang='lat' dir='ltr'>manifeste</span> <span class='ocrx_word' id='word_1_286' title='bbox 527 2554 635 2601; x_wconf 84' lang='lat' dir='ltr'>dicit</span> <span class='ocrx_word' id='word_1_287' title='bbox 651 2593 664 2611; x_wconf 77' lang='grc'><em>,</em></span> <span class='ocrx_word' id='word_1_288' title='bbox 689 2556 794 2619; x_wconf 80' lang='lat' dir='ltr'>quia</span> <span class='ocrx_word' id='word_1_289' title='bbox 814 2556 860 2603; x_wconf 88' lang='lat' dir='ltr'>in</span> <span class='ocrx_word' id='word_1_290' title='bbox 878 2557 1122 2606; x_wconf 77' lang='lat' dir='ltr'>novissimis</span> <span class='ocrx_word' id='word_1_291' title='bbox 1142 2565 1417 2627; x_wconf 77' lang='lat' dir='ltr'>temporib-trs</span> 
     </span>
    </p>
   </div>
   <div class='ocr_carea' id='block_1_4' title="bbox 87 2636 769 2682">
    <p class='ocr_par' dir='ltr' id='par_1_5' title="bbox 87 2636 769 2682">
     <span class='ocr_line' id='line_1_34' title="bbox 87 2636 769 2682; baseline 0.004 -13"><span class='ocrx_word' id='word_1_292' title='bbox 87 2636 260 2682; x_wconf 80' lang='lat' dir='ltr'>¹Dau.1x‚</span> <span class='ocrx_word' id='word_1_293' title='bbox 276 2640 397 2676; x_wconf 74' lang='lat'><strong>24-26.</strong></span> <span class='ocrx_word' id='word_1_294' title='bbox 413 2656 457 2663; x_wconf 55' lang='grc' dir='ltr'>ω-</span> <span class='ocrx_word' id='word_1_295' title='bbox 475 2636 491 2660; x_wconf 87' lang='lat'><strong>2</strong></span> <span class='ocrx_word' id='word_1_296' title='bbox 509 2641 603 2672; x_wconf 82' lang='lat' dir='ltr'>Rom.</span> <span class='ocrx_word' id='word_1_297' title='bbox 624 2649 697 2679; x_wconf 74' lang='lat' dir='ltr'>xm,</span> <span class='ocrx_word' id='word_1_298' title='bbox 716 2650 769 2672; x_wconf 75' lang='lat'>11.</span> 
     </span>
    </p>
   </div>
   <div class='ocr_carea' id='block_1_5' title="bbox 0 1645 3 1780">
    <p class='ocr_par' dir='ltr' id='par_1_6' title="bbox 0 1645 3 1780">
     <span class='ocr_line' id='line_1_35' title="bbox 0 1645 3 1780; baseline 0 0"><span class='ocrx_word' id='word_1_299' title='bbox 0 1645 3 1780; x_wconf 95' lang='lat' dir='ltr'> </span> 
     </span>
    </p>
   </div>
   <div class='ocr_carea' id='block_1_6' title="bbox 6 2298 11 2407">
    <p class='ocr_par' dir='ltr' id='par_1_7' title="bbox 6 2298 11 2407">
     <span class='ocr_line' id='line_1_36' title="bbox 6 2298 11 2407; baseline 0 828"><span class='ocrx_word' id='word_1_300' title='bbox 6 2298 11 2407; x_wconf 95' lang='lat' dir='ltr'> </span> 
     </span>
    </p>
   </div>
   <div class='ocr_carea' id='block_1_7' title="bbox 12 2701 1282 2804">
    <p class='ocr_par' dir='ltr' id='par_1_8' title="bbox 12 2701 1282 2804">
     <span class='ocr_line' id='line_1_37' title="bbox 12 2701 1282 2771; baseline 0.006 -28"><span class='ocrx_word' id='word_1_301' title='bbox 12 2714 15 2771; x_wconf 51' lang='grc' dir='ltr'><strong>ἦ</strong></span> <span class='ocrx_word' id='word_1_302' title='bbox 1239 2701 1282 2750; x_wconf 88' lang='grc'>8.</span> 
     </span>
     <span class='ocr_line' id='line_1_38' title="bbox 13 2781 16 2804; baseline 0 0"><span class='ocrx_word' id='word_1_303' title='bbox 13 2781 16 2804; x_wconf 71' lang='grc' dir='ltr'><strong>ι</strong></span> 
     </span>
    </p>
   </div>
   <div class='ocr_carea' id='block_1_8' title="bbox 13 2815 16 2871">
    <p class='ocr_par' dir='ltr' id='par_1_9' title="bbox 13 2815 16 2871">
     <span class='ocr_line' id='line_1_39' title="bbox 13 2815 16 2871; baseline 0 0"><span class='ocrx_word' id='word_1_304' title='bbox 13 2815 16 2871; x_wconf 46' lang='lat' dir='ltr'>l</span> 
     </span>
    </p>
   </div>
   <div class='ocr_carea' id='block_1_9' title="bbox 15 2919 18 3006">
    <p class='ocr_par' dir='ltr' id='par_1_10' title="bbox 15 2919 18 3006">
     <span class='ocr_line' id='line_1_40' title="bbox 15 2919 18 3006; baseline 0 0"><span class='ocrx_word' id='word_1_305' title='bbox 15 2919 18 3006; x_wconf 60' lang='lat' dir='ltr'>i</span> 
     </span>
    </p>
   </div>
  </div>
 </body>
</html>
