1769 3235
320 258 416 304 30¹0
744 272 777 299 s.
824 271 1065 301 AchsTiNi
1106 273 1306 302 EPISCOPI

325 338 484 398 quibus
505 353 546 381 se
579 336 767 399 primum
802 349 1000 400 parentes
1024 340 1157 384 nostri
1185 340 1227 384 in
1248 338 1321 384 illa
1347 339 1588 386 damnabili
1612 357 1693 388 nu·
1743 356 1747 400 j

322 406 456 451 ditate
489 416 690 451 texerunt.
727 408 782 451 lit
816 406 1034 470 quidquid
1059 409 1103 454 in
1137 409 1220 454 iilis
1256 409 1396 453 verbis
1434 420 1561 472 atque
1595 428 1694 471 sug·

321 476 509 535 gestione
541 476 663 539 quasi
703 476 893 522 officium
934 479 1014 523 tibi
1052 479 1276 524 charitatis
1310 479 1538 533 obtendit,
1590 491 1637 525 ut
1672 499 1694 526 a
1744 494 1748 499 ’

320 547 638 604 germanissima
673 558 800 609 atque
830 548 1114 593 sincerissima
1157 548 1376 608 Evangelii
1407 549 1618 595 charitate
1655 561 1694 597 te

321 615 593 678 detorqueat,
625 616 676 661 ad
704 617 900 662 astutiam
929 618 1136 680 serpentis
1159 619 1366 680 pertinet,
1396 629 1436 664 et
1462 619 1516 664 ad
1541 619 1694 683 dupli-

321 687 492 730 citatem
523 687 629 745 regis
654 687 766 733 illius
785 724 795 743 ,
830 688 904 750 qui
942 688 1073 731 hahet
1096 688 1246 746 viginti
1272 687 1401 733 millia
1424 725 1434 741 ,
1459 706 1590 751 quam
1617 707 1693 736 nos

319 757 526 802 docemur
557 759 702 803 decem
737 759 947 812 millium,
977 759 1059 803 lioc
1093 769 1154 803 est
1188 758 1349 804 cordis.
1379 760 1422 804 in
1445 777 1530 823 qua
1554 763 1691 807 Deum
1749 770 1752 774 ’

317 828 575 890 quaeriinus‚
604 829 881 891 simplicitate
906 845 1123 892 superare.
1750 886 1754 896 Ι

383 900 460 945 XI.
503 899 580 944 His
609 900 751 961 potius
784 898 977 955 intende,
1005 899 1276 953 charissime,
1301 910 1342 944 et
1381 899 1482 946 tolle
1517 917 1690 948 crucem
1752 932 1755 955 e

319 979 436 1014 tuam
455 979 496 1014 et
513 986 688 1031 sequere
707 970 962 1015 Dominum.
990 971 1098 1015 'Nam
1114 986 1213 1015 cum
1237 981 1275 1014 te
1293 987 1478 1033 praesens
1499 971 1692 1018 animad-
1753 1006 1755 1009 .

313 1050 521 1084 verterem
546 1038 791 1085 domesticis
808 1041 924 1085 curis
943 1058 966 1085 a
993 1040 1143 1085 divino
1163 1039 1308 1086 studio
1328 1040 1536 1086 retardari
1554 1078 1564 1096 ‚
1588 1041 1693 1088 ferri

316 1121 356 1153 te
375 1110 520 1173 potius
535 1120 575 1154 et
599 1109 700 1155 duci
724 1128 746 1155 a
767 1127 896 1156 cruce
918 1122 1006 1167 tua,
1036 1128 1123 1156 non
1145 1128 1237 1156 eam
1268 1122 1305 1155 te
1330 1111 1439 1156 ferre
1460 1129 1508 1157 ac
1531 1111 1691 1159 ducere
1750 1136 1752 1138 ’

313 1180 566 1226 sentiebam.
602 1182 785 1226 (Irucem
820 1182 933 1226 enim
961 1192 1175 1237 nostram,
1199 1198 1328 1244 quam
1355 1181 1568 1228 Dominus
1590 1200 1691 1246 por·

320 1251 396 1295 tari
417 1269 436 1295 a
471 1252 595 1296 nobis
622 1251 763 1310 jubet,
789 1264 835 1297 ut
855 1270 954 1298 cum
980 1252 1284 1316 expeditissimi
1307 1269 1554 1315 sequamur,
1581 1254 1688 1316 quid

314 1322 430 1367 aliud
470 1339 598 1385 qnam
635 1323 941 1369 mortalitatem
976 1324 1116 1369 carnis
1154 1323 1284 1382 hujus
1312 1323 1557 1383 significat?
1586 1325 1687 1388 Ipsa

309 1392 422 1438 enim
451 1411 526 1438 nos
556 1394 723 1439 cruciat
756 1394 896 1439 donee
935 1394 1221 1440 absorbeatur
1242 1411 1356 1439 mors
1375 1394 1419 1439 in
1437 1394 1680 1442 victoriam.

313 1467 427 1509 Crux
451 1481 550 1523 ergo
579 1465 674 1511 liaec
702 1465 794 1528 ipsa
820 1465 1116 1525 crucifigenda
1139 1476 1225 1519 est,
1250 1476 1290 1509 et
1311 1466 1601 1524 transfigenda
1626 1477 1688 1512 est

313 1534 445 1579 clavis
472 1535 636 1580 timoris
669 1535 774 1586 Dei,
814 1552 864 1580 ne
894 1536 1044 1581 solutis
1067 1546 1108 1580 et
1132 1535 1278 1580 liberis
1306 1535 1510 1580 membris
1539 1536 1686 1582 reluc-

315 1615 473 1650 tantem
520 1617 691 1669 portare
734 1623 818 1650 non
857 1607 1006 1669 possis.
1048 1606 1176 1668 Sequi
1203 1607 1315 1650 enini
1348 1606 1580 1652 Dominum
1606 1608 1687 1653 nisi

311 1693 402 1720 eam
425 1687 628 1739 portans„
654 1677 831 1722 omnino
857 1694 942 1722 non
967 1676 1092 1723 vales.
1126 1678 1236 1722 Nam
1257 1676 1480 1739 quomodo
1499 1694 1595 1722 eum
1617 1694 1686 1723 se-

310 1748 476 1808 queris,
504 1747 536 1791 si
562 1764 644 1792 non
671 1765 713 1792 es
733 1750 858 1806 ejus?
881 1768 900 1787 «
933 1747 1019 1802 Qui
1047 1757 1189 1791 autem
1215 1747 1316 1792 2lesu
1356 1746 1522 1791 Christi
1552 1758 1680 1803 sunt,

310 1837 329 1857 »
354 1817 413 1861 ait
441 1817 672 1880 Apostolus
689 1855 699 1873 ‚
726 1835 898 1862 carnem
917 1833 1038 1862 suam
1064 1817 1372 1862 crucifixerunt
1391 1833 1492 1862 curn
1516 1819 1684 1880 passio-

312 1907 331 1928 »
356 1887 485 1933 nibus
509 1899 545 1933 et
571 1887 790 1934 desideriis
810 1887 843 1935 4.
876 1910 896 1930 ›>

377 1960 479 2005 ΧΠ.
511 1959 683 2022 Siquid
719 1976 817 2005 sane
853 1960 1053 2023 pecuniae
1088 1976 1153 2005 res
1185 1970 1257 2005 tua
1281 1958 1502 2004 familiaris
1521 1958 1679 2017 habet,

310 2033 434 2089 cujus
457 2041 493 2076 te
512 2030 730 2093 implicari
758 2031 926 2089 negotio
951 2048 1029 2076 nec
1055 2041 1228 2094 oportet
1254 2047 1332 2075 nec
1354 2029 1504 2085 decet,
1536 2047 1682 2077 revera

312 2101 593 2146 tribuendum
614 2112 675 2147 est
703 2102 828 2147 matri
849 2112 891 2147 et
924 2101 1173 2147 domesticis
1198 2102 1294 2147 tuis.
1326 2101 1491 2146 Horum
1515 2102 1682 2166 quippe

307 2171 542 2232 indigentia
561 2210 571 2221 .
598 2173 628 2218 si
650 2173 920 2236 pauperibus
941 2183 989 2219 ut
1011 2173 1065 2218 sis
1087 2172 1302 2235 perfectus
1318 2209 1327 2225 ‚
1350 2171 1573 2217 instituisti
1590 2172 1682 2218 dis-

309 2243 500 2288 tribuere
519 2243 618 2288 talia
639 2254 727 2295 tua,
752 2244 943 2306 primum
964 2242 1081 2306 apud
1104 2254 1141 2288 te
1160 2243 1306 2288 locum
1322 2242 1518 2288 obtinere
1531 2241 1673 2291 debet.

308 2336 325 2353 r<
354 2314 397 2360 Si
419 2315 516 2377 quis
536 2315 648 2360 enim
676 2315 763 2360 suis
782 2326 823 2360 et
846 2316 1024 2361 maxime
1043 2315 1290 2360 domesticis
1309 2351 1319 2367 ,
1346 2313 1404 2359 ait
1423 2315 1676 2377 Apostolus,

307 2407 326 2426 υ
351 2402 436 2430 non
461 2385 680 2448 providet,
705 2385 834 2431 fidem
858 2386 1047 2446 negavit,
1072 2395 1113 2430 et
1131 2395 1192 2430 est
1215 2384 1379 2430 infideli
1401 2383 1633 2431 deterior2.
1658 2407 1679 2428 »

304 2455 476 2511 Quibus
501 2455 754 2501 ordinandis
780 2456 929 2513 rebus,
963 2455 997 2501 si
1028 2465 1077 2501 ut
1107 2455 1269 2501 collum
1295 2471 1464 2501 exueres
1486 2453 1678 2501 induen-

300 2526 406 2574 dum
427 2528 651 2593 sapientiae
669 2528 876 2575 vinculis:
903 2526 1125 2592 profectus
1153 2545 1175 2573 a
1199 2527 1327 2573 nobis
1357 2543 1400 2573 es
1418 2563 1429 2584 ,
1461 2525 1569 2592 quid
1597 2527 1678 2576 tibi

356 2611 480 2646 ¹Galat.
497 2624 526 2649 v,
545 2619 600 2650 24.
619 2631 656 2638 —
676 2611 691 2636 2
714 2612 825 2646 1T5m.
843 2624 870 2652 r,
891 2614 922 2647 8.
