1769 3235
440 305 841 339 RETRAcrArioNUM
877 309 964 341 mn.
1008 309 1038 340 1.
1327 298 1422 361 499

52 368 134 416 sub
152 369 289 430 gratia
309 372 609 430 constitutum,
626 372 737 418 bene
750 372 892 419 facere
904 374 1139 432 volentem,
1159 376 1233 423 sed
1253 377 1421 426 victum

26 439 405 503 -concupiscentia
442 441 581 488 carnis
605 441 716 489 male
748 442 992 489 facientem.
1037 445 1073 490 A
1104 449 1229 506 cujus
1253 464 1421 495 concu-

50 509 274 573 piscentiae
293 512 519 560 dominatu
536 530 624 559 non
637 512 812 570 liberat,
833 514 912 560 nisi
927 515 1064 575 gratia
1083 517 1163 562 Dei
1178 535 1258 581 per
1273 519 1422 566 Jesum

51 582 278 632 Christum
315 587 551 633 Dominum
576 595 773 632 nostrum
803 585 918 632 dono
937 587 1127 650 Spiritus
1150 591 1304 648 sancti,
1344 610 1423 655 per

0 668 2 705 ὲ
50 672 179 719 quem
203 656 357 704 diffusa
383 658 634 704 charitasin
665 657 875 703 cordibus
918 659 1075 704 nostris
1112 661 1249 707 vincit
1284 664 1426 709 carnis

0 723 1 728 ¹
46 728 437 791 concupiscentias,
457 747 509 775 ne
527 728 845 775 consentiamus
864 729 922 774 eis
945 729 1000 775 ad
1019 730 1130 776 male
1144 731 1419 788 faciendum3

47 797 120 843 sed
144 799 290 862 potius
312 800 429 845 bona
451 800 677 846 faciamus.
706 798 831 844 Unde
871 799 1051 863 quidem
1076 803 1168 860 jam
1210 803 1420 850 evertitur

0 916 1 933 ἶ
45 867 219 914 haeresis
243 869 492 930 Pelagiana,
522 887 623 933 quae
647 868 759 924 vult,
802 886 888 914 non
929 887 977 915 ex
1001 870 1092 915 Deo
1115 871 1260 929 nobis,
1281 872 1354 918 sed
1377 891 1425 918 ex

47 939 173 984 nobis
198 958 283 985 esse
307 941 568 986 charitatem
589 957 677 1004 qua
715 940 827 986 bene
859 957 909 985 ac
935 939 1005 1004 pie
1028 939 1232 990 vivimus.
1273 942 1357 989 Sed
1384 944 1430 989 in

44 1009 127 1055 iltis
149 1009 290 1067 libris,
311 1029 419 1074 quos
444 1011 648 1056 adversus
668 1027 738 1055 eos
781 1009 1017 1066 edidimus,
1046 1012 1175 1057 etiam
1216 1013 1425 1077 spiritalis

0 1132 1 1141 ἵ
46 1080 234 1127 hominis
268 1086 448 1146 jamque
488 1083 570 1128 sub
607 1081 744 1141 gratia
788 1082 1019 1128 constituti
1057 1083 1209 1130 melius
1246 1084 1430 1145 intelligi

47 1151 177 1196 verba
212 1151 290 1198 ista
320 1153 657 1198 monstravimus
675 1188 685 1207 ,
725 1162 904 1214 propter
935 1152 1078 1199 carnis
1104 1170 1283 1218 corpus,
1310 1153 1432 1219 quod

42 1221 235 1284 spiritale
262 1222 460 1268 nondum
501 1233 580 1277 est,
620 1222 867 1267 esitantem
895 1222 940 1268 in
969 1226 1284 1272 resurrectione
1306 1243 1429 1272 mor-

46 1302 221 1338 tuorum
240 1314 251 1348 ;
268 1304 310 1339 et
330 1304 514 1357 propter
541 1294 683 1356 ipsam
703 1293 845 1338 carnis
872 1295 1294 1357 concupiscentiam,
1325 1314 1427 1343 cum

44 1381 128 1428 qua
146 1365 203 1411 ita
225 1366 468 1425 confligunt
490 1364 644 1420 sancti,
671 1381 755 1408 non
777 1365 812 1408 ci
830 1365 1143 1411 consentientes
1167 1366 1221 1412 ad
1244 1367 1430 1423 malum,

45 1447 92 1481 ut
119 1446 260 1482 tamen
282 1439 374 1496 ejus
400 1435 612 1490 motibus,
640 1434 804 1496 quibus
827 1435 1178 1496 repugnantibus
1203 1437 1426 1494 resistunt,

43 1523 128 1552 non
150 1517 326 1552 careant
342 1506 387 1551 in
409 1506 494 1551 hac
512 1505 598 1550 vita
618 1522 629 1549 ε
651 1521 739 1549 non
760 1521 830 1550 eos
846 1516 990 1550 autem
1009 1505 1241 1553 habebunt
1264 1508 1311 1553 in
1327 1508 1421 1564 illa,

43 1577 119 1622 ubi
136 1575 448 1623 absorbebitur
465 1591 579 1621 mors
597 1574 640 1619 in
667 1575 910 1622 victoriam.
925 1575 1116 1638 Propter
1137 1577 1254 1624 hanc
1274 1578 1422 1642 itaque

41 1646 442 1711 concupiscentiam
467 1655 697 1708 motusque
730 1644 863 1708 ip505‚
890 1646 1052 1709 quibus
1084 1646 1144 1692 ita
1179 1649 1388 1695 resistitur
1408 1687 1419 1705 ‚

42 1727 90 1763 ut
113 1728 258 1763 tamen
272 1718 360 1763 sint
386 1717 431 1762 in
469 1712 614 1772 nobis,
643 1725 786 1778 potest
824 1715 1008 1779 quisque
1031 1728 1206 1764 sanctus
1224 1723 1316 1779 jam
1341 1722 1424 1767 sub

41 1788 180 1848 gratia
205 1788 373 1852 positus
396 1787 539 1832 dicere
561 1786 639 1830 ista
664 1785 827 1841 omnia,
856 1802 958 1848 quae
976 1787 1051 1832 hic-
1082 1804 1168 1834 esse
1186 1788 1274 1834 dixi
1288 1792 1422 1837 verba

39 1851 230 1904 hominis
256 1857 453 1904 nondum
474 1857 557 1902 sub
579 1857 717 1916 gratia
741 1856 890 1919 positi,
926 1857 1001 1903 sed
1039 1858 1244 1919 sublege.
1290 1861 1422 1918 Quod

40 1929 113 1975 hic
141 1929 362 1976 ostendere
385 1928 563 1988 longum
590 1939 677 1982 est,
718 1938 758 1973 et
800 1928 884 1973 hoc
922 1929 1000 1974 ubi
1025 1930 1282 1977 ostenderim
1321 1933 1421 1979 dic—

41 2011 130 2046 tum
153 2012 229 2048 est.

105 2074 161 2119 II.
195 2074 300 2118 Item
321 2072 548 2135 disputans
566 2071 673 2134 quid
691 2070 864 2130 elegerit
884 2071 998 2116 Deus
1020 2071 1065 2116 in
1080 2073 1276 2120 nondum
1292 2087 1412 2131 nato,

38 2144 110 2189 cui
139 2144 244 2190 dixit
268 2144 528 2189 serviturum
562 2159 648 2187 esse
680 2146 920 2201 majorem:
956 2153 998 2187 et
1039 2144 1147 2205 quid
1184 2146 1228 2190 in
1264 2147 1414 2194 eodem

37 2217 198 2274 majore
216 2214 412 2260 similiter
438 2211 635 2258 nondum
675 2223 797 2258 nato.
830 2211 1145 2274 reprobaverit,
1174 2214 1226 2260 de
1251 2217 1412 2279 quibus

36 2296 218 2349 propter
252 2283 338 2331 hoc
378 2295 820 2337 commniemoratur‚
861 2283 1060 2345 quamvis
1101 2284 1228 2345 longe
1265 2299 1412 2350 postea

37 2358 253 2419 prolatum
294 2355 604 2420 propheticum
648 2354 943 2399 testimonium
979 2372 990 2398 :
1022 2375 1042 2396 «
1074 2356 1213 2402 Jacob
1258 2356 1408 2417 dilexi,

37 2447 56 2468 »
82 2428 195 2473 Esau
212 2438 355 2472 autem
382 2425 482 2471 odio
505 2426 641 2470 habui
666 2425 682 2453 1
708 2444 718 2470 :
744 2449 762 2465 »
783 2425 836 2469 ad
865 2425 948 2470 hoc
970 2426 1152 2488 perduxi
1172 2429 1410 2477 ratiocina-

36 2497 214 2553 tionem,
247 2509 293 2544 ut
311 2497 529 2544 dicerem:
554 2501 666 2542 Λοη
692 2513 797 2557 ergo
841 2497 976 2558 elegit
1011 2501 1137 2542 Deus
1161 2516 1305 2563 opera
1325 2521 1410 2549 σα-

21 2569 256 2631 jusquam
292 2572 340 2614 l'n
368 2572 688 2632 pra‘scz'etztz'a,
723 2585 831 2630 quoe
870 2570 968 2630 ipse
1001 2570 1196 2615 daturas
1216 2583 1284 2619 est
1301 2592 1313 2619 :
1332 2575 1415 2622 secl

84 2651 93 2673 ¹
112 2653 206 2683 Rom.
231 2661 276 2690 tx,
296 2653 349 2692 13,
372 2656 402 2682 et
428 2649 567 2682 Mataei..
593 2661 618 2688 x,
640 2653 673 2681 3.

1197 2711 1274 2759 32.
