1769 3235
342 273 435 329 340
762 283 798 314 s.
844 282 1087 314 Ancusrmr
1123 281 1327 314 EPISCOPI

1754 292 1757 311 l

346 354 443 414 gine
462 349 647 414 accepit,
671 350 759 396 sine
775 348 862 394 ulla
877 349 1054 394 omnino
1075 349 1346 412 susceptione
1360 364 1581 411 corporeae
1602 365 1714 395 crea·
1754 336 1758 416 Ι

347 436 458 470 turae
483 439 562 485 per
581 422 718 485 ipsam
740 430 938 465 naturam
962 430 1001 465 et
1023 419 1307 465 substantiam
1330 436 1468 474 suam,
1496 437 1582 483 qua
1607 420 1711 466 Ver«
1754 417 1757 481 Ι

348 495 456 540 bum
485 493 558 538 Dei
574 503 652 548 est,
673 504 714 537 et
738 491 946 554 sapientia
970 491 1065 546 Dei,
1088 491 1301 536 visibilem
1323 501 1364 535 et
1384 490 1713 553 corruptibilem
1754 483 1758 557 Ι

346 565 517 620 dicunt,
541 563 647 610 dum
667 563 749 608 sibi
764 562 919 614 volunt
936 572 1132 607 constare
1151 561 1269 623 quod
1292 562 1498 616 sentiunt,
1519 561 1572 606 de
1590 563 1716 608 Patre
1754 571 1757 625 Ι

346 633 650 681 tantummodo
669 650 754 679 esse
777 632 971 678 dictum:
1000 652 1020 673 «
1040 631 1271 687 Invisibili,
1294 631 1622 694 incorruptibili
1638 631 1717 678 soli
1754 629 1758 680 l

350 727 369 748 ›>
390 707 494 753 Deo.
515 726 535 747 ›>
556 706 680 764 Rogo
692 714 751 755 te,
766 703 949 748 verbum
963 701 1153 746 hominis
1168 718 1252 746 non
1270 712 1332 747 est
1349 701 1535 757 visibile,
1556 700 1717 748 nedum
1754 691 1757 776 Ι

346 777 539 823 Verbum
555 776 649 822 Dei.
677 775 879 819 Jamvero
895 771 1106 834 sapientia
1125 770 1215 826 illa,
1244 771 1296 816 de
1320 788 1406 835 qua
1429 771 1598 818 dictum
1622 783 1714 818 est:

347 868 368 889 a
395 847 581 906 Attingit
605 845 768 906 ubique
782 853 965 906 propter
987 857 1109 886 suam
1127 841 1387 887 munditiam
1409 862 1456 896 3»
1481 852 1539 898 et,
1563 841 1731 889 «Nihil
1754 850 1758 901 ζ

348 939 367 959 »
385 915 722 981 inquinatumin
735 930 829 958 eam
847 911 1266 966 incurrit;›)et,‹'<ln
1286 929 1326 957 se
1353 913 1445 975 ipsa
1460 929 1637 957 manens
1655 912 1718 958 in-
1754 921 1758 970 Ι

347 1009 367 1030 »
391 998 524 1034 novat
561 984 706 1031 onmia
723 983 760 1039 1,
785 1004 805 1024 »
837 993 879 1028 et
901 983 934 1027 si
959 998 1044 1045 qua
1065 981 1219 1028 similia
1245 999 1345 1045 quae
1380 983 1599 1029 numerari
1631 1000 1719 1030 non
1754 988 1757 1035 ξ

347 1068 545 1121 possunt,
568 1056 602 1102 si
635 1053 937 1117 corruptibilis
963 1064 1043 1107 est,
1071 1053 1217 1098 nescio
1253 1053 1361 1116 quid
1387 1053 1549 1109 dicam,
1574 1054 1654 1099 nisi
1673 1064 1720 1100 ut
1754 1044 1757 1104 ξ

345 1128 515 1174 doleam
539 1125 925 1190 praesumptionem
944 1123 1202 1179 humanam,
1238 1133 1279 1169 et
1305 1123 1433 1170 mirer
1465 1123 1719 1187 patientiam

343 1199 551 1245 divinam.
1754 1250 1756 1254 y

406 1269 566 1316 XXIV.
599 1268 710 1314 Cum
733 1283 832 1313 vero
847 1264 900 1311 de
923 1264 996 1310 illa
1015 1264 1183 1310 dictum
1198 1265 1278 1310 sit:
1302 1287 1321 1307 (ι
1340 1264 1519 1310 Candor
1532 1275 1593 1311 est
1605 1265 1718 1312 enim
1753 1258 1757 1327 Ι

344 1362 365 1382 »
405 1340 514 1385 lucis
534 1349 735 1391 aeternae3
760 1358 780 1379 n
822 1352 901 1381 nec
926 1336 1072 1390 vestri,
1104 1345 1150 1380 ut
1185 1335 1398 1391 arbitror,
1433 1338 1523 1394 jam
1566 1335 1720 1382 dicunt
1753 1341 1769 1389 {i

338 1411 481 1457 lucem
506 1409 791 1471 Patris(quae
809 1405 918 1469 quid
939 1416 1018 1463 est,
1046 1406 1127 1451 nisi
1152 1408 1244 1465 ejus
1269 1406 1510 1452 substantia
1528 1407 1574 1470 P)
1594 1406 1721 1454 fuisse
1753 1395 1756 1488 Ι

346 1479 580 1545 aliquando
604 1479 692 1524 sine
714 1477 903 1524 candore
923 1493 945 1520 a
982 1493 1024 1522 sc
1047 1476 1190 1536 genito
1210 1514 1221 1530 ,
1246 1477 1358 1522 sicut
1381 1477 1459 1522 ista
1487 1478 1531 1523 in
1563 1477 1722 1525 divinis
1752 1498 1769 1543 l'

342 1564 384 1600 et
403 1551 677 1616 spiritalibus
696 1560 737 1595 et
762 1548 1030 1611 incorporeis
1051 1559 1092 1593 et
1115 1548 1557 1595 incommutabilibus
1582 1550 1717 1607 credi,
1752 1545 1769 1608 Ιῑ

345 1635 387 1670 et
411 1633 650 1685 utcumque
674 1619 856 1679 intelligi
881 1629 1088 1682 possunt:
1109 1618 1238 1664 audio
1260 1620 1474 1678 enimjam
1499 1637 1568 1666 eos
1581 1638 1722 1667 emen·
1751 1610 1769 1668 li

345 1694 479 1740 dasse.
499 1694 565 1738 An
583 1692 692 1736 forte
705 1690 860 1736 falsum
875 1699 936 1734 est
954 1688 1038 1734 hoc
1058 1706 1129 1734 eos
1154 1689 1388 1752 aliquando
1413 1689 1581 1747 dixisse,
1601 1690 1721 1755 quod
1751 1672 1769 1764 Ι»

343 1764 475 1811 fuerit
509 1760 743 1826 aliquando
782 1762 911 1806 Pater
949 1759 1038 1804 sine
1070 1760 1197 1816 Filio,
1244 1771 1451 1823 tanquam
1486 1761 1617 1807 fuerit
1650 1763 1722 1809 lux
1751 1769 1769 1845 Ι

345 1845 506 1881 aeterna
532 1834 621 1878 sine
646 1830 835 1877 candore
860 1846 987 1892 quem
1021 1831 1194 1889 genuit?
1225 1831 1340 1887 Quid
1379 1849 1478 1891 ergo
1506 1832 1722 1879 dicimus?
1751 1849 1769 1898 ΙΙ

348 1906 394 1951 Si
421 1915 548 1950 natus
570 1913 632 1948 est
657 1902 790 1947 Filius
825 1903 899 1946 Dei
929 1902 981 1945 de
1004 1905 1146 1957 l'atre,
1169 1906 1257 1961 jani
1292 1904 1420 1948 Pater
1443 1903 1723 1965 destititgig-
1750 1897 1769 1965 ΙΙ

345 1993 473 2030 nere;
509 1985 551 2019 et
574 1974 607 2019 si
632 1972 813 2024 destitit,
841 1973 979 2034 coepit
1006 1989 1016 2016 :
1042 1973 1076 2017 si
1101 1984 1242 2017 autem
1274 1973 1411 2035 coepit
1431 1974 1618 2034 gignere,
1640 1975 1725 2022 fuit
1751 1975 1769 2034 53

347 2043 583 2110 aliquando
605 2043 694 2088 sine
716 2042 854 2087 Filio:
896 2040 966 2086 scd
998 2059 1223 2105 nunquam
1257 2043 1341 2088 suit
1365 2043 1453 2091 sine
1473 2045 1600 2097 Filio,
1619 2046 1723 2109 quia
1750 2044 1769 2105 {j

351 2117 485 2162 Filius
505 2119 595 2175 ejus
615 2112 824 2176 sapientia
836 2115 926 2171 eJ'us
943 2123 1021 2166 est,
1040 2129 1138 2174 quae
1153 2112 1317 2158 candor
1331 2124 1390 2158 est
1407 2114 1516 2160 lucis
1534 2126 1720 2162 aeternae.
1750 2109 1769 2174 ΙΙ

352 2188 466 2246 Ergo
488 2200 656 2247 semper
676 2182 815 2243 gignit
838 2183 967 2227 Pater
991 2193 1031 2226 et
1055 2199 1222 2245 semper
1241 2183 1430 2228 nascitur
1460 2184 1605 2230 Filius.
1640 2186 1723 2232 Hic
1749 2179 1754 2266 Ι

345 2274 494 2304 rursus
512 2253 755 2301 timendum
780 2263 869 2310 est,
900 2270 952 2297 ne
977 2263 1155 2315 putetur
1195 2253 1447 2315 imperfecta
1486 2257 1720 2314 generatio,
1749 2271 1754 2309 J·

345 2329 377 2375 si
405 2345 495 2373 non
521 2325 708 2372 dicimus
727 2333 879 2368 natum
902 2340 988 2367 csse
1012 2323 1084 2368 sed
1112 2325 1245 2368 nasci.
1268 2329 1526 2387 tssonipatere
1554 2343 1722 2372 mecum
1749 2337 1753 2377 ξ

344 2400 546 2452 obsecro,
574 2397 618 2442 in
640 2395 709 2440 his
727 2393 934 2454 angustiis
956 2393 1162 2439 humanae
1187 2395 1459 2454 cogitationis
1481 2407 1522 2441 et
1543 2395 1719 2456 linguae,
1748 2415 1753 2459 Ι

350 2481 390 2515 et
411 2469 569 2532 pariter
591 2465 892 2526 confugiamus
925 2464 977 2510 ad
1018 2465 1228 2528 Spiritum
1254 2466 1329 2512 Dei
1354 2483 1433 2529 per
1454 2467 1722 2530 Proplietam
1748 2463 1755 2543 Ι

349 2540 563 2586 dicentem
583 2555 594 2582 :
624 2557 644 2577 «
671 2535 999 2582 Generationem
1023 2540 1112 2595 eJus
1137 2536 1234 2599 quis
1252 2537 1473 2582 enarrabit
1493 2537 1509 2565 ²
1524 2540 1541 2582 Ξ)
1559 2560 1579 2579 »
1748 2546 1751 2567 ²

387 2625 396 2645 ¹
415 2624 490 2664 Sap.
513 2632 572 2652 vn.
591 2626 715 2658 ²4·27-
735 2637 778 2642 —
798 2616 813 2639 2
831 2618 1000 2659 Isai'.r.1117
1023 2620 1052 2651 8.
1748 2609 1769 2660 Ἰ

1747 2659 1752 2671 t

1747 2683 1750 2708 ⁶
1767 2672 1769 2718 l
