1769 3235
325 270 387 326 44
714 286 747 314 ε.
792 283 1036 316 Aueusrim
1072 285 1275 318 Emscorx

323 364 454 412 poena
484 348 677 412 peccati;
705 349 838 410 huJ’us
862 350 989 396 etiam
1028 352 1152 397 finito
1182 362 1362 415 peccato
1398 370 1570 399 movere
1603 371 1689 400 non

320 418 451 465 debet
470 420 504 466 si
523 436 610 465 non
628 431 832 484 sequatur
857 438 987 484 poena
1008 422 1189 485 peccati.
1221 422 1266 467 Si
1291 439 1389 483 ergo
1415 423 1531 469 illam
1551 440 1692 487 quaes-

322 490 481 536 tionem
505 489 559 536 de
582 501 717 536 morte
736 491 1079 555 baptizatorum,
1101 491 1307 538 curfacta
1332 493 1567 539 abolitione
1592 511 1691 557 pec-

321 561 434 615 cati,
461 571 665 625 sequatur
688 572 828 608 tamen
856 562 1059 626 quaedam
1094 579 1227 626 poena
1262 564 1453 626 peccati,
1489 564 1534 609 in
1569 563 1692 610 libris

320 652 342 672 <‹
368 635 441 677 De
456 631 685 694 baptismo
693 634 1004 695 parvulorwn
1025 632 1041 662 1
1059 670 1069 689 ‚
1094 655 1112 673 »
1141 650 1247 695 quos
1276 633 1352 678 tibi
1382 634 1471 678 scio
1497 651 1583 679 esse
1608 650 1692 678 no-

323 701 522 758 tissimos,
549 713 760 766 quantum
786 704 1008 767 potuimus
1027 741 1036 759 ‚
1063 703 1250 749 Domino
1276 703 1509 763 adjuvante
1535 703 1692 750 dissol-

318 771 460 817 vimus
489 790 500 818 :
531 783 694 836 quanto
719 774 863 820 minus
888 774 967 820 ista
983 790 1154 819 movere
1175 790 1251 818 nos
1269 772 1398 818 debet
1414 773 1490 818 ubi
1508 772 1688 829 dicitur,

320 842 466 898 Quare
486 846 629 904 justus
654 844 768 890 Elias
796 856 992 891 mortuus
1012 861 1097 890 non
1123 854 1211 900 est,
1235 845 1268 889 si
1290 861 1404 889 mors
1430 860 1562 907 poena
1585 861 1692 907 pec-

318 913 404 958 cati
422 917 515 961 est?
540 916 665 978 quasi
687 915 931 971 diceretur,
963 915 1110 971 Quare
1127 925 1332 978 peccator
1354 915 1468 960 Elias
1493 925 1692 961 mortuus

318 1000 404 1029 non
421 995 506 1040 est,
531 986 564 1031 si
589 1003 703 1031 mors
728 1003 861 1050 poena
886 986 1054 1048 peccati
1079 987 1172 1030 est?

380 1054 503 1101 VllI.
531 1056 622 1102 Nisi
649 1057 759 1103 forte
789 1057 907 1103 aliud
936 1074 982 1102 ex
1021 1056 1103 1102 alio
1140 1067 1315 1102 movent
1350 1067 1391 1102 et
1419 1055 1573 1102 dicunt
1593 1093 1603 1112 ‚
1646 1055 1692 1102 Si

318 1125 473 1172 Enoch
495 1138 536 1173 et
562 1127 676 1173 Elias
697 1145 830 1192 usque
856 1127 961 1173 adeo
995 1144 1082 1173 non
1109 1127 1333 1174 habebant
1357 1138 1586 1192 peccatum
1604 1164 1615 1184 ‚
1644 1137 1692 1173 ut

315 1213 394 1243 nec
415 1209 599 1244 mortem
621 1236 632 1254 ‚
659 1216 759 1263 quae
782 1200 951 1263 peccati
977 1210 1038 1245 est
1067 1216 1200 1263 poena
1220 1236 1229 1254 ‚
1266 1209 1542 1263 paterentur.
1577 1215 1692 1262 quo-

315 1267 447 1314 modo
475 1285 601 1314 nemo
628 1269 703 1315 hic
727 1270 837 1316 vivit
860 1270 949 1316 sine
979 1272 1194 1333 peccato?
1222 1270 1356 1326 Quasi
1381 1286 1468 1315 non
1492 1268 1550 1315 eis
1582 1285 1691 1333 pro-

311 1337 505 1385 babilius
534 1339 847 1403 respondeatur
865 1377 875 1396 ‚
915 1339 1018 1386 Ideo
1047 1357 1157 1403 quos
1180 1340 1313 1386 finitis
1342 1340 1533 1404 peccatis
1552 1339 1691 1386 voluit

313 1408 527 1455 Dominus
545 1409 686 1456 vivere
703 1447 715 1465 ‚
743 1427 830 1456 non
852 1410 926 1455 hic
948 1410 1145 1473 permissi
1168 1420 1268 1456 sunt
1287 1411 1456 1467 vivere,
1479 1412 1687 1474 quoniam

311 1477 387 1525 hie
408 1479 640 1544 quisquam
670 1480 759 1526 sine
790 1492 972 1544 peccato
1004 1498 1093 1526 non
1126 1492 1267 1544 potest
1290 1481 1447 1528 vivere.
1482 1480 1567 1527 Sed
1590 1481 1689 1528 haec

312 1559 444 1613 atque
481 1550 738 1611 huiusmodi
775 1551 979 1597 adversus
1006 1551 1108 1597 istos
1132 1550 1219 1597 dici
1245 1561 1512 1616 potuerunt,
1544 1551 1578 1597 si
1604 1568 1687 1615 pro

311 1631 431 1666 certo
455 1620 629 1667 aliunde
643 1622 954 1668 convincerent
973 1622 1069 1668 illos
1086 1639 1312 1686 nunquam
1333 1640 1419 1669 esse
1435 1621 1680 1669 morituros.

310 1695 424 1738 Cum
442 1709 543 1738 vero
565 1692 611 1739 id
637 1692 792 1739 docere
814 1711 900 1740 non
927 1695 1092 1758 possint
1111 1731 1120 1749 ‚
1144 1694 1382 1758 meliusque
1405 1694 1501 1740 illos
1523 1704 1684 1740 ventu-

308 1778 380 1808 ros
397 1779 483 1808 esse
516 1762 719 1809 credatur
750 1763 804 1810 ad
836 1775 1020 1811 mortem
1043 1802 1054 1820 ‚
1092 1765 1209 1810 nihil
1239 1775 1302 1810 est
1335 1782 1415 1811 cur
1451 1781 1521 1810 eos
1551 1763 1684 1810 velint

309 1832 437 1879 nobis
464 1833 655 1894 objicere
682 1851 824 1881 causae
859 1851 949 1881 suae
983 1834 1102 1881 nulla
1134 1846 1308 1899 exparte
1336 1834 1503 1899 aliquid
1530 1834 1682 1899 profu*

309 1913 443 1951 turos.

373 1976 451 2021 IX.
480 1974 681 2039 Relcqcca
705 1975 937 2021 extabant
956 1994 1003 2021 m
1032 1977 1111 2022 Ιιὸ.
1143 1975 1200 2022 de
1218 1987 1316 2021 octo
1334 1976 1531 2022 Dulczffltcc
1546 1993 1680 2040 (μαε-

305 2047 531 2092 stz’ombm
548 2062 595 2108 q.
621 2046 664 2092 3.
694 2074 757 2080 —-
777 2045 847 2091 llli
866 2057 1010 2092 autem
1036 2046 1089 2092 de
1114 2047 1276 2110 quibus
1293 2046 1399 2091 dixit
1419 2045 1677 2110 Apostolus,

304 2133 404 2162 cum
429 2115 682 2180 loqueretur
713 2115 767 2161 de
801 2117 1111 2163 resurrectione
1145 2128 1450 2173 mortuorum,
1475 2138 1495 2158 α
1518 2117 1573 2162 Et
1604 2134 1681 2164 nos

302 2209 323 2231 »
347 2187 538 2234 viventes
557 2186 633 2250 qui
653 2186 808 2250 reliqui
829 2205 995 2243 sumus,
1019 2188 1147 2234 simul
1171 2205 1272 2235 cum
1293 2188 1376 2234 illis
1397 2188 1618 2251 rapiemur
1632 2189 1677 2234 in

302 2257 540 2304 »nubibus
571 2257 748 2304 obviam
775 2257 951 2304 Christo
986 2259 1032 2305 in
1062 2263 1161 2304 aera
1189 2277 1199 2304 t
1227 2270 1267 2304 et
1292 2260 1350 2304 ita
1385 2276 1554 2322 semper
1575 2275 1677 2305 cum

304 2350 324 2372 ›>
343 2328 531 2374 Domino
557 2328 717 2374 erimus
735 2328 771 2382 2;
786 2349 806 2370 »
821 2329 1006 2375 afferunt
1022 2328 1199 2393 quidem
1220 2328 1384 2392 aliquid
1409 2329 1673 2392 quaestionis,

297 2398 371 2445 sed
395 2415 473 2462 per
497 2415 539 2444 se
561 2398 676 2462 ipsos
694 2436 704 2455 ‚
733 2416 821 2445 non
854 2411 1037 2464 propter
1061 2401 1174 2446 istos.
1209 2401 1318 2446 Nam
1342 2401 1418 2446 etsi
1453 2417 1539 2445 non
1574 2410 1676 2446 sunt

296 2469 426 2516 etiam
448 2468 532 2532 ipsi
557 2469 784 2525 morituri,
812 2470 920 2534 quid
944 2471 1045 2516 istos
1064 2470 1269 2530 adjuvent
1294 2471 1471 2516 omnino
1498 2487 1585 2515 non
1605 2471 1674 2517 vi-

296 2539 402 2596 deo,
428 2555 529 2585 cum
557 2538 657 2584 talia
686 2539 740 2585 de
762 2540 832 2587 his
854 2540 940 2587 dici
962 2541 1154 2604 possint,
1189 2540 1334 2604 qualia
1371 2540 1424 2587 de
1447 2540 1530 2586 illis
1554 2539 1671 2587 dicta

344 2624 355 2643 ¹
371 2621 439 2653 Lib.
455 2633 490 2659 n,
503 2632 573 2664 cap.
593 2623 643 2655 30.
660 2639 705 2646 -
720 2621 735 2644 ‘²
754 2634 765 2653 1
785 2624 895 2655 Thess.
912 2635 942 2657 v.
962 2635 1014 2662 17-
