<?xml version="1.0" encoding="UTF-8"?>
<!DOCTYPE html PUBLIC "-//W3C//DTD XHTML 1.0 Transitional//EN"
    "http://www.w3.org/TR/xhtml1/DTD/xhtml1-transitional.dtd">
<html xmlns="http://www.w3.org/1999/xhtml" xml:lang="en" lang="en">
 <head>
  <title>
</title>
<meta http-equiv="Content-Type" content="text/html;charset=utf-8" />
  <meta name='ocr-system' content='tesseract 3.04.00' />
  <meta name='ocr-capabilities' content='ocr_page ocr_carea ocr_par ocr_line ocrx_word'/>
</head>
<body>
  <div class='ocr_page' id='page_1' title='image "./operaomniaaccura41auguuoft/operaomniaaccura41auguuoft_0135.png"; bbox 0 0 1769 3235; ppageno 0'>
   <div class='ocr_carea' id='block_1_1' title="bbox 0 286 1426 2548">
    <p class='ocr_par' dir='ltr' id='par_1_1' title="bbox 15 286 1408 1415">
     <span class='ocr_line' id='line_1_1' title="bbox 499 286 1388 333; baseline 0.006 -5"><span class='ocrx_word' id='word_1_1' title='bbox 499 293 711 328; x_wconf 68' lang='lat' dir='ltr'>nrisrom</span> <span class='ocrx_word' id='word_1_2' title='bbox 748 295 896 329; x_wconf 77' lang='lat' dir='ltr'>cxmx.</span> <span class='ocrx_word' id='word_1_3' title='bbox 1303 286 1388 333; x_wconf 71' lang='lat'>123</span> 
     </span>
     <span class='ocr_line' id='line_1_2' title="bbox 15 363 1391 432; baseline -0.001 -16"><span class='ocrx_word' id='word_1_4' title='bbox 15 368 234 432; x_wconf 83' lang='lat' dir='ltr'>gruentius</span> <span class='ocrx_word' id='word_1_5' title='bbox 267 363 449 424; x_wconf 81' lang='lat' dir='ltr'>intelligi</span> <span class='ocrx_word' id='word_1_6' title='bbox 479 363 748 427; x_wconf 83' lang='lat' dir='ltr'>spiritaliter,</span> <span class='ocrx_word' id='word_1_7' title='bbox 789 363 908 426; x_wconf 88' lang='lat' dir='ltr'>quod</span> <span class='ocrx_word' id='word_1_8' title='bbox 942 363 989 409; x_wconf 88' lang='lat' dir='ltr'>in</span> <span class='ocrx_word' id='word_1_9' title='bbox 1029 365 1391 414; x_wconf 76' lang='lat' dir='ltr'>tribulationibus</span> 
     </span>
     <span class='ocr_line' id='line_1_3' title="bbox 18 434 1391 498; baseline -0.003 -10"><span class='ocrx_word' id='word_1_10' title='bbox 18 440 219 488; x_wconf 82' lang='lat' dir='ltr'>omnibus</span> <span class='ocrx_word' id='word_1_11' title='bbox 234 448 297 484; x_wconf 89' lang='lat' dir='ltr'>est</span> <span class='ocrx_word' id='word_1_12' title='bbox 320 435 564 482; x_wconf 85' lang='lat' dir='ltr'>cavendum</span> <span class='ocrx_word' id='word_1_13' title='bbox 594 471 604 491; x_wconf 89' lang='lat'>,</span> <span class='ocrx_word' id='word_1_14' title='bbox 629 451 681 480; x_wconf 89' lang='lat' dir='ltr'>ne</span> <span class='ocrx_word' id='word_1_15' title='bbox 712 435 896 498; x_wconf 88' lang='lat' dir='ltr'>quisque</span> <span class='ocrx_word' id='word_1_16' title='bbox 927 434 1123 482; x_wconf 86' lang='lat' dir='ltr'>devictus</span> <span class='ocrx_word' id='word_1_17' title='bbox 1149 437 1203 482; x_wconf 82' lang='lat' dir='ltr'>ad</span> <span class='ocrx_word' id='word_1_18' title='bbox 1237 455 1391 484; x_wconf 85' lang='lat' dir='ltr'>earna-</span> 
     </span>
     <span class='ocr_line' id='line_1_4' title="bbox 18 504 1391 572; baseline -0.002 -14"><span class='ocrx_word' id='word_1_19' title='bbox 18 511 99 558; x_wconf 84' lang='lat' dir='ltr'>lem</span> <span class='ocrx_word' id='word_1_20' title='bbox 117 510 249 557; x_wconf 85' lang='lat' dir='ltr'>vitam</span> <span class='ocrx_word' id='word_1_21' title='bbox 273 507 327 553; x_wconf 91' lang='lat' dir='ltr'>de</span> <span class='ocrx_word' id='word_1_22' title='bbox 342 505 526 569; x_wconf 84' lang='lat' dir='ltr'>spiritali</span> <span class='ocrx_word' id='word_1_23' title='bbox 543 504 814 551; x_wconf 87' lang='lat' dir='ltr'>sublimitate</span> <span class='ocrx_word' id='word_1_24' title='bbox 833 505 1085 559; x_wconf 81' lang='lat' dir='ltr'><strong>descendat,</strong></span> <span class='ocrx_word' id='word_1_25' title='bbox 1107 518 1181 552; x_wconf 88' lang='lat' dir='ltr'>aut</span> <span class='ocrx_word' id='word_1_26' title='bbox 1197 509 1271 571; x_wconf 89' lang='lat' dir='ltr'>qui</span> <span class='ocrx_word' id='word_1_27' title='bbox 1290 526 1391 572; x_wconf 87' lang='lat' dir='ltr'>pro-</span> 
     </span>
     <span class='ocr_line' id='line_1_5' title="bbox 18 576 1394 642; baseline -0.002 -13"><span class='ocrx_word' id='word_1_28' title='bbox 18 582 172 630; x_wconf 64' lang='lat' dir='ltr'>iecerat</span> <span class='ocrx_word' id='word_1_29' title='bbox 194 581 238 626; x_wconf 91' lang='lat' dir='ltr'>in</span> <span class='ocrx_word' id='word_1_30' title='bbox 261 578 474 625; x_wconf 82' lang='lat' dir='ltr'>anteriora</span> <span class='ocrx_word' id='word_1_31' title='bbox 490 594 532 623; x_wconf 88' lang='lat' dir='ltr'>se</span> <span class='ocrx_word' id='word_1_32' title='bbox 546 576 794 632; x_wconf 87' lang='lat' dir='ltr'>extendens,</span> <span class='ocrx_word' id='word_1_33' title='bbox 815 576 1058 623; x_wconf 84' lang='lat' dir='ltr'>deficiendo</span> <span class='ocrx_word' id='word_1_34' title='bbox 1083 577 1128 623; x_wconf 87' lang='lat' dir='ltr'>in</span> <span class='ocrx_word' id='word_1_35' title='bbox 1153 580 1394 642; x_wconf 80' lang='lat' dir='ltr'>posteriora</span> 
     </span>
     <span class='ocr_line' id='line_1_6' title="bbox 19 644 1396 717; baseline -0.004 -16"><span class='ocrx_word' id='word_1_36' title='bbox 19 644 234 717; x_wconf 63' lang='lat' dir='ltr'>respiciat.</span> <span class='ocrx_word' id='word_1_37' title='bbox 260 649 392 708; x_wconf 86' lang='lat' dir='ltr'>Quod</span> <span class='ocrx_word' id='word_1_38' title='bbox 428 649 461 694; x_wconf 88' lang='lat' dir='ltr'>si</span> <span class='ocrx_word' id='word_1_39' title='bbox 488 648 530 693; x_wconf 90' lang='lat' dir='ltr'>in</span> <span class='ocrx_word' id='word_1_40' title='bbox 568 647 690 693; x_wconf 88' lang='lat' dir='ltr'>omni</span> <span class='ocrx_word' id='word_1_41' title='bbox 712 647 997 695; x_wconf 85' lang='lat' dir='ltr'>tribulatione</span> <span class='ocrx_word' id='word_1_42' title='bbox 1014 685 1024 703; x_wconf 91' lang='lat'>,</span> <span class='ocrx_word' id='word_1_43' title='bbox 1053 660 1216 712; x_wconf 86' lang='lat' dir='ltr'>quanto</span> <span class='ocrx_word' id='word_1_44' title='bbox 1262 651 1396 711; x_wconf 84' lang='lat' dir='ltr'>magis</span> 
     </span>
     <span class='ocr_line' id='line_1_7' title="bbox 19 717 1396 784; baseline -0.003 -14"><span class='ocrx_word' id='word_1_45' title='bbox 19 724 63 771; x_wconf 79' lang='lat' dir='ltr'>i‘n</span> <span class='ocrx_word' id='word_1_46' title='bbox 93 722 165 769; x_wconf 86' lang='lat' dir='ltr'>illa</span> <span class='ocrx_word' id='word_1_47' title='bbox 192 719 436 767; x_wconf 89' lang='lat' dir='ltr'>cavendum</span> <span class='ocrx_word' id='word_1_48' title='bbox 465 718 651 782; x_wconf 79' lang='lat' dir='ltr'>praecipi</span> <span class='ocrx_word' id='word_1_49' title='bbox 675 717 846 773; x_wconf 80' lang='lat' dir='ltr'>debuit,</span> <span class='ocrx_word' id='word_1_50' title='bbox 875 732 976 781; x_wconf 86' lang='lat' dir='ltr'>quae</span> <span class='ocrx_word' id='word_1_51' title='bbox 1002 719 1097 764; x_wconf 87' lang='lat' dir='ltr'>talis</span> <span class='ocrx_word' id='word_1_52' title='bbox 1114 719 1261 766; x_wconf 85' lang='lat' dir='ltr'>futura</span> <span class='ocrx_word' id='word_1_53' title='bbox 1284 738 1396 784; x_wconf 86' lang='lat' dir='ltr'>prae-</span> 
     </span>
     <span class='ocr_line' id='line_1_8' title="bbox 22 789 1395 855; baseline -0.002 -14"><span class='ocrx_word' id='word_1_54' title='bbox 22 794 135 842; x_wconf 84' lang='lat' dir='ltr'>dicta</span> <span class='ocrx_word' id='word_1_55' title='bbox 161 803 224 839; x_wconf 89' lang='lat' dir='ltr'>est</span> <span class='ocrx_word' id='word_1_56' title='bbox 241 791 304 838; x_wconf 86' lang='lat' dir='ltr'>illi</span> <span class='ocrx_word' id='word_1_57' title='bbox 325 791 511 847; x_wconf 84' lang='lat' dir='ltr'>civitati,</span> <span class='ocrx_word' id='word_1_58' title='bbox 532 790 672 853; x_wconf 86' lang='lat' dir='ltr'>qualis</span> <span class='ocrx_word' id='word_1_59' title='bbox 691 805 778 835; x_wconf 89' lang='lat' dir='ltr'>non</span> <span class='ocrx_word' id='word_1_60' title='bbox 797 789 881 835; x_wconf 86' lang='lat' dir='ltr'>fuit</span> <span class='ocrx_word' id='word_1_61' title='bbox 896 789 951 834; x_wconf 83' lang='lat' dir='ltr'>ab</span> <span class='ocrx_word' id='word_1_62' title='bbox 974 789 1117 847; x_wconf 86' lang='lat' dir='ltr'>initio,</span> <span class='ocrx_word' id='word_1_63' title='bbox 1138 803 1278 855; x_wconf 84' lang='lat' dir='ltr'>neque</span> <span class='ocrx_word' id='word_1_64' title='bbox 1296 793 1395 838; x_wconf 64' lang='lat' dir='ltr'>fiet?</span> 
     </span>
     <span class='ocr_line' id='line_1_9' title="bbox 22 858 1400 924; baseline -0.003 -12"><span class='ocrx_word' id='word_1_65' title='bbox 22 859 77 912; x_wconf 80' lang='lat' dir='ltr'>Et</span> <span class='ocrx_word' id='word_1_66' title='bbox 97 865 132 910; x_wconf 88' lang='lat' dir='ltr'>si</span> <span class='ocrx_word' id='word_1_67' title='bbox 153 864 199 909; x_wconf 89' lang='lat' dir='ltr'>in</span> <span class='ocrx_word' id='word_1_68' title='bbox 222 863 320 918; x_wconf 81' lang='lat' dir='ltr'>ista,</span> <span class='ocrx_word' id='word_1_69' title='bbox 342 870 508 924; x_wconf 85' lang='lat' dir='ltr'>quanto</span> <span class='ocrx_word' id='word_1_70' title='bbox 531 860 667 921; x_wconf 79' lang='lat' dir='ltr'>magis</span> <span class='ocrx_word' id='word_1_71' title='bbox 691 860 736 906; x_wconf 91' lang='lat' dir='ltr'>in</span> <span class='ocrx_word' id='word_1_72' title='bbox 755 858 847 917; x_wconf 86' lang='lat' dir='ltr'>illa,</span> <span class='ocrx_word' id='word_1_73' title='bbox 869 876 968 924; x_wconf 86' lang='lat' dir='ltr'>quae</span> <span class='ocrx_word' id='word_1_74' title='bbox 996 861 1228 907; x_wconf 85' lang='lat' dir='ltr'>novissima</span> <span class='ocrx_word' id='word_1_75' title='bbox 1252 862 1400 908; x_wconf 85' lang='lat' dir='ltr'>futura</span> 
     </span>
     <span class='ocr_line' id='line_1_10' title="bbox 23 928 1402 987; baseline -0.003 -5"><span class='ocrx_word' id='word_1_76' title='bbox 23 944 82 982; x_wconf 84' lang='lat' dir='ltr'>est</span> <span class='ocrx_word' id='word_1_77' title='bbox 103 933 201 980; x_wconf 90' lang='lat' dir='ltr'>orbi</span> <span class='ocrx_word' id='word_1_78' title='bbox 223 942 364 987; x_wconf 79' lang='lat' dir='ltr'>terrae,</span> <span class='ocrx_word' id='word_1_79' title='bbox 391 931 438 977; x_wconf 88' lang='lat' dir='ltr'>id</span> <span class='ocrx_word' id='word_1_80' title='bbox 462 942 525 977; x_wconf 90' lang='lat' dir='ltr'>est</span> <span class='ocrx_word' id='word_1_81' title='bbox 545 931 749 977; x_wconf 67' lang='lat' dir='ltr'>Ecclesiae</span> <span class='ocrx_word' id='word_1_82' title='bbox 773 941 865 976; x_wconf 88' lang='lat' dir='ltr'>toto</span> <span class='ocrx_word' id='word_1_83' title='bbox 886 931 991 976; x_wconf 91' lang='lat' dir='ltr'>orbe</span> <span class='ocrx_word' id='word_1_84' title='bbox 1012 928 1212 978; x_wconf 66' lang='lat' dir='ltr'>diffusae?</span> <span class='ocrx_word' id='word_1_85' title='bbox 1236 933 1344 978; x_wconf 64' lang='lat' dir='ltr'>Nam</span> <span class='ocrx_word' id='word_1_86' title='bbox 1361 943 1402 979; x_wconf 87' lang='lat' dir='ltr'>et</span> 
     </span>
     <span class='ocr_line' id='line_1_11' title="bbox 24 997 1405 1070; baseline -0.002 -19"><span class='ocrx_word' id='word_1_87' title='bbox 24 1008 114 1070; x_wconf 86' lang='lat' dir='ltr'>ipse</span> <span class='ocrx_word' id='word_1_88' title='bbox 131 1005 289 1057; x_wconf 82' lang='lat' dir='ltr'>Lucas,</span> <span class='ocrx_word' id='word_1_89' title='bbox 316 1019 404 1048; x_wconf 89' lang='lat' dir='ltr'>non</span> <span class='ocrx_word' id='word_1_90' title='bbox 426 1001 604 1065; x_wconf 88' lang='lat' dir='ltr'>quidem</span> <span class='ocrx_word' id='word_1_91' title='bbox 631 1000 811 1065; x_wconf 85' lang='lat' dir='ltr'>quando</span> <span class='ocrx_word' id='word_1_92' title='bbox 831 1019 851 1047; x_wconf 87' lang='lat' dir='ltr'>a</span> <span class='ocrx_word' id='word_1_93' title='bbox 884 997 1124 1064; x_wconf 85' lang='lat' dir='ltr'>Discipulis</span> <span class='ocrx_word' id='word_1_94' title='bbox 1144 1002 1230 1048; x_wconf 88' lang='lat' dir='ltr'>suis</span> <span class='ocrx_word' id='word_1_95' title='bbox 1254 1002 1306 1049; x_wconf 89' lang='lat' dir='ltr'>de</span> <span class='ocrx_word' id='word_1_96' title='bbox 1323 1003 1405 1048; x_wconf 89' lang='lat' dir='ltr'>ad-</span> 
     </span>
     <span class='ocr_line' id='line_1_12' title="bbox 23 1072 1406 1132; baseline -0.002 -10"><span class='ocrx_word' id='word_1_97' title='bbox 23 1085 154 1123; x_wconf 82' lang='lat' dir='ltr'>ventu</span> <span class='ocrx_word' id='word_1_98' title='bbox 173 1090 251 1120; x_wconf 90' lang='lat' dir='ltr'>suo</span> <span class='ocrx_word' id='word_1_99' title='bbox 268 1072 482 1119; x_wconf 86' lang='lat' dir='ltr'>Dominus</span> <span class='ocrx_word' id='word_1_100' title='bbox 504 1073 802 1132; x_wconf 79' lang='lat' dir='ltr'>interrogatus</span> <span class='ocrx_word' id='word_1_101' title='bbox 820 1082 900 1127; x_wconf 84' lang='lat' dir='ltr'>est,</span> <span class='ocrx_word' id='word_1_102' title='bbox 945 1072 1023 1118; x_wconf 88' lang='lat' dir='ltr'>ubi</span> <span class='ocrx_word' id='word_1_103' title='bbox 1055 1072 1142 1119; x_wconf 87' lang='lat' dir='ltr'>hoc</span> <span class='ocrx_word' id='word_1_104' title='bbox 1165 1073 1406 1120; x_wconf 68' lang='lat' dir='ltr'>Matthaeus</span> 
     </span>
     <span class='ocr_line' id='line_1_13' title="bbox 25 1141 1405 1208; baseline -0.002 -14"><span class='ocrx_word' id='word_1_105' title='bbox 25 1144 378 1195; x_wconf 82' lang='lat' dir='ltr'>commemoravit</span> <span class='ocrx_word' id='word_1_106' title='bbox 398 1154 440 1189; x_wconf 92' lang='lat' dir='ltr'>et</span> <span class='ocrx_word' id='word_1_107' title='bbox 454 1147 646 1201; x_wconf 83' lang='lat' dir='ltr'>Marcus,</span> <span class='ocrx_word' id='word_1_108' title='bbox 665 1143 740 1189; x_wconf 87' lang='lat' dir='ltr'>sed</span> <span class='ocrx_word' id='word_1_109' title='bbox 761 1143 951 1189; x_wconf 83' lang='lat' dir='ltr'>alioloco</span> <span class='ocrx_word' id='word_1_110' title='bbox 968 1144 1044 1189; x_wconf 85' lang='lat' dir='ltr'>ubi</span> <span class='ocrx_word' id='word_1_111' title='bbox 1057 1141 1269 1191; x_wconf 59' lang='lat' dir='ltr'>Pharisaei</span> <span class='ocrx_word' id='word_1_112' title='bbox 1285 1157 1405 1208; x_wconf 81' lang='lat' dir='ltr'>quae-</span> 
     </span>
     <span class='ocr_line' id='line_1_14' title="bbox 26 1213 1407 1279; baseline -0.003 -15"><span class='ocrx_word' id='word_1_113' title='bbox 26 1218 188 1279; x_wconf 80' lang='lat' dir='ltr'>sierunt</span> <span class='ocrx_word' id='word_1_114' title='bbox 216 1216 270 1261; x_wconf 89' lang='lat' dir='ltr'>ab</span> <span class='ocrx_word' id='word_1_115' title='bbox 291 1214 384 1271; x_wconf 83' lang='grc'><strong>1-110,</strong></span> <span class='ocrx_word' id='word_1_116' title='bbox 411 1213 589 1277; x_wconf 83' lang='lat' dir='ltr'>quando</span> <span class='ocrx_word' id='word_1_117' title='bbox 614 1214 757 1259; x_wconf 87' lang='lat' dir='ltr'>veniet</span> <span class='ocrx_word' id='word_1_118' title='bbox 781 1229 964 1273; x_wconf 83' lang='lat' dir='ltr'>regnum</span> <span class='ocrx_word' id='word_1_119' title='bbox 991 1213 1098 1267; x_wconf 87' lang='lat' dir='ltr'>Dei,</span> <span class='ocrx_word' id='word_1_120' title='bbox 1125 1214 1211 1260; x_wconf 85' lang='lat' dir='ltr'>tale</span> <span class='ocrx_word' id='word_1_121' title='bbox 1240 1214 1407 1277; x_wconf 84' lang='lat' dir='ltr'>aliquid</span> 
     </span>
     <span class='ocr_line' id='line_1_15' title="bbox 25 1282 1408 1346; baseline -0.004 -12"><span class='ocrx_word' id='word_1_122' title='bbox 25 1294 123 1336; x_wconf 74' lang='lat' dir='ltr'>eum</span> <span class='ocrx_word' id='word_1_123' title='bbox 144 1286 295 1332; x_wconf 83' lang='lat' dir='ltr'>dixisse</span> <span class='ocrx_word' id='word_1_124' title='bbox 318 1285 511 1331; x_wconf 82' lang='lat' dir='ltr'>narravit</span> <span class='ocrx_word' id='word_1_125' title='bbox 536 1301 546 1329; x_wconf 90' lang='lat'>:</span> <span class='ocrx_word' id='word_1_126' title='bbox 580 1304 599 1324; x_wconf 79' lang='grc' dir='ltr'>α</span> <span class='ocrx_word' id='word_1_127' title='bbox 627 1284 680 1328; x_wconf 89' lang='lat' dir='ltr'>In</span> <span class='ocrx_word' id='word_1_128' title='bbox 706 1283 802 1337; x_wconf 83' lang='lat' dir='ltr'>illa,</span> <span class='ocrx_word' id='word_1_129' title='bbox 831 1283 993 1346; x_wconf 87' lang='lat' dir='ltr'>inquit,</span> <span class='ocrx_word' id='word_1_130' title='bbox 1020 1282 1148 1338; x_wconf 83' lang='lat' dir='ltr'>hora,</span> <span class='ocrx_word' id='word_1_131' title='bbox 1169 1283 1248 1346; x_wconf 90' lang='lat' dir='ltr'>qui</span> <span class='ocrx_word' id='word_1_132' title='bbox 1278 1283 1408 1329; x_wconf 82' lang='lat' dir='ltr'>fuerit</span> 
     </span>
     <span class='ocr_line' id='line_1_16' title="bbox 28 1353 1405 1415; baseline -0.002 -12"><span class='ocrx_word' id='word_1_133' title='bbox 28 1376 50 1403; x_wconf 69' lang='lat' dir='ltr'>n</span> <span class='ocrx_word' id='word_1_134' title='bbox 67 1359 114 1406; x_wconf 89' lang='lat' dir='ltr'>in</span> <span class='ocrx_word' id='word_1_135' title='bbox 133 1365 246 1404; x_wconf 82' lang='lat' dir='ltr'>tecto</span> <span class='ocrx_word' id='word_1_136' title='bbox 273 1367 314 1403; x_wconf 91' lang='lat' dir='ltr'>et</span> <span class='ocrx_word' id='word_1_137' title='bbox 333 1373 432 1402; x_wconf 86' lang='lat' dir='ltr'>vasa</span> <span class='ocrx_word' id='word_1_138' title='bbox 451 1355 601 1415; x_wconf 87' lang='lat' dir='ltr'>ejusin</span> <span class='ocrx_word' id='word_1_139' title='bbox 625 1355 771 1411; x_wconf 89' lang='lat' dir='ltr'>domo,</span> <span class='ocrx_word' id='word_1_140' title='bbox 800 1371 853 1399; x_wconf 91' lang='lat' dir='ltr'>ne</span> <span class='ocrx_word' id='word_1_141' title='bbox 873 1353 1110 1399; x_wconf 82' lang='lat' dir='ltr'>descendat</span> <span class='ocrx_word' id='word_1_142' title='bbox 1138 1353 1287 1399; x_wconf 86' lang='lat' dir='ltr'>tollere</span> <span class='ocrx_word' id='word_1_143' title='bbox 1307 1353 1405 1409; x_wconf 81' lang='lat' dir='ltr'>illa3</span> 
     </span>
    </p>

    <p class='ocr_par' dir='ltr' id='par_1_2' title="bbox 0 1423 1121 1491">
     <span class='ocr_line' id='line_1_17' title="bbox 0 1423 1121 1491; baseline -0.01 -16"><span class='ocrx_word' id='word_1_144' title='bbox 0 1439 1 1475; x_wconf 65' lang='grc'>1</span> <span class='ocrx_word' id='word_1_145' title='bbox 23 1446 53 1473; x_wconf 68' lang='lat'>5&gt;</span> <span class='ocrx_word' id='word_1_146' title='bbox 70 1438 109 1475; x_wconf 86' lang='lat' dir='ltr'>et</span> <span class='ocrx_word' id='word_1_147' title='bbox 121 1424 197 1491; x_wconf 87' lang='lat' dir='ltr'>qui</span> <span class='ocrx_word' id='word_1_148' title='bbox 213 1427 258 1472; x_wconf 86' lang='lat' dir='ltr'>in</span> <span class='ocrx_word' id='word_1_149' title='bbox 278 1442 399 1487; x_wconf 81' lang='lat' dir='ltr'>agro,</span> <span class='ocrx_word' id='word_1_150' title='bbox 417 1423 613 1471; x_wconf 89' lang='lat' dir='ltr'>similiter</span> <span class='ocrx_word' id='word_1_151' title='bbox 630 1442 718 1470; x_wconf 90' lang='lat' dir='ltr'>non</span> <span class='ocrx_word' id='word_1_152' title='bbox 743 1424 892 1470; x_wconf 85' lang='lat' dir='ltr'>redeat</span> <span class='ocrx_word' id='word_1_153' title='bbox 912 1434 1026 1469; x_wconf 85' lang='lat' dir='ltr'>retro</span> <span class='ocrx_word' id='word_1_154' title='bbox 1040 1423 1073 1470; x_wconf 66' lang='grc'>1.</span> <span class='ocrx_word' id='word_1_155' title='bbox 1099 1445 1121 1465; x_wconf 83' lang='grc'>»</span> 
     </span>
    </p>

    <p class='ocr_par' dir='ltr' id='par_1_3' title="bbox 0 1496 1409 1560">
     <span class='ocr_line' id='line_1_18' title="bbox 0 1496 1409 1560; baseline -0.002 -17"><span class='ocrx_word' id='word_1_156' title='bbox 0 1519 1 1543; x_wconf 63' lang='lat' dir='ltr'>l</span> <span class='ocrx_word' id='word_1_157' title='bbox 92 1498 305 1544; x_wconf 80' lang='lat' dir='ltr'>XXXIII.</span> <span class='ocrx_word' id='word_1_158' title='bbox 327 1496 412 1542; x_wconf 86' lang='lat' dir='ltr'>Sed</span> <span class='ocrx_word' id='word_1_159' title='bbox 429 1513 548 1542; x_wconf 89' lang='lat' dir='ltr'>nune</span> <span class='ocrx_word' id='word_1_160' title='bbox 567 1507 752 1560; x_wconf 84' lang='lat' dir='ltr'>propter</span> <span class='ocrx_word' id='word_1_161' title='bbox 765 1496 1140 1559; x_wconf 87' lang='lat' dir='ltr'>computationem</span> <span class='ocrx_word' id='word_1_162' title='bbox 1158 1505 1409 1559; x_wconf 85' lang='lat' dir='ltr'>temporum</span> 
     </span>
    </p>

    <p class='ocr_par' dir='ltr' id='par_1_4' title="bbox 0 1565 1412 1629">
     <span class='ocr_line' id='line_1_19' title="bbox 32 1565 1412 1629; baseline -0.005 -13.159"><span class='ocrx_word' id='word_1_163' title='bbox 32 1569 84 1617; x_wconf 80' lang='lat' dir='ltr'>de</span> <span class='ocrx_word' id='word_1_164' title='bbox 107 1567 295 1614; x_wconf 84' lang='lat' dir='ltr'>Danielis</span> <span class='ocrx_word' id='word_1_165' title='bbox 316 1565 672 1618; x_wconf 82' lang='lat' dir='ltr'>hebdomadibus</span> <span class='ocrx_word' id='word_1_166' title='bbox 700 1565 856 1626; x_wconf 84' lang='lat' dir='ltr'>agitur,</span> <span class='ocrx_word' id='word_1_167' title='bbox 882 1580 982 1629; x_wconf 82' lang='lat' dir='ltr'>quae</span> <span class='ocrx_word' id='word_1_168' title='bbox 1003 1565 1038 1610; x_wconf 90' lang='lat' dir='ltr'>si</span> <span class='ocrx_word' id='word_1_169' title='bbox 1074 1566 1191 1610; x_wconf 79' lang='lat' dir='ltr'>eirea</span> <span class='ocrx_word' id='word_1_170' title='bbox 1212 1571 1412 1628; x_wconf 83' lang='lat' dir='ltr'>tempora</span> 
     </span>
    </p>

    <p class='ocr_par' dir='ltr' id='par_1_5' title="bbox 0 1630 1413 1706">
     <span class='ocr_line' id='line_1_20' title="bbox 0 1630 1413 1705; baseline -0.004 -19"><span class='ocrx_word' id='word_1_171' title='bbox 0 1630 3 1693; x_wconf 71' lang='grc'>1</span> <span class='ocrx_word' id='word_1_172' title='bbox 31 1639 160 1705; x_wconf 84' lang='lat' dir='ltr'>primi</span> <span class='ocrx_word' id='word_1_173' title='bbox 183 1638 393 1685; x_wconf 85' lang='lat' dir='ltr'>adventus</span> <span class='ocrx_word' id='word_1_174' title='bbox 425 1637 604 1683; x_wconf 87' lang='lat' dir='ltr'>Domini</span> <span class='ocrx_word' id='word_1_175' title='bbox 631 1636 866 1700; x_wconf 84' lang='lat' dir='ltr'>eompletae</span> <span class='ocrx_word' id='word_1_176' title='bbox 900 1653 990 1681; x_wconf 83' lang='lat' dir='ltr'>non</span> <span class='ocrx_word' id='word_1_177' title='bbox 1025 1646 1144 1692; x_wconf 85' lang='lat' dir='ltr'>sunt,</span> <span class='ocrx_word' id='word_1_178' title='bbox 1199 1645 1327 1699; x_wconf 83' lang='lat' dir='ltr'>atque</span> <span class='ocrx_word' id='word_1_179' title='bbox 1367 1636 1413 1681; x_wconf 89' lang='lat' dir='ltr'>in</span> 
     </span>
    </p>

    <p class='ocr_par' dir='ltr' id='par_1_6' title="bbox 1 1706 1415 1780">
     <span class='ocr_line' id='line_1_21' title="bbox 1 1706 1415 1780; baseline -0.004 -24"><span class='ocrx_word' id='word_1_180' title='bbox 1 1707 4 1780; x_wconf 55' lang='grc'>1</span> <span class='ocrx_word' id='word_1_181' title='bbox 34 1710 116 1757; x_wconf 84' lang='lat' dir='ltr'>fine</span> <span class='ocrx_word' id='word_1_182' title='bbox 137 1708 415 1772; x_wconf 81' lang='lat' dir='ltr'>complendae</span> <span class='ocrx_word' id='word_1_183' title='bbox 429 1717 548 1764; x_wconf 83' lang='lat' dir='ltr'>sunt,</span> <span class='ocrx_word' id='word_1_184' title='bbox 578 1707 812 1770; x_wconf 87' lang='lat' dir='ltr'>Apostolos</span> <span class='ocrx_word' id='word_1_185' title='bbox 835 1706 922 1752; x_wconf 88' lang='grc'><strong>1100</strong></span> <span class='ocrx_word' id='word_1_186' title='bbox 938 1706 1172 1766; x_wconf 81' lang='lat' dir='ltr'>ignorasse,</span> <span class='ocrx_word' id='word_1_187' title='bbox 1197 1707 1266 1752; x_wconf 84' lang='lat' dir='ltr'>vel</span> <span class='ocrx_word' id='word_1_188' title='bbox 1290 1706 1415 1752; x_wconf 86' lang='lat' dir='ltr'>scisse</span> 
     </span>
    </p>

    <p class='ocr_par' dir='ltr' id='par_1_7' title="bbox 2 1776 1415 1854">
     <span class='ocr_line' id='line_1_22' title="bbox 2 1776 1415 1854; baseline -0.004 -28"><span class='ocrx_word' id='word_1_189' title='bbox 2 1785 5 1854; x_wconf 51' lang='grc' dir='ltr'>ἰ</span> <span class='ocrx_word' id='word_1_190' title='bbox 34 1780 228 1845; x_wconf 83' lang='lat' dir='ltr'>quidem,</span> <span class='ocrx_word' id='word_1_191' title='bbox 253 1779 326 1825; x_wconf 92' lang='lat' dir='ltr'>sed</span> <span class='ocrx_word' id='word_1_192' title='bbox 348 1779 502 1825; x_wconf 83' lang='lat' dir='ltr'>docere</span> <span class='ocrx_word' id='word_1_193' title='bbox 524 1778 777 1842; x_wconf 84' lang='lat' dir='ltr'>prohibitos</span> <span class='ocrx_word' id='word_1_194' title='bbox 801 1777 932 1823; x_wconf 76' lang='lat' dir='ltr'>fuissev</span> <span class='ocrx_word' id='word_1_195' title='bbox 945 1778 1042 1841; x_wconf 84' lang='lat' dir='ltr'>quis</span> <span class='ocrx_word' id='word_1_196' title='bbox 1063 1776 1244 1823; x_wconf 73' lang='lat' dir='ltr'>credat?</span> <span class='ocrx_word' id='word_1_197' title='bbox 1266 1778 1415 1834; x_wconf 83' lang='lat' dir='ltr'>Quan-</span> 
     </span>
    </p>

    <p class='ocr_par' dir='ltr' id='par_1_8' title="bbox 2 1847 1416 1919">
     <span class='ocr_line' id='line_1_23' title="bbox 2 1847 1416 1919; baseline -0.004 -21"><span class='ocrx_word' id='word_1_198' title='bbox 2 1857 6 1919; x_wconf 57' lang='grc'>1</span> <span class='ocrx_word' id='word_1_199' title='bbox 36 1860 166 1916; x_wconf 75' lang='lat' dir='ltr'>quam</span> <span class='ocrx_word' id='word_1_200' title='bbox 182 1850 218 1896; x_wconf 86' lang='lat' dir='ltr'>si</span> <span class='ocrx_word' id='word_1_201' title='bbox 239 1850 328 1896; x_wconf 86' lang='lat' dir='ltr'>hoe</span> <span class='ocrx_word' id='word_1_202' title='bbox 344 1850 404 1896; x_wconf 84' lang='lat' dir='ltr'>ita</span> <span class='ocrx_word' id='word_1_203' title='bbox 419 1859 499 1905; x_wconf 89' lang='lat' dir='ltr'>est,</span> <span class='ocrx_word' id='word_1_204' title='bbox 527 1849 695 1895; x_wconf 88' lang='lat' dir='ltr'>utiliter</span> <span class='ocrx_word' id='word_1_205' title='bbox 720 1848 922 1894; x_wconf 89' lang='lat' dir='ltr'>nesciunt</span> <span class='ocrx_word' id='word_1_206' title='bbox 941 1858 1086 1908; x_wconf 84' lang='lat' dir='ltr'>gentes</span> <span class='ocrx_word' id='word_1_207' title='bbox 1108 1847 1230 1910; x_wconf 88' lang='lat' dir='ltr'>quod</span> <span class='ocrx_word' id='word_1_208' title='bbox 1251 1847 1416 1893; x_wconf 86' lang='lat' dir='ltr'>Domi-</span> 
     </span>
    </p>

    <p class='ocr_par' dir='ltr' id='par_1_9' title="bbox 3 1917 1417 1983">
     <span class='ocr_line' id='line_1_24' title="bbox 3 1917 1417 1983; baseline -0.004 -16"><span class='ocrx_word' id='word_1_209' title='bbox 3 1924 7 1972; x_wconf 64' lang='lat'><em>}</em></span> <span class='ocrx_word' id='word_1_210' title='bbox 36 1935 116 1968; x_wconf 82' lang='lat' dir='ltr'>nus</span> <span class='ocrx_word' id='word_1_211' title='bbox 141 1920 295 1967; x_wconf 85' lang='lat' dir='ltr'>docere</span> <span class='ocrx_word' id='word_1_212' title='bbox 310 1919 545 1983; x_wconf 87' lang='lat' dir='ltr'>prohibuit</span> <span class='ocrx_word' id='word_1_213' title='bbox 569 1936 656 1975; x_wconf 87' lang='lat' dir='ltr'>eos,</span> <span class='ocrx_word' id='word_1_214' title='bbox 680 1935 790 1982; x_wconf 89' lang='lat' dir='ltr'>quos</span> <span class='ocrx_word' id='word_1_215' title='bbox 812 1918 1006 1979; x_wconf 80' lang='lat' dir='ltr'>gentium</span> <span class='ocrx_word' id='word_1_216' title='bbox 1032 1917 1172 1964; x_wconf 86' lang='lat' dir='ltr'>voluit</span> <span class='ocrx_word' id='word_1_217' title='bbox 1194 1934 1280 1963; x_wconf 90' lang='lat' dir='ltr'>esse</span> <span class='ocrx_word' id='word_1_218' title='bbox 1307 1917 1417 1963; x_wconf 88' lang='lat' dir='ltr'>doc-</span> 
     </span>
    </p>

    <p class='ocr_par' dir='ltr' id='par_1_10' title="bbox 4 1982 1421 2265">
     <span class='ocr_line' id='line_1_25' title="bbox 4 1982 1419 2058; baseline -0.004 -19"><span class='ocrx_word' id='word_1_219' title='bbox 4 1982 7 2058; x_wconf 72' lang='grc'>1</span> <span class='ocrx_word' id='word_1_220' title='bbox 33 1999 160 2039; x_wconf 58' lang='lat' dir='ltr'>tores.</span> <span class='ocrx_word' id='word_1_221' title='bbox 196 1991 242 2036; x_wconf 89' lang='lat' dir='ltr'>Si</span> <span class='ocrx_word' id='word_1_222' title='bbox 260 2001 403 2036; x_wconf 85' lang='lat' dir='ltr'>autem</span> <span class='ocrx_word' id='word_1_223' title='bbox 433 1994 525 2050; x_wconf 84' lang='lat' dir='ltr'>jam</span> <span class='ocrx_word' id='word_1_224' title='bbox 558 1989 792 2053; x_wconf 80' lang='lat' dir='ltr'>completae</span> <span class='ocrx_word' id='word_1_225' title='bbox 809 1999 908 2035; x_wconf 93' lang='lat' dir='ltr'>sunt</span> <span class='ocrx_word' id='word_1_226' title='bbox 933 1988 1141 2051; x_wconf 75' lang='lat' dir='ltr'>quiajam</span> <span class='ocrx_word' id='word_1_227' title='bbox 1167 1998 1230 2033; x_wconf 86' lang='lat' dir='ltr'>est</span> <span class='ocrx_word' id='word_1_228' title='bbox 1260 1997 1419 2034; x_wconf 83' lang='lat' dir='ltr'>unctus</span> 
     </span>
     <span class='ocr_line' id='line_1_26' title="bbox 41 2059 1420 2120; baseline -0.004 -11"><span class='ocrx_word' id='word_1_229' title='bbox 41 2064 222 2110; x_wconf 82' lang='lat' dir='ltr'>Sanctus</span> <span class='ocrx_word' id='word_1_230' title='bbox 241 2061 521 2117; x_wconf 85' lang='lat' dir='ltr'>Sanctorum,</span> <span class='ocrx_word' id='word_1_231' title='bbox 548 2064 642 2120; x_wconf 88' lang='lat' dir='ltr'>jam</span> <span class='ocrx_word' id='word_1_232' title='bbox 671 2060 840 2106; x_wconf 85' lang='lat' dir='ltr'>occisus</span> <span class='ocrx_word' id='word_1_233' title='bbox 861 2069 923 2104; x_wconf 81' lang='lat' dir='ltr'>est</span> <span class='ocrx_word' id='word_1_234' title='bbox 937 2059 1157 2114; x_wconf 81' lang='lat' dir='ltr'>ChristuS,</span> <span class='ocrx_word' id='word_1_235' title='bbox 1183 2069 1232 2104; x_wconf 85' lang='lat' dir='ltr'>ut</span> <span class='ocrx_word' id='word_1_236' title='bbox 1246 2076 1334 2104; x_wconf 90' lang='lat' dir='ltr'>non</span> <span class='ocrx_word' id='word_1_237' title='bbox 1359 2076 1420 2104; x_wconf 87' lang='lat' dir='ltr'>es-</span> 
     </span>
     <span class='ocr_line' id='line_1_27' title="bbox 42 2130 1421 2195; baseline -0.004 -15"><span class='ocrx_word' id='word_1_238' title='bbox 42 2145 100 2180; x_wconf 88' lang='lat' dir='ltr'>set</span> <span class='ocrx_word' id='word_1_239' title='bbox 117 2132 305 2179; x_wconf 85' lang='lat' dir='ltr'>civitatis</span> <span class='ocrx_word' id='word_1_240' title='bbox 328 2135 438 2192; x_wconf 86' lang='lat' dir='ltr'>ejus,</span> <span class='ocrx_word' id='word_1_241' title='bbox 450 2135 542 2191; x_wconf 81' lang='lat' dir='ltr'>jam</span> <span class='ocrx_word' id='word_1_242' title='bbox 558 2131 612 2177; x_wconf 89' lang='lat' dir='ltr'>de</span> <span class='ocrx_word' id='word_1_243' title='bbox 633 2131 798 2195; x_wconf 91' lang='lat' dir='ltr'>templo</span> <span class='ocrx_word' id='word_1_244' title='bbox 823 2130 897 2176; x_wconf 92' lang='lat' dir='ltr'>illo</span> <span class='ocrx_word' id='word_1_245' title='bbox 923 2130 1145 2175; x_wconf 80' lang='lat' dir='ltr'>sublatum</span> <span class='ocrx_word' id='word_1_246' title='bbox 1163 2141 1226 2175; x_wconf 88' lang='lat' dir='ltr'>est</span> <span class='ocrx_word' id='word_1_247' title='bbox 1253 2130 1421 2176; x_wconf 83' lang='lat' dir='ltr'>sacrifl-</span> 
     </span>
     <span class='ocr_line' id='line_1_28' title="bbox 42 2200 1421 2265; baseline -0.004 -13"><span class='ocrx_word' id='word_1_248' title='bbox 42 2206 176 2258; x_wconf 81' lang='lat' dir='ltr'>cium,</span> <span class='ocrx_word' id='word_1_249' title='bbox 203 2203 373 2250; x_wconf 83' lang='lat' dir='ltr'>sublata</span> <span class='ocrx_word' id='word_1_250' title='bbox 397 2213 459 2248; x_wconf 87' lang='lat' dir='ltr'>est</span> <span class='ocrx_word' id='word_1_251' title='bbox 478 2203 651 2260; x_wconf 81' lang='lat' dir='ltr'>unctio,</span> <span class='ocrx_word' id='word_1_252' title='bbox 684 2203 840 2248; x_wconf 84' lang='lat' dir='ltr'>merito</span> <span class='ocrx_word' id='word_1_253' title='bbox 867 2200 1084 2265; x_wconf 89' lang='lat' dir='ltr'>Apostolis</span> <span class='ocrx_word' id='word_1_254' title='bbox 1112 2200 1166 2246; x_wconf 91' lang='lat' dir='ltr'>de</span> <span class='ocrx_word' id='word_1_255' title='bbox 1188 2202 1273 2246; x_wconf 86' lang='lat' dir='ltr'>fine</span> <span class='ocrx_word' id='word_1_256' title='bbox 1293 2218 1421 2264; x_wconf 82' lang='lat' dir='ltr'>quae-</span> 
     </span>
    </p>

    <p class='ocr_par' dir='ltr' id='par_1_11' title="bbox 8 2272 1414 2337">
     <span class='ocr_line' id='line_1_29' title="bbox 8 2272 1414 2337; baseline -0.004 -15"><span class='ocrx_word' id='word_1_257' title='bbox 8 2287 11 2334; x_wconf 70' lang='grc'>1</span> <span class='ocrx_word' id='word_1_258' title='bbox 42 2276 499 2337; x_wconf 79' lang='lat' dir='ltr'>rentibusresponsum</span> <span class='ocrx_word' id='word_1_259' title='bbox 518 2283 580 2319; x_wconf 83' lang='lat' dir='ltr'>est</span> <span class='ocrx_word' id='word_1_260' title='bbox 598 2291 608 2318; x_wconf 75' lang='grc' dir='ltr'>ε</span> <span class='ocrx_word' id='word_1_261' title='bbox 631 2295 650 2315; x_wconf 76' lang='grc' dir='ltr'>α</span> <span class='ocrx_word' id='word_1_262' title='bbox 677 2274 775 2318; x_wconf 78' lang='lat' dir='ltr'>Non</span> <span class='ocrx_word' id='word_1_263' title='bbox 793 2283 855 2318; x_wconf 84' lang='lat' dir='ltr'>est</span> <span class='ocrx_word' id='word_1_264' title='bbox 872 2281 1063 2318; x_wconf 84' lang='lat' dir='ltr'>vestrum</span> <span class='ocrx_word' id='word_1_265' title='bbox 1076 2272 1184 2316; x_wconf 86' lang='lat' dir='ltr'>seire</span> <span class='ocrx_word' id='word_1_266' title='bbox 1196 2281 1414 2334; x_wconf 81' lang='lat' dir='ltr'>tempora,</span> 
     </span>
    </p>

    <p class='ocr_par' dir='ltr' id='par_1_12' title="bbox 8 2342 1422 2410">
     <span class='ocr_line' id='line_1_30' title="bbox 8 2342 1422 2410; baseline -0.001 -20"><span class='ocrx_word' id='word_1_267' title='bbox 8 2343 28 2366; x_wconf 76' lang='lat'>⁸·</span> <span class='ocrx_word' id='word_1_268' title='bbox 47 2362 68 2390; x_wconf 64' lang='lat' dir='ltr'>u</span> <span class='ocrx_word' id='word_1_269' title='bbox 90 2359 188 2410; x_wconf 84' lang='lat' dir='ltr'>quae</span> <span class='ocrx_word' id='word_1_270' title='bbox 209 2346 338 2390; x_wconf 88' lang='lat' dir='ltr'>Pater</span> <span class='ocrx_word' id='word_1_271' title='bbox 351 2344 396 2389; x_wconf 85' lang='lat' dir='ltr'>in</span> <span class='ocrx_word' id='word_1_272' title='bbox 411 2361 486 2389; x_wconf 88' lang='lat' dir='ltr'>sua</span> <span class='ocrx_word' id='word_1_273' title='bbox 500 2353 713 2407; x_wconf 81' lang='lat' dir='ltr'>potestate</span> <span class='ocrx_word' id='word_1_274' title='bbox 729 2343 922 2407; x_wconf 84' lang='lat' dir='ltr'>posuit2,</span> <span class='ocrx_word' id='word_1_275' title='bbox 945 2363 965 2383; x_wconf 65' lang='lat'>&gt;³</span> <span class='ocrx_word' id='word_1_276' title='bbox 980 2342 1189 2405; x_wconf 85' lang='lat' dir='ltr'>quoniam</span> <span class='ocrx_word' id='word_1_277' title='bbox 1211 2351 1422 2405; x_wconf 82' lang='lat' dir='ltr'>tempora,</span> 
     </span>
    </p>

    <p class='ocr_par' dir='ltr' id='par_1_13' title="bbox 10 2412 1426 2481">
     <span class='ocr_line' id='line_1_31' title="bbox 10 2412 1426 2481; baseline -0.002 -19"><span class='ocrx_word' id='word_1_278' title='bbox 10 2453 13 2465; x_wconf 79' lang='grc'>,</span> <span class='ocrx_word' id='word_1_279' title='bbox 47 2429 230 2481; x_wconf 82' lang='lat' dir='ltr'>perquae</span> <span class='ocrx_word' id='word_1_280' title='bbox 241 2414 430 2461; x_wconf 82' lang='lat' dir='ltr'>Danielis</span> <span class='ocrx_word' id='word_1_281' title='bbox 444 2414 725 2477; x_wconf 85' lang='lat' dir='ltr'>prophetiam</span> <span class='ocrx_word' id='word_1_282' title='bbox 743 2415 850 2459; x_wconf 86' lang='lat' dir='ltr'>scire</span> <span class='ocrx_word' id='word_1_283' title='bbox 872 2423 1091 2477; x_wconf 80' lang='lat' dir='ltr'>poterant,</span> <span class='ocrx_word' id='word_1_284' title='bbox 1116 2429 1205 2458; x_wconf 89' lang='lat' dir='ltr'>non</span> <span class='ocrx_word' id='word_1_285' title='bbox 1231 2412 1285 2459; x_wconf 87' lang='lat' dir='ltr'>ad</span> <span class='ocrx_word' id='word_1_286' title='bbox 1296 2413 1426 2459; x_wconf 88' lang='lat' dir='ltr'>finem</span> 
     </span>
    </p>

    <p class='ocr_par' dir='ltr' id='par_1_14' title="bbox 10 2473 1010 2548">
     <span class='ocr_line' id='line_1_32' title="bbox 10 2473 1010 2548; baseline -0.004 -14"><span class='ocrx_word' id='word_1_287' title='bbox 10 2473 206 2548; x_wconf 50' lang='lat' dir='ltr'>{sae&#39;culh</span> <span class='ocrx_word' id='word_1_288' title='bbox 234 2486 288 2532; x_wconf 92' lang='lat' dir='ltr'>de</span> <span class='ocrx_word' id='word_1_289' title='bbox 302 2502 391 2548; x_wconf 88' lang='lat' dir='ltr'>quo</span> <span class='ocrx_word' id='word_1_290' title='bbox 408 2485 686 2548; x_wconf 66' lang='lat' dir='ltr'>quaesierant,</span> <span class='ocrx_word' id='word_1_291' title='bbox 714 2485 1010 2548; x_wconf 76' lang='lat' dir='ltr'>pertinebant.</span> 
     </span>
    </p>
   </div>
   <div class='ocr_carea' id='block_1_2' title="bbox 11 2553 1429 2687">
    <p class='ocr_par' dir='ltr' id='par_1_15' title="bbox 11 2553 1429 2687">
     <span class='ocr_line' id='line_1_33' title="bbox 11 2553 1429 2628; baseline -0.001 -25"><span class='ocrx_word' id='word_1_292' title='bbox 11 2556 15 2628; x_wconf 52' lang='grc' dir='ltr'>ξ</span> <span class='ocrx_word' id='word_1_293' title='bbox 110 2555 313 2603; x_wconf 84' lang='lat' dir='ltr'>XXXIV.</span> <span class='ocrx_word' id='word_1_294' title='bbox 346 2555 476 2616; x_wconf 81' lang='lat' dir='ltr'>Signa</span> <span class='ocrx_word' id='word_1_295' title='bbox 492 2572 593 2602; x_wconf 81' lang='lat' dir='ltr'>Vero</span> <span class='ocrx_word' id='word_1_296' title='bbox 609 2556 663 2601; x_wconf 90' lang='lat' dir='ltr'>de</span> <span class='ocrx_word' id='word_1_297' title='bbox 683 2555 796 2602; x_wconf 88' lang='grc'><strong>00010</strong></span> <span class='ocrx_word' id='word_1_298' title='bbox 816 2567 858 2602; x_wconf 84' lang='grc'>01</span> <span class='ocrx_word' id='word_1_299' title='bbox 873 2565 1003 2612; x_wconf 81' lang='lat' dir='ltr'>terra,</span> <span class='ocrx_word' id='word_1_300' title='bbox 1022 2553 1242 2619; x_wconf 86' lang='lat' dir='ltr'>numquid</span> <span class='ocrx_word' id='word_1_301' title='bbox 1263 2558 1429 2615; x_wconf 84' lang='lat' dir='ltr'>maJ&#39;ora</span> 
     </span>
     <span class='ocr_line' id='line_1_34' title="bbox 12 2637 756 2687; baseline 0.001 -15"><span class='ocrx_word' id='word_1_302' title='bbox 12 2642 15 2687; x_wconf 53' lang='grc' dir='ltr'>ἦ</span> <span class='ocrx_word' id='word_1_303' title='bbox 97 2638 293 2676; x_wconf 74' lang='lat' dir='ltr'>¹Luc.xv11,</span> <span class='ocrx_word' id='word_1_304' title='bbox 310 2649 352 2670; x_wconf 90' lang='lat'>20</span> <span class='ocrx_word' id='word_1_305' title='bbox 368 2644 399 2671; x_wconf 87' lang='grc'>01</span> <span class='ocrx_word' id='word_1_306' title='bbox 420 2640 473 2673; x_wconf 80' lang='grc'>31.</span> <span class='ocrx_word' id='word_1_307' title='bbox 488 2656 533 2662; x_wconf 92' lang='lat'>—-</span> <span class='ocrx_word' id='word_1_308' title='bbox 546 2637 562 2662; x_wconf 82' lang='lat'>²</span> <span class='ocrx_word' id='word_1_309' title='bbox 577 2642 651 2672; x_wconf 81' lang='lat' dir='ltr'>Act.</span> <span class='ocrx_word' id='word_1_310' title='bbox 673 2651 703 2679; x_wconf 86' lang='lat'>1,</span> <span class='ocrx_word' id='word_1_311' title='bbox 726 2651 756 2681; x_wconf 90' lang='lat'>7.</span> 
     </span>
    </p>
   </div>
  </div>
 </body>
</html>
