1769 3235
346 281 440 336 414
749 294 783 323 s.
828 292 1070 323 AUGUSTIM
1104 292 1308 323 EPISCOPI

343 362 434 418 jam
464 374 555 403 non
579 357 791 403 debemus
808 372 1002 420 quaerere
1018 393 1027 407 ,
1052 356 1229 419 quando
1254 356 1437 420 quisque
1457 356 1587 404 fuerit
1612 358 1745 454 bap-j

352 430 534 483 tizatus;
576 428 648 475 sed
673 444 971 492 quoscumque
1004 427 1184 487 legimus
1220 429 1264 473 in
1297 445 1480 491 corpore
1519 429 1745 499 Christi,3

353 498 473 562 quod
497 510 560 545 est
586 498 776 545 Ecclesia
794 535 803 552 ‚
830 499 1043 561 pertinere
1064 498 1116 543 ad
1144 515 1323 558 reguum
1349 498 1582 555 coelorum,
1609 507 1745 557 non-l

355 568 434 615 nisi
460 570 705 633 baptizatos
729 567 964 628 intelligere
992 567 1200 613 debemus
1219 604 1230 625 ‚
1263 569 1344 614 nisi
1366 567 1476 614 forte
1510 586 1618 632 quos
1646 574 1746 626 ati-i

355 640 494 700 gustia
528 639 736 703 passionis
772 639 966 695 invenit,
994 650 1036 683 et
1070 638 1260 683 nolentes
1284 655 1437 698 negare
1467 639 1691 686 Christum
1711 631 1747 703 ,ξ

354 721 585 774 antequam
609 710 938 773 baptizarentur
960 709 1092 753 occisi
1127 720 1252 765 sunt,
1278 710 1440 772 quibus
1466 710 1560 772 ipsa
1585 712 1747 774 passio}

357 797 438 843 pro
457 780 676 843 baptismo
709 779 916 842 deputata
941 789 1015 824 est.
1043 778 1127 823 Sed
1153 778 1367 842 numquid
1395 779 1481 824 hoc
1503 778 1748 843 possumus}

357 851 411 896 de
433 851 651 914 Apostolis
668 850 811 895 (licere
828 885 838 904 ,
856 849 933 912 qui
958 865 1095 911 usque
1117 849 1224 894 adeo
1247 849 1415 909 largum
1440 861 1612 914 tempus
1646 851 1749 915 ᾔει-ζ

360 922 550 967 buerunt
566 937 653 983 quo
666 919 1016 982 baptizarentur,
1041 929 1090 963 ut
1108 918 1210 964 alios
1229 920 1356 965 etiam
1380 921 1750 983 baptizax⁷eri11ti¹i

361 992 443 1037 Sed
476 1008 562 1037 non
583 990 728 1035 omnia
751 1007 852 1053 quae
875 989 992 1035 facta
1015 1001 1133 1046 sunt,
1159 991 1287 1036 etiam
1317 992 1477 1054 scripta
1499 992 1749 1056 iuvamina-3

366 1073 434 1106 tur
452 1098 462 1116 ‚
487 1072 785 1107 verumtamen
810 1059 926 1105 facta
956 1077 1042 1106 esse
1076 1077 1123 1105 ex
1154 1061 1319 1107 caeteris
1336 1061 1610 1108 documentis
1629 1058 1750 1128 pro-2

362 1132 541 1177 bantur.
578 1130 804 1193 Scriptum
838 1141 901 1175 est
939 1130 1116 1193 quando
1152 1132 1397 1195 baptizatus
1425 1133 1479 1178 sit
1514 1133 1750 1196 apostolus}

366 1201 526 1247 Paulus
547 1238 557 1255 ‚
597 1212 640 1246 et
671 1202 886 1263 scriptum
920 1218 1008 1246 non
1032 1212 1094 1246 est
1117 1203 1295 1265 quando
1322 1203 1534 1266 baptizati
1559 1206 1645 1249 sint
1667 1203 1750 1262 alii}

366 1271 565 1335 Apostoli
580 1271 622 1325 ¹3
646 1282 940 1316 verumtamen
959 1272 1085 1317 etiam
1106 1272 1222 1334 ipsos
1244 1273 1488 1336 baptizatos
1505 1274 1751 1334 intelligere}

369 1342 580 1388 debemus
604 1359 614 1386 :
644 1340 1016 1404 quemadmodum
1057 1344 1268 1405 scriptum
1294 1355 1355 1388 est
1385 1345 1562 1407 quando
1589 1345 1752 1413 bapti-i

368 1423 474 1458 zatae
499 1413 584 1457 sint
610 1412 759 1475 plebes
782 1411 1059 1458 ecclesiarum
1084 1413 1128 1458 in
1153 1414 1391 1460 Jerusalem
1415 1425 1458 1460 et
1481 1415 1704 1462 Samaria²
1724 1420 1751 1485 ,ἶ

369 1482 548 1547 quando
569 1495 708 1528 autem
736 1483 970 1546 baptizatae
994 1484 1079 1529 sint
1107 1484 1202 1530 aliae
1226 1484 1373 1548 plebes
1400 1487 1593 1545 gentium
1611 1523 1622 1542 ‚
1648 1486 1752 1551 qui-g

368 1554 450 1598 bus
471 1553 665 1616 Apostoli
687 1553 900 1615 Epistolas
916 1554 1124 1600 miserunt
1143 1572 1232 1599 non
1246 1565 1307 1600 est
1328 1558 1477 1619 utique
1494 1557 1708 1620 scriptum
1726 1590 1752 1612 ,ι

370 1633 411 1668 et
438 1635 579 1669 tamen
604 1624 734 1668 etiam
757 1624 870 1686 ipsas
891 1623 1135 1686 baptizatas
1178 1626 1328 1689 utique
1350 1626 1527 1672 minime
1561 1610 1752 1680 dubita-l

371 1709 468 1738 mus
493 1704 670 1756 propter
696 1693 816 1738 illam
842 1694 1018 1740 Domini
1045 1697 1327 1753 sententiam,
1355 1697 1481 1744 «Nisi
1505 1697 1602 1762 quis
1623 1686 1753 1762 rena-l

374 1786 395 1806 »
421 1774 489 1809 tus
511 1763 640 1828 fucrit
663 1781 709 1809 ex
742 1780 852 1826 aqua
887 1778 930 1810 et
967 1765 1134 1828 Spiritu
1162 1778 1310 1813 sancto
1330 1805 1342 1825 ,
1376 1786 1464 1815 non
1493 1769 1677 1816 intrabit
1698 1769 1753 1824 inl

376 1857 395 1876 »
414 1851 593 1894 regnum
615 1834 828 1880 coelorum
850 1833 882 1881 3.
909 1856 929 1876 >2
1749 1826 1754 1887 i

440 1905 492 1951 V.
522 1906 765 1967 Utrumque
791 1916 933 1950 autem
961 1905 1015 1951 (le
1029 1907 1219 1952 Domino
1244 1909 1455 1972 scriptum
1482 1920 1566 1965 est,
1586 1921 1628 1956 et
1644 1904 1754 1989 quia}

376 2000 395 2019 «
415 1977 674 2041 Baptizabat
696 1975 840 2039 plures
862 1993 993 2039 quam
1011 1977 1245 2036 J‹›annes4,
1271 2001 1292 2021 »
1317 1991 1358 2025 et
1377 1980 1479 2043 quia
1499 2002 1519 2022 «
1540 1982 1638 2045 lpse
1658 1997 1754 2034 noni

379 2070 398 2089 »
419 2047 704 2111 baptizabat,
746 2046 818 2091 sed
852 2047 1063 2111 Discipuli
1090 2053 1180 2107 ejus
1199 2071 1242 2103 ‚›>
1275 2061 1324 2095 ut
1351 2051 1682 2112 intelligeremus
1705 2046 1754 2099 cti

374 2120 519 2183 ipsum
549 2117 726 2181 quidem
756 2117 996 2179 baptizasse
1020 2120 1248 2180 praesentia
1279 2123 1534 2181 majestatis,
1563 2139 1651 2168 non
1678 2111 1754 2174 tar-l

379 2207 474 2236 nien
508 2189 651 2252 ipsum
685 2188 922 2250 baptizasse
958 2190 1158 2234 manibus
1195 2192 1293 2235 suis.
1346 2193 1486 2254 ipsius
1513 2193 1628 2238 enim
1656 2182 1755 2256 erat}

377 2259 588 2324 baptismi
605 2268 949 2310 sacranientu1n;
981 2259 1032 2304 ad
1058 2260 1305 2323 Discipulos
1328 2274 1469 2308 autem
1494 2258 1756 2329 baptizandi}

377 2331 661 2379 ministerium
678 2329 938 2392 pertinebat.
971 2330 1097 2375 Tunc
1114 2349 1214 2390 ergo
1235 2333 1411 2395 quando
1431 2334 1538 2380 dicit
1562 2335 1755 2390 tloannes

380 2401 652 2462 Evangelista
689 2402 734 2446 in
757 2400 991 2460 Evangelio
1014 2418 1117 2455 suo,
1143 2423 1162 2442 «
1183 2404 1287 2448 Post
1310 2403 1408 2450 lraec
1439 2406 1537 2451 exiit
1565 2406 1687 2452 Jesus
1706 2415 1756 2458 ct}

380 2495 402 2517 »
427 2472 645 2536 Discipuli
671 2474 762 2531 ejus
790 2471 835 2516 in
863 2470 1064 2517 Judaeam
1094 2483 1249 2518 terram
1266 2510 1276 2530 ‚
1297 2486 1340 2520 et
1374 2474 1464 2522 illic
1496 2466 1755 2540 morabaturl

1738 141 1742 180 1

1739 245 1743 328 f.

1740 336 1744 374 l

425 2584 526 2612 ¹Act.
545 2591 591 2622 lx,
609 2580 662 2613 18.
681 2597 725 2603 —-
741 2577 756 2600 ²
774 2579 821 2611 ld.
839 2591 875 2619 ιι,
894 2586 1008 2617 4ι.-’-·
1024 2578 1038 2602 3
1054 2583 1150 2615 Joan.
1170 2593 1228 2626 ιιι,
1247 2584 1277 2614 5.
1291 2601 1333 2608 -
1351 2581 1427 2615 ⁴1d.
1447 2596 1490 2623 iv,
1509 2595 1540 2628 r,
1555 2595 1589 2618 τι.
