1769 3235
362 283 448 313 100
759 283 791 313 S.
838 282 1080 315 AUGUSTINI
1117 284 1315 315 EPISCOP!

351 368 371 388 υ
400 363 517 407 reges
543 356 584 392 et
608 346 662 392 ad
690 346 918 410 praesides,
949 360 1127 413 propter
1148 366 1305 395 nomen
1330 349 1500 396 meum1
1526 367 1537 395 ι
1562 371 1582 392 »
1607 361 1655 395 ut
1675 350 1724 395 il·

351 416 428 462 lud
446 416 702 480 impleretur
719 417 838 480 quod
857 417 1072 481 scriptum
1091 430 1183 466 erat
1205 437 1215 465 ε
1238 440 1259 461 «
1275 421 1331 465 Et
1346 420 1549 467 velociter
1566 420 1724 466 reaedi-

353 509 374 529 »
399 488 599 534 ficaberis
618 506 640 534 a
659 488 822 551 quibus
847 488 1066 535 destructa
1085 507 1140 537 es,
1166 511 1185 531 ›>
1213 490 1321 535 Nam
1355 508 1402 536 ex
1421 508 1509 554 quo
1533 490 1725 536 clemen-

348 558 501 605 tissimi
515 560 800 622 Imperatores
813 559 1041 606 christiani
1054 560 1131 606 Dei
1143 560 1366 606 voluntate
1379 579 1465 607 esse
1477 570 1724 624 coeperunt3

350 646 604 693 quanquam
625 630 838 693 paulatim
866 630 973 676 fides
1013 648 1140 676 causa
1163 632 1479 694 persecutionis
1503 631 1728 678 crescebat
1766 672 1769 675 ,

348 700 393 745 in
420 700 578 747 saeculo
601 737 611 754 ‚
653 699 778 746 factis
816 702 989 761 regibus
1022 701 1271 747 christianis
1304 702 1469 766 ubique
1505 704 1549 748 in
1584 718 1721 766 parvo

349 780 543 833 tempore
570 770 738 816 Christi
757 771 1042 831 Evangelium
1068 772 1326 834 penetravit.

415 843 515 889 VII.
545 863 566 884 «
588 842 809 905 Expositio
831 859 931 887 sane
945 843 1060 888 beati
1084 842 1274 888 Danielis
1296 842 1350 887 de
1368 841 1724 888 hebdomadibus

347 928 478 975 quam
511 912 578 959 vir
600 922 774 958 sanctus
812 912 1143 976 compresbyter
1167 923 1311 958 noster
1339 912 1631 974 Hieronymus
1651 928 1725 956 ex-

347 982 521 1046 posuit,
549 982 734 1046 qualiter
754 981 953 1028 doctores
972 983 1253 1028 ecclesiarum
1271 981 1569 1037 credidissent,
1592 981 1726 1027 lecto-

346 1071 438 1099 rem
461 1052 700 1116 suspendit.
725 1054 836 1098 Nam
856 1053 891 1098 si
914 1053 1005 1116 ipse
1019 1052 1294 1098 doctissimus
1308 1052 1376 1098 vir
1393 1053 1724 1115 compresbyter
1760 1073 1761 1076 ¹

345 1133 490 1168 noster
515 1123 596 1180 ait,
619 1122 913 1186 periculosum
936 1140 1024 1168 esse
1047 1121 1101 1168 de
1125 1122 1428 1182 magistrorum
1451 1122 1726 1168 ecclesiarum

344 1194 546 1254 J‘udicare
579 1194 798 1240 sententiis
821 1231 832 1250 ‚
871 1205 914 1240 et
940 1193 1123 1239 alterum
1153 1193 1357 1256 praeferre
1378 1193 1501 1238 alteri
1524 1211 1535 1238 ε
1564 1203 1729 1256 quanto

348 1264 486 1324 magis
506 1264 592 1309 hoc
613 1263 750 1310 lector
774 1263 914 1310 facere
934 1281 1020 1309 non
1037 1274 1208 1327 potest,
1233 1263 1352 1326 quod
1377 1263 1579 1322 magister
1592 1263 1730 1309 facere
1756 1303 1757 1307 ,

352 1334 600 1380 dubitavit?
624 1336 865 1380 Nosautem
883 1333 1230 1397 credimusquod
1252 1333 1466 1379 Dominus
1482 1334 1559 1390 ait,
1582 1333 1731 1390 «Quia

351 1428 371 1447 >2
396 1405 559 1452 coelum
586 1416 627 1450 et
653 1416 764 1451 terra
804 1407 1039 1462 transient9
1076 1405 1165 1451 iota
1200 1415 1341 1450 autem
1370 1421 1504 1449 unum
1531 1403 1597 1449 vel
1622 1420 1732 1449 unus
1754 1431 1755 1434 =

351 1498 373 1520 »
397 1494 504 1540 apex
523 1494 611 1522 non
647 1477 824 1522 transiet
843 1494 866 1522 a
890 1478 1003 1537 Lege
1019 1514 1029 1532 ‚
1057 1476 1197 1522 donec
1219 1476 1365 1521 omnia
1389 1476 1497 1521 fiant
1513 1476 1545 1522 2.
1561 1497 1581 1517 »
1608 1476 1732 1532 Quo-
1752 1511 1754 1525 ‚

353 1547 486 1594 modo
509 1565 608 1607 ergo
631 1548 885 1610 mysterium
913 1547 1295 1594 hebdomadarum
1321 1548 1374 1593 sit
1399 1547 1631 1610 impletum
1658 1563 1769 1594 us--:¹

352 1636 438 1683 que
462 1618 517 1664 ad
541 1618 812 1664 nativitatem
834 1629 876 1664 et
897 1619 1141 1682 passionem
1174 1617 1354 1673 Christi,
1385 1617 1608 1673 ¹:dmiror3
1633 1633 1752 1675 cum

355 1688 498 1735 illud
487 1706 533 1734 in
554 1688 738 1735 dimidio
770 1688 1064 1734 hebdomadae
1092 1688 1319 1751 Propheta
1350 1687 1523 1733 locutus
1545 1698 1631 1743 est,
1663 1686 1734 1731 di-
1765 1686 1769 1737 Ι

359 1759 523 1817 cendo,
571 1781 592 1801 «
617 1762 669 1805 In
709 1758 893 1805 dimidio
931 1759 1226 1805 hebdomadae
1265 1758 1442 1804 tolletur
1473 1755 1750 1804 sacrificium

363 1852 384 1873 »
399 1847 563 1886 meum,
592 1841 634 1875 et
654 1829 920 1893 supplicatio
937 1865 948 1887 7
970 1829 1286 1875 desolationum
1312 1829 1530 1885 interitus,
1544 1839 1585 1874 et
1601 1828 1654 1874 ad
1673 1812 1762 1873 sa-1'v

363 1901 614 1947 »orificium
652 1901 948 1955 abominatio,
974 1922 995 1942 »
1033 1901 1142 1946 Haec
1166 1917 1267 1960 ergo
1289 1900 1555 1945 abominatio
1585 1899 1619 1945 si
1645 1902 1747 1959 jamv

365 1972 583 2035 completa
612 1970 780 2027 fuerat,
826 1970 1048 2034 quomodo
1085 1971 1301 2017 Dominus
1337 1981 1483 2016 monet
1515 1981 1557 2016 et
1593 1970 1734 2026 dicit,

364 2064 385 2085 «
410 2044 524 2088 Cum
551 2041 748 2087 videritis
774 2041 1146 2087 abominationem
1165 2040 1441 2087 desolationis
1460 2078 1471 2099 ‚
1501 2041 1620 2105 quod
1641 2040 1745 2086 dic—¹

366 2135 388 2156 »
409 2124 503 2159 tum
519 2123 580 2158 est
597 2128 673 2175 per
692 2111 912 2157 Danielem
928 2112 1194 2175 prophetam
1210 2122 1391 2158 stantem
1404 2112 1448 2157 in
1461 2112 1559 2158 loco
1575 2121 1743 2168 sancto,¹

367 2205 390 2226 »
413 2184 490 2243 qui
511 2182 614 2243 legit
638 2181 852 2242 intelligat
868 2182 900 2229 ³.
926 2204 946 2224 ›>
975 2184 1064 2242 Ego
1093 2192 1234 2228 autem
1267 2199 1320 2227 ne
1351 2182 1573 2246 petitionis
1597 2181 1738 2228 beati-

367 2253 533 2299 tudinis
572 2263 660 2299 tuae
703 2263 981 2316 contemptor
1026 2269 1157 2298 essem
1177 2290 1188 2309 ‚
1233 2253 1332 2298 haec
1370 2253 1737 2316 quemadmodum

369 2323 506 2380 sensi,
539 2323 692 2386 scripsi
727 2322 781 2369 ad
820 2333 937 2368 tuam
968 2323 1242 2370 charitatem.
1275 2323 1451 2368 Plenius
1477 2334 1618 2370 autem
1643 2324 1754 2384 dig-³

369 2411 472 2442 nare
494 2410 572 2440 nos
598 2394 734 2441 verbo
760 2393 910 2455 gratiae
928 2404 1016 2440 tuae
1037 2393 1349 2441 rescribendo
1337 2404 1547 2441 mstruere
1564 2405 1606 2443 et
1626 2395 1754 2441 laeti-

369 2466 561 2512 ficare.»
1758 2463 1759 2467 ’

420 2557 431 2578 ¹
448 2559 523 2587 Luc.
539 2565 608 2596 xxt,
629 2564 680 2587 ια.
697 2571 740 2580 -
760 2552 776 2576 2
794 2553 910 2589 Matth.
925 2565 955 2592 v,
972 2555 1027 2590 18.
1041 2572 1088 2581 —
1102 2552 1117 2580 3
1134 2555 1252 2592 Matth.
1265 2567 1352 2598 xxxv,
1370 2558 1426 2603 15,
1441 2563 1474 2592 et
1488 2559 1569 2592 Dan.
1583 2568 1630 2598 ix,
1649 2567 1704 2598 ²7·
