1769 3235
521 280 734 311 ErisroLA
772 280 895 310 cc111.
1322 264 1409 321 145

488 543 756 589 EPISTOLA
789 542 920 585 CCIII
945 543 977 585 ¹.

60 674 231 713 Domino
259 672 398 724 insigni
431 680 470 710 et
506 670 824 723 praestantissimo
859 678 898 708 et
933 668 1288 709 desiderantissimo
1324 669 1405 708 filio

247 736 383 774 LAnGo
406 738 502 784 (12),
524 736 765 773 Acocsrrxus
786 734 826 771 in
844 733 1015 771 Domino
1035 732 1217 774 salutem,

46 853 320 912 Augustinus
343 851 487 909 Largo
504 885 513 902 ,
544 862 590 893 αι
615 851 726 893 bona
750 851 899 892 sceeult'
925 849 1056 905 hujus
1074 865 1195 891 vana
1219 861 1424 908 expertus

106 930 388 971 contemnat,
437 931 566 975 utque
602 935 656 961 ea:
694 920 969 977 perpessione
1003 919 1226 962 malorum
1268 921 1425 962 melior

105 989 277 1031 evadat.

108 1126 274 1171 Accam
297 1124 461 1170 litteras
481 1122 736 1168 eximietatis
758 1134 867 1179 tuae,
890 1124 1051 1187 quibus
1069 1142 1137 1171 me
1155 1125 1208 1171 ad
1223 1136 1263 1171 te
1282 1125 1431 1189 petisti

45 1208 93 1243 ut
109 1196 354 1242 scriberem.
377 1193 515 1251 Quod
535 1192 713 1257 quidem
732 1211 820 1240 non
841 1194 1104 1241 desiderares
1124 1233 1134 1251 ‚
1156 1197 1239 1242 nisi
1258 1208 1300 1242 et
1319 1197 1425 1253 hoc,

45 1266 163 1331 quod
180 1284 247 1312 me
266 1283 389 1330 posse
411 1265 600 1311 scribere
619 1265 863 1310 existimasti
885 1304 893 1320 ,
915 1277 1087 1325 gratum
1105 1267 1288 1312 haberes
1302 1279 1434 1332 atque

39 1337 304 1399 Jucundum.
340 1336 392 1382 Id
407 1347 551 1382 autem
572 1346 633 1381 est
651 1372 661 1391 ,
687 1346 735 1381 ut
763 1353 871 1381 vana
891 1336 1040 1381 saeculi
1062 1336 1196 1396 hujus
1217 1374 1228 1394 ‚
1256 1337 1290 1382 si
1308 1337 1431 1384 inex—

44 1419 168 1472 perta
193 1407 461 1471 concupisti,
484 1417 656 1470 experta
685 1417 951 1452 contemnas.
983 1406 1129 1452 Fallax
1159 1418 1222 1452 est
1244 1408 1361 1454 enim
1386 1409 1433 1455 in

43 1480 100 1526 eis
133 1480 321 1526 suavitas
340 1517 351 1536 ,
379 1489 420 1524 et
445 1477 741 1524 infructuosus
768 1477 909 1533 labor,
939 1489 982 1523 et
1006 1489 1246 1542 perpetuus
1277 1480 1428 1538 timor,

42 1562 83 1597 et
114 1550 359 1615 periculosa
397 1549 656 1596 sublimitas.
704 1549 885 1595 Initium
920 1550 1009 1595 sine
1036 1550 1344 1613 providentia,
1386 1563 1427 1598 et

41 1621 137 1667 finis
156 1637 259 1667 cum
283 1621 559 1684 poenitentia.
591 1621 657 1665 Ita
681 1637 723 1664 se
747 1619 916 1665 habent
948 1621 1095 1665 onmia
1118 1658 1128 1677 ,
1155 1638 1254 1685 quae
1278 1623 1323 1668 in
1350 1622 1431 1669 ista

41 1691 314 1738 mortalitatis
328 1707 524 1737 aerumna
545 1690 752 1753 cupidius
772 1706 903 1752 quam
926 1690 1188 1753 prudentius
1203 1703 1426 1755 appetun-

41 1772 121 1809 tur.
143 1761 237 1808 Alia
257 1773 319 1808 est
333 1772 474 1808 autem
491 1778 586 1824 spes
599 1761 792 1824 piorum,
820 1760 929 1805 alius
948 1760 1113 1806 laboris
1129 1762 1320 1819 fructus,
1345 1764 1428 1810 alia

0 1839 2 1917 i
38 1833 332 1896 periculorum
360 1849 536 1878 merces,
584 1832 695 1877 Nam
733 1831 777 1876 in
813 1830 899 1876 hoc
937 1831 1103 1876 mundo
1129 1849 1218 1877 non
1247 1832 1424 1892 timere,

0 1923 3 1976 ἶ
37 1920 124 1948 non
143 1903 286 1949 dolere
301 1941 312 1959 ,
334 1920 422 1948 non
446 1902 646 1948 laborare
663 1939 673 1957 ‚
698 1918 787 1946 non
802 1900 1041 1964 periclitari
1055 1902 1323 1965 impossibile
1342 1916 1417 1952 est.

0 1981 3 2063 ,
40 1973 123 2019 Sed
142 1974 384 2037 plurimum
410 1975 585 2019 interest
603 1991 688 2037 qua
709 1989 855 2027 causa,
881 1989 966 2035 qua
987 1973 1283 2035 expectatione
1299 2013 1309 2030 ‚
1334 1993 1423 2039 quo

37 2046 219 2090 termino
251 2044 331 2090 ista
364 2045 545 2107 quisque
566 2043 773 2106 patiatur.
803 2042 894 2101 Ego
916 2042 1094 2104 quidem
1119 2060 1221 2089 cum
1247 2057 1420 2091 amato-

0 2069 5 2171 1
36 2133 100 2161 res
132 2116 283 2162 saeculi
307 2116 440 2175 hujus
477 2117 663 2171 intueor,
702 2115 845 2160 nescio
882 2113 1059 2177 quando
1086 2116 1223 2177 possit
1245 2133 1331 2162 esse
1364 2119 1421 2164 ad

2 2174 6 2284 ἱ
36 2204 182 2233 eorum
222 2188 387 2233 animos
427 2186 640 2232 sanandos
673 2196 927 2249 opportuna
966 2186 1177 2248 sapientia
1204 2189 1417 2250 :quando

3 2300 7 2318 ἲ
36 2258 148 2303 enim
173 2275 238 2304 res
261 2257 380 2303 velut
405 2274 637 2320 prosperas
654 2257 837 2303 habent.
864 2256 977 2300 fastu
1002 2268 1212 2319 respuunt
1227 2258 1422 2305 salubres

3 2320 8 2408 ι
35 2329 224 2374 monitus
242 2366 253 2385 ‚
283 2340 324 2374 et
346 2328 468 2392 quasi
498 2328 655 2373 anilem
679 2338 885 2390 reputant
911 2327 1203 2373 cantilenam:
1233 2330 1414 2392 quando

5 2410 9 2465 ξ
37 2408 175 2444 autem
199 2399 244 2444 in
267 2397 456 2444 adversis
480 2409 640 2458 agunt,
666 2398 800 2458 magis
822 2397 1015 2457 cogitant
1032 2398 1212 2444 evadere
1229 2400 1343 2446 unde
1363 2401 1417 2446 ad

6 2477 10 2546 ξ
35 2484 222 2530 praesens
254 2479 487 2529 anguntur,
513 2485 646 2532 quam
672 2485 826 2532 capere
845 2468 959 2514 unde
985 2480 1211 2526 curentur,
1240 2482 1282 2516 et
1301 2471 1417 2518 unde

82 2571 93 2592 ¹
111 2571 198 2602 Alias
225 2580 349 2602 Lxxxtt.
382 2581 453 2612 quae
477 2577 582 2602 autem
604 2572 669 2601 203
707 2577 799 2613 erat,
834 2580 917 2601 nnnc
938 2571 993 2601 23.
1014 2589 1054 2594 -
1075 2570 1199 2615 Scripta
1230 2571 1311 2605 sorte
1335 2576 1419 2607 circa

36 2635 85 2657 an.
115 2632 191 2661 420.

198 2696 384 2726 extum.
1238 2701 1290 2730 10

7 2558 10 2575 Ι

7 2578 11 2637 3,

7 2638 12 2663 1

8 2694 11 2707 t

9 2711 12 2725 ο

10 2780 13 2805 Ι

11 2860 13 2878 Ι

11 2886 14 2899 ι

12 2925 15 2934 .

13 3003 16 3035 i

13 3046 17 3080 Σ

15 3123 17 3138 ι

15 3148 18 3165 ι

15 3168 19 3212 ἰ

16 3214 19 3235 ε
