1769 3235
329 247 420 293 352
750 259 785 288 s.
828 256 1072 288 AUGUSTlNl
1109 258 1313 289 Eriscopi

326 327 468 372 factus
491 341 577 369 non
604 334 665 369 est
688 341 699 368 :
731 321 803 368 sed
835 339 924 367 non
947 332 1009 368 est
1031 322 1168 379 nihil,
1199 324 1338 370 factus
1360 324 1493 385 igitur
1513 342 1599 371 non
1619 336 1694 373 est.

325 400 381 443 At
416 396 450 440 si
485 394 624 441 factus
659 411 746 440 non
781 404 874 450 est,
911 403 952 439 et
986 405 1125 439 tamen
1167 394 1298 441 Filius
1322 406 1412 452 est,
1444 397 1534 442 sine
1560 395 1700 443 dubio

331 476 457 511 natus
480 475 555 511 est.

394 536 468 582 IV.
497 534 730 593 Quomodo
750 571 761 589 ,
787 534 932 597 inquis
948 571 959 591 ,
983 535 1128 598 potuit
1148 535 1200 581 de
1225 536 1315 582 solo
1336 537 1464 581 Patre
1486 537 1604 582 nasci
1626 536 1696 582 Fi—

330 630 349 649 »
372 608 454 653 lius
477 606 656 670 aequalis
676 606 714 652 ei
735 605 788 652 de
810 622 897 669 quo
923 616 1048 651 natus
1080 609 1176 652 est?
1207 628 1226 647 n
1251 611 1342 667 jam
1388 607 1474 653 hoc
1505 623 1703 652 enarrare

330 696 417 724 non
444 694 616 741 possum
638 715 648 733 ‚
675 687 715 723 et
739 675 846 722 cedo
867 676 1106 739 Prophetae
1125 676 1304 732 dicenti,
1327 699 1346 718 α
1367 677 1701 723 Generationem

331 770 352 790 >2
375 753 465 808 eJus
486 748 584 811 quis
605 745 886 793 enarrabiffl?
908 746 1074 802 »Quod
1100 748 1131 791 si
1157 758 1202 792 tu
1228 747 1281 793 de
1305 749 1500 794 humana
1523 765 1703 807 genera-

333 818 446 864 tione
464 855 475 874 ,
504 835 590 881 qua
613 835 690 880 per
712 817 921 876 virginem
942 826 1068 861 natus
1085 828 1145 862 est
1165 855 1175 874 ,
1213 818 1516 881 accipiendum
1544 829 1669 882 putas
1689 837 1699 870 ;

329 889 423 953 ipse
445 900 486 933 te
506 888 699 944 discute,
727 897 768 932 et
790 887 1004 945 interroga
1031 887 1218 933 animam
1243 899 1385 943 tuam,
1423 903 1571 934 utrum
1600 888 1634 934 si
1659 887 1703 933 in

330 959 603 1020 generatione
637 958 833 1003 humana
863 955 1051 1014 defecit,
1086 957 1241 1003 audeat
1266 976 1465 1004 enarrare
1491 958 1695 1005 divinam.

327 1051 345 1071 α
379 1030 479 1076 Noli
508 1046 609 1089 ergo
628 1066 638 1084 ,
662 1027 824 1091 inquiS‚
849 1026 990 1073 dicere
1014 1028 1240 1091 aequalem.
1273 1050 1293 1071 ›>
1322 1030 1414 1075 Cur
1442 1046 1529 1074 non
1561 1029 1703 1075 dicam

332 1101 451 1166 quod
469 1101 574 1146 dixit
601 1098 864 1163 Apostolus?
901 1119 922 1139 <<
953 1099 1051 1143 Non
1076 1100 1294 1162 rapinam,
1322 1100 1493 1163 inquit,
1516 1100 1703 1154 arbitra-

329 1196 352 1218 »
375 1186 440 1220 tus
455 1184 614 1219 estesse
629 1170 810 1235 aequalis
828 1169 965 1216 De02.
987 1191 1007 1211 >2
1026 1170 1115 1215 Etsi
1139 1171 1252 1216 enim
1272 1172 1564 1233 aequalitatem
1586 1171 1703 1216 illam

330 1263 417 1292 non
437 1243 668 1308 explicavit
695 1243 900 1288 humanae
925 1242 1057 1286 menti
1086 1241 1280 1287 nondum
1306 1253 1504 1304 purgatae
1523 1279 1534 1297 ‚
1564 1242 1707 1305 posuit

332 1328 475 1362 tamen
498 1317 541 1361 in
560 1314 705 1360 Verbo
721 1350 731 1368 ‚
757 1311 875 1375 quod
895 1312 938 1356 in
958 1328 1002 1356 re
1020 1312 1157 1374 possit
1179 1313 1363 1357 inveniri
1386 1324 1585 1375 purgata.
1614 1314 1701 1358 De-

330 1404 427 1433 mus
461 1388 607 1449 itaque
641 1399 817 1445 operam
855 1379 1108 1426 mundando
1145 1382 1266 1426 cordi
1308 1393 1478 1437 nostro,
1516 1393 1564 1428 ut
1605 1381 1706 1428 inde

331 1468 506 1517 exurgat
539 1455 673 1510 acies,
707 1470 792 1517 qua
819 1452 898 1497 ista
922 1450 1067 1497 videre
1095 1451 1312 1498 valeamus
1337 1470 1348 1497 ε
1372 1474 1388 1493 (ι
1417 1453 1539 1498 Beati
1558 1452 1670 1498 enim
1691 1490 1701 1509 ‚

331 1550 352 1571 ›>
375 1528 538 1591 inquit,
560 1522 1118 1585 mundicorde83quoniam
1142 1523 1225 1586 ipsi
1249 1524 1384 1568 Deum
1407 1522 1658 1570 videbunt-⁹³.
1685 1542 1706 1562 »

331 1600 397 1644 Ita
417 1597 666 1644 excedentes
693 1592 889 1641 animalis
909 1592 1098 1638 hominis
1118 1593 1373 1652 caliginosas
1392 1594 1598 1654 imagines
1612 1630 1622 1648 ‚
1650 1592 1705 1639 ad

332 1669 601 1715 serenitatem
627 1666 746 1712 illam
778 1663 1157 1725 sinceritatemque
1179 1664 1398 1710 veniemus
1417 1701 1427 1721 ‚
1452 1682 1537 1731 qua
1562 1663 1705 1711 videre

329 1740 543 1803 possimus
564 1737 685 1802 quod
706 1734 793 1781 dici
816 1750 902 1779 non
927 1750 1050 1796 posse
1069 1733 1280 1781 videmus,

399 1810 451 1857 V.
483 1811 591 1856 Nam
614 1806 764 1853 libello
786 1821 916 1869 quem
940 1803 1142 1863 dignotus
1167 1822 1208 1849 es
1236 1805 1406 1851 mittere
1424 1842 1434 1860 ,
1461 1805 1493 1850 si
1522 1804 1628 1850 mihi
1651 1804 1706 1850 sit

331 1882 467 1928 otium
490 1918 500 1936 ‚
522 1879 791 1941 facultasque
809 1875 1030 1921 tribuatur
1049 1875 1101 1921 ad
1128 1875 1294 1935 singula
1319 1875 1577 1939 respondere
1593 1913 1603 1932 ,
1632 1893 1704 1921 ar-

332 1953 472 2001 bitror
488 1961 526 1996 te
540 1949 836 2010 cogniturum,
859 1956 978 1991 tanto
997 1946 1138 1991 minus
1153 1963 1368 2009 quemque
1383 1947 1527 1992 vestiri
1544 1946 1706 1992 lumine

332 2021 552 2077 veritatis,
589 2029 753 2082 quanto
778 2015 912 2076 magis
946 2015 1031 2060 sibi
1063 2016 1236 2062 videtur
1265 2016 1427 2062 nudam
1453 2016 1706 2080 depromere

335 2093 574 2139 veritatem.
605 2090 714 2146 Quis
733 2087 846 2134 enim
873 2085 1005 2141 ferat,
1034 2097 1082 2132 ut
1106 2087 1187 2132 alia
1215 2088 1411 2132 omittam
1431 2125 1440 2142 ‚
1463 2098 1505 2133 et
1530 2087 1615 2133 hoc
1633 2104 1706 2133 so-

331 2165 424 2210 lum
457 2161 630 2208 interim
655 2174 988 2205 commemorem
1020 2157 1140 2219 quod
1165 2158 1344 2202 maxime
1360 2157 1576 2217 ingemui,
1603 2174 1705 2204 cum
1727 2190 1736 2201 ,

333 2231 550 2298 apostolus
573 2229 733 2275 Paulus
752 2228 870 2274 dicat
887 2264 899 2283 ,
922 2248 941 2267 α
962 2226 1167 2272 Videmus
1186 2245 1302 2273 nunc
1321 2245 1398 2290 per
1417 2228 1643 2291 speculum
1660 2228 1705 2274 in

332 2327 353 2347 >2
377 2303 635 2362 aenigmate,
673 2310 780 2344 tunc
814 2308 958 2343 autem
989 2296 1098 2342 facie
1128 2297 1181 2343 ad
1210 2297 1362 2343 faciem
1382 2335 1391 2353 ‚
1416 2322 1435 2340 »
1460 2300 1585 2344 istum
1613 2302 1704 2358 jam

332 2375 475 2420 dicere
501 2393 521 2413 «
554 2369 692 2418 Omni
716 2369 1011 2428 integumento
1033 2379 1191 2413 retecto
1210 2368 1370 2414 nudam
1391 2386 1432 2414 se
1453 2368 1706 2432 depromere

331 2467 352 2488 »
374 2440 649 2496 veritatem-4,
674 2461 694 2481 2>
726 2440 802 2503 qui
830 2439 865 2485 si
895 2438 1087 2495 diceret,
1121 2439 1281 2484 nudam
1319 2439 1512 2485 videmus
1543 2439 1705 2485 verita-—

327 2538 348 2558 ›>
371 2526 457 2562 tem
475 2551 486 2571 ‚
521 2512 633 2559 nihil
654 2521 760 2557 esset
782 2509 942 2556 caecius
976 2509 1056 2555 ista
1091 2510 1336 2570 arrogantia
1367 2510 1543 2557 visionis
1563 2512 1580 2556 ..³
1607 2511 1705 2556 Nou

380 2600 571 2641 ¹Isai'.r.1u‚
588 2596 618 2627 8.
643 2613 686 2620 -—
703 2592 719 2616 ²
735 2593 855 2639 Philip.
880 2605 921 2633 11,
944 2594 975 2624 6.
990 2590 1142 2624 —3Mat
1163 2593 1181 2624 h
1214 2604 1243 2631 v,
1261 2605 1290 2633 7.
1310 2612 1346 2617 -
1370 2591 1383 2615 ⁴
1407 2605 1419 2625 1
1438 2595 1511 2626 Cor.
1526 2604 1605 2636 xiix,
1627 2604 1679 2626 ι’),
