1769 3235
303 259 397 317 446
721 269 756 298 s.
803 264 1045 297 mensum
1081 263 1288 296 EPISCOPI

849 566 1023 610 CAPUT
1054 565 1142 609 vll.

352 703 416 745 De
446 698 647 744 Moribus
682 695 885 739 Ecclesz'ae
920 695 1174 744 catholicae,
1210 696 1309 737 item
1352 696 1411 737 De
1443 694 1641 739 Moribus

672 763 1022 810 Manichoeorum
1055 763 1161 805 libri
1193 764 1288 805 duo.

369 931 408 978 Ῑ.
429 930 454 975 J
459 945 520 976 An
530 925 776 991 baptizatus
787 934 928 970 autem
948 939 1049 970 cum
1063 923 1219 969 Romae
1235 940 1385 981 essem,
1402 942 1482 971 nec
1495 923 1606 976 ferre
1622 937 1689 973 ta·
1756 923 1762 935 '

314 1004 426 1049 citus
446 1015 614 1064 possem
635 994 986 1043 Manichaeorum
1002 994 1260 1055 jactantiam
1280 993 1332 1040 de
1353 993 1461 1041 falsa
1483 1007 1526 1043 et
1545 996 1691 1046 fallaci

315 1069 582 1120 continentia
598 1066 667 1114 vel
681 1065 961 1122 abstinentia,
989 1081 1076 1128 qua
1097 1082 1140 1111 se
1154 1064 1205 1110 ad
1220 1065 1444 1128 imperitos
1463 1065 1691 1132 decipien-

316 1145 412 1199 dos,
433 1141 544 1188 veris
562 1138 838 1194 Christianis,
866 1137 1028 1201 quibus
1049 1136 1334 1200 comparandi
1359 1154 1449 1183 non
1479 1149 1596 1196 sunt,
1619 1140 1692 1186 in·-

316 1230 445 1277 super
463 1209 722 1274 praeferunt,
749 1207 903 1271 scripsi
931 1207 1040 1253 duos
1063 1206 1221 1264 libros,
1245 1223 1381 1252 unum
1401 1207 1459 1254 de
1479 1209 1694 1256 Moribus
1760 1210 1761 1214 ’

320 1289 365 1331 E
367 1283 543 1330 eclesie-e
574 1279 825 1325 catholic-w
845 1300 854 1324 ι
880 1278 1061 1324 alterum
1081 1277 1136 1321 (le
1160 1277 1381 1323 Moribus
1397 1280 1694 1326 Alam'clzaeo-

319 1375 439 1403 rum.

383 1427 442 1473 ΙΙ.
470 1426 522 1470 In
539 1423 731 1484 eoigitur
749 1421 899 1486 quiest
912 1420 966 1466 de
984 1420 1183 1467 Moribus
1195 1420 1400 1467 Ecclesiae
1421 1421 1693 1478 Catholicae,

323 1498 401 1545 ubi
418 1495 544 1561 posui
564 1494 878 1547 testimonium,
909 1491 954 1537 in
979 1508 1065 1554 quo
1085 1490 1242 1552 legitur
1270 1509 1279 1537 :
1299 1514 1320 1534 «
1340 1493 1529 1557 Propter
1548 1504 1588 1540 te
1603 1492 1699 1540 affi-

324 1592 344 1612 »
369 1569 510 1614 cimur
543 1574 634 1610 tota
656 1563 726 1609 die
742 1600 752 1619 ,
778 1562 983 1607 aestimati
1003 1578 1149 1607 sumus
1171 1573 1220 1607 ut
1240 1578 1339 1608 oves
1364 1564 1590 1610 occisionis
1607 1562 1626 1593 1
1645 1580 1657 1607 ε
1679 1583 1701 1605 1)

324 1638 583 1686 mendositas
620 1634 756 1680 nostri
796 1632 959 1679 codicis
1000 1650 1067 1677 me
1106 1633 1258 1679 fefellit
1295 1634 1438 1680 minus
1467 1651 1699 1685 memorem

328 1710 671 1772 scripturarum,
712 1704 758 1750 in
792 1704 954 1766 quibus
989 1703 1187 1749 nondum
1210 1715 1403 1751 assuetus
1431 1722 1563 1753 eram.
1590 1706 1702 1751 Nam

324 1780 514 1841 ejusdem
538 1774 907 1839 interpretationis
928 1774 1001 1819 alii
1018 1773 1190 1820 codices
1203 1791 1292 1820 non
1304 1774 1488 1831 habent,
1503 1778 1708 1841 Propter

328 1865 371 1898 te
399 1850 630 1911 afficimur
658 1864 669 1890 :
707 1843 803 1893 sed,
831 1845 1034 1908 Propter
1064 1856 1107 1889 te
1141 1856 1290 1890 morte
1323 1846 1557 1907 afficimur
1583 1845 1705 1910 quod

329 1938 417 1969 uno
441 1919 575 1965 verbo
618 1916 688 1962 alii
708 1914 928 1971 dixerunt,
949 1916 1307 1971 mortificamur.
1338 1915 1436 1962 Hoc
1458 1934 1544 1965 esse
1565 1917 1706 1963 verius

332 1990 478 2038 Graeci
492 1987 593 2033 libri
615 1985 827 2040 indicant,
848 2001 894 2029 ex
915 2002 1001 2048 qua
1020 1984 1168 2044 lingua
1188 1985 1233 2030 in
1250 1985 1448 2031 Latinam
1466 1986 1707 2032 secundum

333 2059 614 2126 Septuaginta
632 2057 902 2119 interpreteS‚
912 2066 1105 2101 veterum
1119 2056 1368 2102 divinarum
1381 2057 1706 2120 Scripturarum

330 2145 391 2180 cst
404 2133 518 2177 facta
535 2127 756 2174 translatio
777 2144 786 2171 :
809 2137 850 2170 et
875 2137 1017 2171 tamen
1036 2126 1194 2171 secund
1204 2144 1274 2171 nm
1293 2127 1391 2172 haec
1411 2129 1561 2181 verba,
1583 2127 1628 2173 id
1646 2138 1710 2173 est

332 2210 531 2265 Propter
551 2210 592 2244 te
616 2198 878 2256 afficimur.
907 2197 1043 2241 multa
1069 2197 1296 2259 disputans
1320 2196 1518 2261 dixiquae
1541 2198 1585 2244 in
1605 2197 1709 2262 ipsis

331 2275 460 2321 rebus
480 2287 567 2316 non
594 2279 804 2330 tanquam
839 2266 942 2311 falsa
967 2267 1171 2329 improbo
1195 2285 1204 2311 z
1229 2279 1524 2313 verumtamen
1546 2285 1709 2314 conve-

332 2341 539 2392 nientiam
574 2338 903 2400 Scripturarum
927 2347 1117 2381 veterum
1146 2347 1187 2381 ct
1212 2353 1442 2393 novarum,
1478 2355 1608 2401 quam
1627 2337 1706 2383 de-

329 2423 568 2462 monstrare
591 2407 844 2470 cupiebam,
866 2423 913 2451 ex
935 2406 1003 2451 his
1024 2406 1232 2451 duntaxat
1267 2408 1407 2452 verbis
1439 2425 1525 2453 non
1558 2408 1710 2471 utique

330 2478 622 2533 demonstravi
647 2495 657 2522 :
691 2475 806 2522 unde
833 2487 975 2521 autem
998 2477 1108 2522 mihi
1149 2493 1268 2522 error
1291 2478 1548 2541 obrepserit,
1580 2477 1668 2524 dixi
1694 2495 1706 2522 ε

377 2587 387 2608 ¹
408 2582 489 2615 Psal.
507 2589 601 2617 xniu,
623 2588 664 2607 22
679 2601 687 2614 ,
706 2582 737 2607 et
757 2578 852 2607 Rom.
872 2587 944 2614 vrrr,
971 2577 1023 2607 36.
