1769 3235
593 304 950 335 ANNOTATmNEs.
1372 293 1454 340 581

427 459 685 491 ANNOTATIO
724 446 825 507 (22)
867 463 965 508 pag.
1009 447 1115 493 268.

155 580 303 627 Visum
326 591 416 626 erat
434 580 655 626 nonnullis
673 581 861 627 substitu
878 580 1040 627 endum
1067 582 1143 628 hic
1165 600 1250 629 esse
1265 622 1275 640 ‚
1304 590 1474 631 Hono-

64 665 280 700 fratum:
313 653 386 699 sed
420 653 603 716 inspecti
640 670 661 697 a
704 653 829 698 nobis
869 655 994 699 MSS.
1035 666 1281 702 constanter
1314 657 1473 721 praefe-

88 739 216 783 runt,
244 727 499 773 Hilarium.
529 727 569 771 Is
593 742 724 789 porro
740 742 787 770 ex
814 727 1030 771 Lerinensi
1052 729 1270 774 monacho
1291 741 1462 776 creatus

89 801 172 847 fuit
197 800 452 846 Arelatensis
476 799 707 862 episcopus
726 808 827 861 post
849 798 1124 844 Honoratum
1150 818 1216 845 an.
1249 803 1356 857 428.
1396 813 1472 848 aut

90 883 204 918 certe
228 875 335 934 429.
367 872 542 917 ineunte
571 871 844 917 defunctum.
893 871 1072 934 Quippe
1103 872 1353 918 Honoratus
1377 874 1473 919 suf-

89 943 225 989 fectus
240 944 443 989 Patroclo
462 945 723 1007 interempto
737 961 805 989 an.
825 944 934 999 426.
954 960 1000 988 ex
1012 945 1211 1006 Prosperi
1228 945 1470 1003 Chronico,

91 1016 356 1062 Cathcdram
398 1016 686 1062 Arelatensem
719 1026 819 1061 teste
847 1016 1071 1062 Honorato
1113 1017 1370 1063 Massiliensi
1392 1035 1474 1081 per

90 1088 317 1134 biennium
340 1089 598 1152 occupavit.

431 1251 691 1283 ANNOTATIO
730 1238 831 1300 (23)
865 1255 967 1302 pag.
1011 1239 1118 1299 269.

158 1371 242 1417 Hic
253 1371 449 1435 profecto
461 1373 517 1418 ab
528 1373 696 1419 Hilario
706 1375 955 1429 Arelatensi,
967 1375 1042 1438 qui
1058 1374 1288 1434 Augustini
1298 1374 1350 1419 de
1363 1390 1477 1437 prae-

93 1444 378 1491 destinatione
392 1448 668 1503 sententiam,
686 1448 748 1493 uti
767 1452 952 1511 Prosper
965 1448 1009 1492 in
1032 1447 1251 1509 superiore
1278 1446 1473 1509 Epistola

93 1518 262 1574 scribit,
276 1521 322 1563 in
336 1520 576 1582 querelam
594 1520 827 1574 trahebat,
842 1520 1067 1579 distinguit
1081 1536 1121 1563 se
1131 1521 1222 1582 ipse
1236 1517 1349 1564 infra
1361 1536 1402 1565 n.
1422 1534 1474 1563 10

92 1591 211 1637 hisce
225 1592 365 1638 verbis
382 1610 391 1637 :
410 1597 522 1639 Non
541 1603 698 1637 (cutem
716 1598 944 1639 sanctitas
959 1604 1039 1638 ῖιια
1056 1596 1122 1637 sic
1136 1609 1208 1636 me
1219 1592 1472 1637 arbitretur·

92 1663 191 1710 lzoec
222 1667 578 1730 scriberequasi
603 1667 663 1711 cle
688 1668 743 1711 iis
763 1684 871 1729 quse
895 1683 1021 1711 mmo
1038 1664 1228 1710 edidisti
1246 1703 1255 1719 ‚
1283 1682 1367 1727 ego
1394 1665 1476 1709 clu-

94 1738 253 1784 bitem.
285 1739 510 1799 Significat
528 1749 675 1802 postea
703 1756 744 1784 se
769 1740 904 1802 ipsius
921 1741 1178 1802 praesentia:
1201 1737 1386 1783 deliciis
1401 1738 1479 1782 ali-

91 1811 268 1874 quando
312 1812 503 1875 potitum
530 1849 540 1866 ,
593 1812 910 1875 uberibusque
950 1811 1209 1857 salubribus
1257 1814 1473 1856 nutritum

91 1883 233 1932 fuisse.
260 1884 429 1930 Deinde
455 1902 496 1930 se
523 1885 686 1931 laicum
707 1902 793 1930 esse
818 1903 859 1931 n.
898 1903 940 1948 9.
972 1884 1222 1930 subindicat
1245 1902 1255 1929 :
1295 1901 1344 1929 ac
1371 1902 1470 1947 pos-

94 1968 231 2003 tremo
280 1958 572 2018 Augustinum
607 1957 828 2022 appellare
866 1969 1034 2020 patrem
1057 1995 1067 2013 ‚
1117 1967 1244 2020 atque
1282 1957 1468 2002 vicissim

94 2031 149 2077 ab
167 2032 263 2094 ipso
282 2031 327 2077 in
351 2031 431 2078 lib.
463 2031 515 2076 de
539 2031 926 2077 Praedestinatione
947 2032 1022 2078 SS.
1051 2048 1147 2094 cap.
1186 2048 1197 2076 1
1232 2030 1346 2076 filius
1364 2048 1475 2075 nun-

93 2114 315 2167 cupatur:
355 2121 455 2169 quae
486 2121 586 2150 sane
619 2104 664 2150 in
692 2103 983 2150 Arelatensem
1008 2104 1266 2167 episcopum
1296 2104 1475 2149 minime

94 2188 375 2226 conveniunt.

433 2326 691 2358 ANNOTATIO
728 2311 830 2374 (24)
866 2328 966 2374 pag.
1012 2312 1118 2358 280.

160 2447 317 2493 Totam
352 2447 522 2494 hancce
554 2446 780 2510 epistolam
817 2446 863 2491 in
888 2447 931 2492 S.
964 2445 1195 2506 Augustini
1232 2446 1320 2491 vita
1353 2446 1471 2492 inse-

95 2520 277 2566 rendam
312 2521 435 2567 duxit
456 2520 679 2566 Possidius
702 2537 739 2567 c,
774 2521 843 2566 30.
878 2525 1059 2565 lasserea
1083 2518 1366 2564 relz'cemlcmz
1387 2524 1473 2564 mi-

96 2611 222 2641 nzme
247 2605 338 2655 est,
361 2594 531 2657 inquit,
555 2610 660 2639 cam
690 2597 939 2639 memorati
961 2593 1283 2657 impenderent
1298 2592 1472 2651 hostes,
