1769 3235
528 270 740 302 EPISTOLA
776 271 925 304 CXCIX.
1337 277 1422 328 127

44 338 124 386 Dei
146 339 196 386 iis
218 339 375 403 loquor
397 375 408 394 ,
435 337 513 402 qui
530 347 801 400 expectantes
825 338 1063 384 Dominum
1081 356 1224 399 suum,
1243 347 1421 408 quando

43 410 184 457 veniat
210 428 233 455 a
256 408 453 472 nuptiis1
481 445 491 463 ‚
521 425 609 453 non
635 425 676 453 se
709 418 850 453 tamen
877 409 1096 456 abstinent
1126 430 1147 457 a
1170 416 1422 463 carnalibus

44 480 238 543 nuptiis,
257 479 331 524 sed
355 478 708 526 obedientissima
722 478 934 524 charitate
953 479 1137 526 audiunt
1164 484 1418 546 Apostolum

41 550 373 613 praecipientem
388 547 762 612 quemadmodum
786 549 929 595 vivere
944 548 1130 596 debeant
1152 568 1301 600 uxores
1320 573 1421 602 cum

0 629 2 652 ³
42 620 172 677 viris,
193 620 277 666 viri
304 637 405 665 cum
431 619 657 675 uxoribus,
684 619 762 664 filii
789 636 890 665 cum
916 621 1198 682 parentibus,
1223 637 1421 687 parentes

44 704 143 736 cum
170 690 287 746 filiis,
310 690 418 736 servi
442 706 541 735 cum
564 689 770 746 dominis,
793 689 960 735 domini
977 707 1077 737 cum
1097 694 1241 742 servis.
1269 697 1422 743 Nonne

44 761 92 807 hi
123 777 270 806 omnes
291 761 337 806 in
364 761 433 805 liis
457 760 662 806 omnibus
690 770 876 806 utuntur
903 761 990 806 hoc
1022 763 1218 810 mundo?
1253 768 1416 825 Arant,

0 851 1 856 ¹
44 832 274 891 navigant,
294 841 579 894 comparant,
602 841 827 890 generant,
851 831 1069 887 militant,
1095 833 1413 885 administrant.

0 908 1 911 ’
44 903 154 947 Puto
173 901 292 964 quod
317 918 406 946 non
427 911 552 946 erunt
573 901 655 957 sic,
689 901 866 964 quando
900 912 1049 959 erunt,
1075 920 1176 967 quae
1200 905 1246 950 in
1272 907 1420 953 Evan—

0 960 2 995 f
45 973 153 1033 gello
182 972 396 1035 praedicta
423 985 522 1018 sunt
540 1010 551 1028 ,
581 994 600 1013 α
623 972 753 1032 Signa
771 973 815 1018 in
840 973 928 1019 sole
953 984 995 1018 et
1017 973 1118 1020 luna
1137 986 1179 1021 et
1201 976 1351 1034 stellis‚
1379 991 1421 1026 et

0 1063 1 1068 ¹
45 1043 132 1088 »111
167 1044 291 1088 terris
329 1059 530 1106 pressura
566 1044 785 1103 gentium,
834 1061 927 1107 prae
965 1044 1219 1092 confusione
1256 1050 1422 1096 sonitus

0 1117 2 1173 ξ
45 1135 66 1157 »
81 1113 211 1159 maris
227 1124 269 1159 et
290 1114 511 1160 fluctuum
529 1151 540 1170 ,
570 1115 863 1160 arescentibus
886 1114 1142 1162 hominihus
1158 1119 1423 1180 praetimore

0 1201 2 1223 ε
46 1206 66 1228 »
84 1195 126 1230 et
151 1185 451 1247 expectatione
478 1201 577 1247 quae
603 1185 908 1247 supervenient
932 1187 1130 1233 universo
1151 1189 1250 1235 orbi
1276 1208 1286 1235 ε
1316 1208 1418 1237 nam

0 1257 1 1262 ’
45 1277 66 1298 >2
84 1255 267 1301 virtutes
281 1254 497 1301 coelorum
517 1256 814 1301 movebuntur
834 1255 866 1302 2.
888 1276 909 1297 >›

107 1326 313 1372 XXXIX.
345 1326 452 1371 Haec
477 1325 645 1389 quippe
663 1325 709 1371 in
735 1324 932 1372 Ecclesia
958 1326 1113 1372 melius
1135 1327 1328 1375 existimo
1353 1330 1419 1376 in-

44 1395 175 1456 telligi
194 1433 204 1453 ,
234 1413 288 1441 ne
314 1396 529 1442 Dominus
553 1399 674 1442 Jesus
701 1395 1089 1459 appropinquante
1120 1398 1312 1444 secundo
1339 1401 1418 1447 ad.-

45 1477 174 1515 ventu
201 1483 278 1512 suo
299 1483 346 1512 ea
370 1484 452 1530 pro
479 1484 636 1526 magno
668 1466 918 1530 praedixisse
938 1466 1138 1513 videatur
1156 1504 1168 1524 ,
1190 1485 1291 1532 quae
1312 1471 1420 1519 huic

0 1553 2 1601 ξ
45 1538 210 1584 mundo
233 1548 275 1584 et
299 1548 396 1584 ante
418 1539 612 1602 primum
630 1542 720 1598 ejus
741 1537 976 1586 adventum
996 1552 1309 1586 consueverant
1324 1560 1420 1589 eve-

0 1608 2 1614 ’
45 1609 137 1654 nire
154 1645 164 1663 ‚
185 1619 228 1654 et
252 1608 512 1654 irrideamur
535 1609 591 1654 ab
615 1610 675 1654 eis
693 1644 703 1663 ‚
737 1609 812 1672 qui
834 1608 934 1654 haec
952 1644 962 1664 ,
990 1625 1092 1672 quae
1119 1609 1239 1655 velut
1268 1614 1419 1659 novis-

46 1681 149 1726 sima
168 1690 211 1725 et
237 1680 431 1725 omnium
455 1679 640 1725 maxima
660 1679 980 1736 horrescimus,
1016 1679 1144 1742 plura
1169 1680 1214 1726 in
1237 1682 1419 1731 histo-ria

46 1751 236 1811 gentium
251 1786 262 1808 ,
287 1761 330 1796 et
349 1750 487 1796 multo
512 1754 677 1810 majora
698 1749 910 1810 legerunt.
939 1749 1130 1795 Ecclesia
1143 1760 1204 1796 est
1221 1752 1335 1799 enim
1357 1755 1419 1801 501

46 1832 86 1868 et
107 1821 210 1867 luna
231 1831 272 1867 et
303 1821 462 1876 stellae,
485 1821 555 1866 cui
580 1820 749 1866 dictum
772 1830 863 1876 est,
892 1841 912 1861 (ε
934 1819 1137 1882 Speciosa
1156 1821 1268 1868 sicut
1290 1823 1412 1882 luna,

48 1914 69 1936 »
88 1893 219 1940 electa
243 1893 354 1939 sicut
378 1893 484 1939 5013.
509 1914 528 1934 ›>
562 1892 634 1938 Ab
660 1892 746 1938 hac
777 1891 985 1937 adoratur
1007 1892 1174 1955 Joseph
1207 1905 1352 1941 noster
1372 1897 1420 1943 in

45 1964 131 2011 hoc
149 1964 316 2010 mundo
335 2001 345 2019 ‚
371 1964 554 2010 velutin
572 1965 758 2027 AEgypto
774 2000 784 2019 ‚
801 1980 849 2008 ex
873 1962 1122 2008 humillimo
1136 1963 1410 2016 sublimatus.

48 2036 158 2081 Nam
185 2035 310 2081 illum
330 2035 495 2098 Joseph
519 2045 656 2080 mater
676 2045 791 2080 certe
811 2034 994 2080 adorare
1010 2050 1097 2079 non
1122 2036 1289 2097 potuit,
1316 2056 1419 2102 quae

49 2117 143 2153 ante
164 2106 372 2153 defuncta
389 2116 452 2151 est
470 2122 601 2169 quam
618 2106 759 2151 Jacob
782 2105 964 2152 venisset
987 2105 1040 2150 ad
1058 2105 1216 2163 filium,
1241 2119 1290 2153 ut
1304 2109 1421 2157 illius

48 2177 226 2223 somnii!¹
252 2176 505 2241 prophetici
535 2177 692 2222 veritas
719 2175 998 2239 adimplenda
1030 2175 1206 2222 Christo
1232 2180 1421 2227 Domino

49 2260 302 2297 servaretur.
332 2249 521 2306 Quando
546 2249 659 2294 enim
686 2249 1106 2305 solohscurabitur,
1130 2260 1172 2295 et
1197 2250 1301 2296 luna
1331 2270 1420 2298 non

51 2320 172 2367 dabit
195 2320 343 2366 lumen
364 2337 509 2376 suum,
533 2330 574 2364 et
600 2319 736 2365 stellae
760 2320 923 2366 cadent
947 2320 1000 2365 de
1020 2319 1152 2375 coele,
1176 2331 1218 2366 et
1240 2323 1423 2371 virtutes

54 2389 267 2436 coelorum
287 2391 605 2444 movebuntur,
629 2390 741 2436 sicut
767 2391 823 2436 ab
841 2390 934 2436 aliis
946 2390 1120 2437 duobus
1140 2392 1424 2453 Evangelistis

50 2459 124 2508 hic
153 2461 277 2511 locus
307 2473 671 2508 commemoratus
695 2472 757 2508 est
773 2462 809 2519 5,
832 2462 1024 2508 Ecclesia
1050 2479 1138 2508 non
1157 2466 1389 2528 apparebit
1410 2504 1421 2524 ‚

100 2561 198 2593 ¹Luc.
219 2572 279 2599 xu,
306 2562 360 2591 36.
380 2579 424 2585 —
449 2559 465 2582 2
484 2560 568 2592 Ibid.
591 2562 647 2592 25.
663 2578 705 2586 —
732 2559 745 2584 3
763 2562 856 2595 Cant.
881 2572 924 2601 w,
944 2573 975 2603 9.
994 2580 1035 2586 -—
1054 2558 1069 2583 ⁴
1083 2563 1166 2595 Gen.
1183 2573 1313 2605 xxxvn,
1332 2578 1364 2609 9,
1384 2585 1431 2593 -.

53 2614 67 2640 ⁵
81 2616 196 2651 Matth.
213 2627 304 2659 xxm,
326 2628 380 2660 29,
394 2623 426 2650 et
443 2619 545 2650 Marc.
558 2628 634 2658 xm,
650 2623 705 2656 24.
