1769 3235
4 311 8 337 Ξ
450 286 662 317 ΕνιετοιΔ
699 288 944 317 ccxxxvlrr.
1317 273 1403 330 341

2 376 6 412 i
96 352 232 397 XXV.
260 352 356 398 Hoc
380 367 516 397 unum
541 362 642 414 peto
669 351 840 396 interim
872 364 919 398 ut
947 352 1175 412 diligenter
1197 353 1408 417 exquiras,

2 417 178 471 ‘utrum
205 422 367 469 alicubi
405 422 550 468 divina
591 422 816 484 Scriptura
850 422 903 468 de
940 423 1118 468 diversis
1157 424 1408 469 substantiis

0 443 4 551 i
31 492 201 549 dixerit,
224 492 344 556 quod
372 509 507 537 unum
533 491 630 538 sint.
661 492 705 536 Si
727 492 838 536 enim
861 509 946 537 non
972 493 1191 538 invenitur
1217 493 1405 548 dictum,

0 561 3 605 1
32 565 111 610 nisi
134 563 186 609 de
215 564 262 609 iis
286 564 415 608 rebus
445 580 550 625 quas
570 573 838 608 constatesse
857 565 981 608 unius
1001 565 1280 627 (=jusdemque
1301 565 1408 610 sub-

0 667 1 674 1
30 635 197 681 stantiae
219 632 325 697 quid
356 650 469 696 opus
498 643 558 677 cst
588 643 634 678 ut
672 632 926 677 rebellemus
951 633 1152 679 adversus
1179 652 1326 680 veram
1367 645 1409 680 et
1446 655 1455 661 f

32 703 293 750 catholicam
314 703 473 748 fidem?
503 704 547 748 Si
575 714 716 748 autem
736 703 949 748 inveneris
983 702 1146 749 alicubi
1168 705 1251 750 hoc
1275 705 1411 768 scrip-

34 784 144 828 tum,
174 773 302 817 etiam
334 772 387 817 de
413 772 591 817 diversis
624 773 877 818 substantiis
903 783 1008 818 tunc
1034 772 1150 818 aliud
1187 790 1317 833 cogar
1337 773 1409 818 in-

29 844 217 907 quirere,
241 842 355 887 unde
378 842 602 888 ostendam
632 854 744 889 recte
761 848 943 905 &gamo-mv
970 842 1139 889 dictum
1166 844 1340 888 Patrem
1364 854 1406 888 et

33 914 208 960 Filium.
234 915 343 959 Nam
370 915 402 959 si
427 914 489 959 illi
517 915 592 977 qui
632 915 879 978 Scripturas
899 925 1066 960 nostras
1093 925 1168 959 aut
1192 915 1407 971 nesciunt,

27 997 99 1032 aut
122 1003 210 1030 non
245 984 457 1030 laboriose
497 996 764 1041 scrutantur,
793 997 834 1031 et
860 997 1005 1031 tamen
1041 985 1179 1031 filium
1210 986 1401 1045 ejusdem

27 1057 279 1103 substantiae
297 1066 337 1100 et
361 1055 571 1119 aequalem
594 1058 711 1102 Patri
738 1056 939 1112 credunt,
967 1056 1121 1101 dicant
1139 1057 1196 1101 cis
1217 1057 1292 1120 qui
1319 1056 1406 1102 hoc

26 1127 182 1174 nolunt
201 1127 392 1177 credere,
423 1144 522 1172 cum
543 1139 685 1173 tamen
705 1133 843 1173 Deum
871 1129 1038 1172 Patrem
1063 1128 1218 1172 Filium
1243 1127 1407 1173 habere

27 1197 293 1258 unigenitum
310 1196 506 1252 credant,
527 1196 678 1242 Noluit
697 1199 806 1243 Deus
819 1197 981 1242 habere
999 1198 1209 1260 aequalcm
1233 1198 1407 1255 Filium,

26 1286 184 1315 annon
209 1268 376 1332 potuit?
402 1268 434 1312 si
453 1267 608 1323 noluit,
637 1268 811 1314 invidus
830 1278 914 1321 est3
937 1268 971 1313 si
994 1285 1080 1313 non
1105 1268 1266 1331 potuit,
1288 1269 1405 1314 infir-

25 1357 118 1386 mus
134 1349 195 1384 est
218 1357 228 1384 :
258 1339 469 1384 utrumvis
493 1349 634 1383 autem
656 1339 817 1384 horum
855 1339 908 1384 de
934 1344 1020 1384 Deo
1049 1341 1205 1385 sentire
1223 1341 1402 1386 sacrile-

27 1427 127 1471 gum
153 1421 242 1456 est:
282 1409 426 1455 nescio
457 1419 603 1454 utrum
629 1410 793 1472 possint
826 1410 1018 1455 invenire
1051 1410 1159 1473 quid
1177 1410 1347 1468 dicant,
1375 1412 1409 1458 si

27 1481 166 1528 nolint
184 1499 246 1526 res
271 1480 599 1526 absurdissimas
620 1492 660 1526 et
683 1481 954 1527 stultissimas
974 1480 1129 1527 dicere.

91 1553 252 1599 XXVI.
282 1554 393 1598 Ecce
413 1563 627 1615 quantum
653 1553 775 1615 potui
800 1553 975 1616 exposui
999 1553 1079 1598 tibi
1099 1552 1227 1599 fidem
1244 1572 1404 1603 meam.

28 1625 82 1669 Et
105 1623 234 1686 plura
255 1622 431 1686 quidem
456 1622 545 1668 dici
566 1633 743 1685 possunt
764 1660 774 1677 ,
803 1634 843 1668 et
870 1622 1117 1682 diligentius
1147 1623 1362 1687 disputari
1391 1645 1401 1671 ε

27 1694 99 1740 sed
124 1712 270 1741 vereor
295 1711 347 1740 ne
371 1694 450 1739 ista
468 1694 560 1757 ipsa
579 1711 678 1757 quae
693 1694 777 1739 dixi
800 1695 918 1739 oneri
939 1694 1024 1739 sint
1041 1696 1408 1758 occupationibus

28 1766 110 1812 tuis
139 1784 150 1812 ε
185 1777 329 1812 tamen
364 1783 412 1811 ea
444 1783 530 1810 non
568 1766 706 1811 solum
731 1765 892 1811 dictata
915 1766 1133 1811 conscribi
1158 1766 1298 1823 volui,
1333 1768 1406 1813 sed

27 1837 154 1882 etiam
182 1853 314 1882 manu
341 1854 433 1882 mea
473 1836 787 1881 subscribenda
814 1836 961 1881 curavi
983 1856 993 1888 3
1024 1835 1144 1899 quod
1166 1837 1341 1899 quidem
1367 1850 1410 1885 et

29 1918 152 1952 antea
179 1907 397 1952 volueram
420 1945 430 1963 ,
459 1907 491 1952 si
516 1907 637 1970 quod
667 1907 778 1951 inter
803 1924 879 1952 nos
903 1906 1127 1969 placuerat
1145 1919 1402 1956 servaretur.

30 1978 113 2024 Sed
140 1978 270 2024 modo
296 1989 409 2023 certe
432 1988 541 2041 puto
558 1981 650 2037 jam
673 1994 758 2022 non
780 1996 801 2022 a
830 1988 866 2022 te
885 1977 1042 2022 debere
1067 1976 1184 2033 dici,
1218 1978 1410 2025 timuisse

30 2067 96 2095 me
116 2049 196 2095 tibi
219 2049 360 2094 dicere
383 2049 511 2094 fidem
535 2066 671 2094 meam
693 2085 704 2105 ‚
733 2047 910 2111 quando
936 2066 1023 2093 non
1047 2047 1186 2093 solum
1207 2048 1312 2104 dixi,
1335 2050 1409 2096 sed

29 2121 238 2183 scriptam
270 2120 507 2183 subscripsi
526 2156 535 2174 ‚
565 2137 616 2164 ne
651 2136 717 2164 me
742 2119 971 2182 quisquam
1010 2117 1128 2164 dicat
1157 2129 1230 2164 aut
1259 2119 1411 2166 dixisse

30 2190 149 2254 quod
174 2207 262 2235 non
286 2189 395 2246 dixi,
426 2201 500 2235 aut
529 2208 614 2235 non
640 2189 792 2235 dixisse
808 2189 928 2253 quod
947 2188 1046 2235 dixi.
1073 2189 1170 2234 Hoc
1189 2187 1257 2235 fac
1275 2201 1316 2235 et
1339 2201 1405 2245 tu,

30 2260 248 2321 sijudices
270 2261 447 2324 quaeriS‚
482 2277 568 2305 non
593 2260 669 2324 qui
689 2260 730 2306 in
760 2277 831 2305 ore
858 2271 932 2305 tuo
963 2270 1240 2304 revereantur
1259 2276 1411 2322 perso-

30 2349 128 2377 nam
148 2342 283 2383 tuam,
303 2330 374 2375 scd
392 2331 467 2394 qui
485 2331 529 2376 in
546 2330 699 2376 litteris
717 2331 798 2377 tuis
817 2339 988 2376 exerant
1008 2328 1249 2375 libertatem
1268 2347 1407 2376 suam.

33 2401 78 2447 Si
96 2402 209 2447 enim
244 2400 507 2446 calumniam
545 2401 690 2450 times.
725 2400 874 2465 [quod
901 2399 1021 2445 nullo
1048 2399 1176 2445 modo
1207 2400 1412 2447 auderem

32 2471 202 2528 dicere,
241 2471 321 2516 nisi
348 2471 433 2517 hoc
468 2473 559 2535 ipse
595 2472 793 2529 dixisses,
826 2473 959 2537 ]licet
988 2472 1066 2517 tibi
1105 2488 1192 2517 non
1217 2472 1413 2518 subscri-

32 2543 148 2590 bere.
181 2544 291 2589 Nam
318 2553 357 2587 ct
385 2560 461 2604 ego
482 2554 707 2607 pro-pterea
736 2544 854 2590 nolui
877 2559 1033 2588 nornen
1061 2553 1182 2589 tuum
1207 2543 1340 2590 scribi
1365 2543 1408 2591 in

33 2613 101 2661 his
122 2614 224 2661 meis
242 2613 395 2660 litteris
409 2652 420 2672 ,
442 2632 494 2661 ne
512 2615 599 2663 hoc
620 2614 728 2662 forte
750 2615 965 2662 noluisses,
