1769 3235
32 170 38 227 Ι

500 253 711 283 EPISTOLA
745 253 909 287 ccxvn.
1323 243 1381 288 23
1394 257 1409 288 1

0 343 6 379 ¹.
55 318 301 381 Scriptura:
321 340 340 360 α
356 319 515 367 Felices
529 317 704 375 mortui,
718 318 851 381 quiin
863 319 1052 366 Domino
1070 319 1342 369 moriuntur1-
1357 325 1374 368 P
1391 343 1413 364 »

50 404 235 452 quorum
256 389 345 435 sine
359 389 495 436 dubio
518 399 649 444 certa,
671 399 714 433 et
736 404 882 434 secura
902 387 1082 435 felicitas
1106 407 1193 436 non
1216 402 1295 446 est,
1320 392 1353 437 si
1371 402 1413 438 et

50 475 113 515 ea,
133 475 234 521 quae
251 476 337 504 non
353 469 547 519 egerunt,
571 458 644 503 sed
669 458 807 504 acturi
828 457 1018 513 fuerant,
1045 459 1079 505 si
1098 471 1203 505 esset
1235 461 1292 506 eis
1314 462 1414 508 haec

0 577 2 583 ,
49 527 135 574 vita
155 527 378 590 prolixior,
401 528 622 588 J'udicabit
648 528 796 572 Deus:
822 527 1078 592 nullumque
1101 530 1262 593 accipit
1274 531 1405 577 bene-

50 598 216 655 ficium,
247 599 322 662 qui
358 600 527 663 rapitur
560 616 614 645 ne
637 597 803 644 malitia
827 609 964 644 mutet
994 599 1262 646 intellectum
1293 605 1411 662 ejus;

49 669 148 734 quia
169 679 209 715 et
231 686 313 732 pro
330 669 403 716 illa
422 669 600 727 malitia,
624 669 696 715 cui
708 668 886 714 forsitan
899 669 1143 715 imminenti
1164 671 1415 718 subtractus

49 749 125 795 est,
150 755 306 802 poenas
341 740 425 788 luit
449 758 459 786 ι
487 757 565 785 nec
588 738 867 800 gaudendum
887 750 948 785 est
971 739 1024 786 de
1045 740 1112 796 iis,
1136 757 1244 803 quos
1267 742 1311 787 in
1335 743 1422 790 fide

48 819 162 857 recta
181 820 222 855 et
252 810 341 856 vita
358 810 475 856 bona
503 810 705 856 novimus
724 826 811 855 esse
840 809 1085 866 defunctos,
1107 828 1159 855 ne
1182 811 1425 858 secundum

48 878 189 942 aliqua
209 879 366 926 scelera
381 881 654 940 judicentur,
691 896 791 943 quae
819 879 1007 937 fuerant,
1034 880 1069 926 si
1093 881 1302 937 viverent,
1329 880 1421 926 for-

44 959 149 996 tasse
165 949 347 997 facturi:
365 969 443 998 nec
457 951 632 997 dolendi
648 951 716 997 vel
733 950 972 998 detestandi
993 962 1094 996 sunt
1108 951 1152 1005 ii,
1171 951 1246 1013 qui
1265 951 1416 1009 vitam,

45 1021 170 1068 istam
195 1022 240 1068 in
275 1022 532 1069 infidelitate
568 1039 619 1068 ac
657 1021 839 1084 perditis
870 1021 1066 1067 moribus
1094 1021 1301 1069 finierunt
1322 1023 1427 1084 quia

45 1090 153 1142 forte
172 1092 206 1143 si
231 1092 441 1149 viverent,
465 1093 603 1139 acturi
636 1093 809 1138 fuerant
830 1093 1134 1155 poenitentiam
1156 1092 1314 1155 pieque
1331 1093 1427 1138 vic-

0 1218 2 1223 ,
46 1162 150 1217 turi,
172 1173 213 1208 et
240 1162 481 1209 secundum
507 1163 587 1208 ista
622 1173 722 1208 sunt
743 1162 1008 1222 judicandi:
1038 1173 1243 1225 totusque
1271 1162 1342 1208 ille
1369 1161 1428 1207 cle

48 1235 146 1278 Mo]
151 1233 338 1280 Ucalztace
365 1234 477 1281 liber
501 1233 793 1309 gloriosissimi
810 1233 1014 1294 martyris
1039 1233 1253 1295 Cypriani
1278 1249 1427 1295 repro-

0 1360 1 1368 *
45 1301 218 1353 bandus
241 1314 283 1348 et
297 1303 572 1363 abjiciendus
596 1313 674 1358 est,
701 1302 747 1353 in
780 1318 868 1365 quo
900 1313 989 1348 tota
1027 1306 1120 1362 ejtls
1141 1302 1326 1347 intentio
1346 1313 1426 1358 est,

0 1430 1 1434 Ἰ
47 1385 94 1420 ut
112 1375 299 1421 sciamus
316 1374 444 1420 bonis
468 1373 671 1420 fidelibus
690 1373 1001 1433 gratulandum
1019 1389 1105 1418 esse
1119 1372 1428 1430 morientibus,

45 1443 220 1507 quando
244 1444 378 1505 huJ'us
401 1445 503 1491 vitae
524 1444 836 1489 tentationibus
862 1443 1132 1501 auferuntur,
1155 1441 1361 1506 deinceps
1383 1443 1430 1489 iu

46 1514 288 1565 beatissima
326 1516 552 1561 securitate
573 1516 778 1562 mansuri.
810 1514 894 1560 Sed
913 1513 1121 1578 quoniam
1149 1513 1238 1559 hoc
1272 1513 1430 1560 falsum

45 1601 132 1632 non
165 1595 244 1640 est,
269 1596 312 1630 et
334 1586 424 1631 sine
443 1585 718 1635 dubitatione
743 1603 754 1630 :
780 1606 798 1626 ε(
819 1585 981 1631 Felices
1006 1595 1109 1632 sunt
1139 1584 1326 1641 mortui,
1352 1584 1430 1647 qui

46 1675 68 1703 >2
94 1655 142 1701 in
170 1656 362 1701 Domino
393 1657 670 1709 moriuntur3
699 1678 719 1697 n
751 1655 961 1701 ridendus
1002 1666 1064 1701 est
1101 1665 1143 1700 et
1169 1654 1434 1700 execrandus

45 1742 181 1780 error,
202 1744 291 1790 quo
306 1737 490 1790 putatur
503 1727 625 1791 quod
646 1727 844 1772 homines
863 1725 1101 1773 secundum
1127 1742 1225 1771 suas
1243 1725 1431 1782 futuras,

44 1813 145 1860 quae
169 1798 448 1843 morientium
482 1815 572 1844 non
617 1808 720 1844 sunt
751 1797 931 1854 futurae,
956 1796 1193 1857 judicandi
1218 1807 1321 1842 sunt
1346 1814 1430 1846 vo-

45 1866 246 1921 luntateS.

109 1938 278 1985 XXIII.
305 1939 539 1996 Quomodo
578 1938 790 1984 dicuntur
806 1955 961 1998 negare
984 1937 1175 1984 liberum
1192 1936 1430 1983 voluntatis

46 2008 294 2065 arbitrium,
321 2011 397 2073 qui
432 2011 698 2055 confitentur
741 2025 915 2054 omnem
955 2008 1200 2064 hominem,
1231 2007 1429 2072 quisquis

46 2095 123 2126 suo
140 2079 271 2125 corde
287 2079 426 2126 credit
449 2081 493 2125 in
508 2084 670 2134 Deum,
691 2078 864 2124 nonnisi
880 2095 956 2124 sua
976 2078 1114 2124 libera
1138 2077 1328 2135 credere,
1349 2096 1424 2124 vo-

44 2148 232 2207 luntate3
264 2167 365 2197 cum
396 2152 540 2214 potius
576 2150 639 2197 illi
675 2160 936 2214 oppugnent
959 2150 1193 2196 arbitrium
1216 2149 1426 2206 liberum,

46 2221 121 2283 qui
156 2233 418 2285 oppugnant
437 2224 516 2268 Dei
539 2221 743 2283 gratiam,
768 2238 856 2285 qua
884 2238 982 2268 vere
1009 2220 1065 2268 ad
1085 2222 1203 2267 bona
1232 2220 1433 2282 eligenda

47 2301 92 2341 ct
107 2293 272 2353 agenda
303 2294 354 2338 sit
375 2292 595 2339 liberum?
618 2291 855 2349 Quomodo
879 2291 1043 2339 dicitur
1059 2329 1073 2350 ,
1101 2291 1223 2356 quod
1239 2308 1319 2355 per
1340 2293 1430 2338 Le-

48 2378 143 2421 gem
165 2363 243 2409 Dei
267 2374 397 2427 atque
420 2363 666 2409 doctrinam
707 2362 1041 2426 Scripturarum
1078 2362 1172 2420 fiat,
1195 2361 1318 2425 quod
1352 2379 1428 2408 ea-

49 2430 144 2483 dem
160 2432 388 2497 Scriptura
403 2433 510 2479 dixit
528 2451 539 2478 :
561 2455 582 2475 (ε
599 2435 882 2497 Praeparatur
894 2433 1095 2480 voluntas
1110 2451 1133 2479 a
1148 2433 1338 2479 Domino
1350 2431 1363 2452 ²
1383 2451 1394 2490 ;
1410 2454 1430 2475 »

48 2519 100 2548 ac
126 2520 214 2550 non
239 2505 384 2568 potius
408 2522 486 2569 per
525 2504 744 2552 occultam
789 2505 1117 2569 inspirationem
1138 2505 1290 2566 gratiae
1309 2504 1394 2551 Dei
1419 2522 1431 2550 ε

97 2584 109 2608 ¹
127 2588 232 2630 Apoc.
252 2598 317 2627 nv,
342 2588 394 2619 13.
410 2607 456 2613 —-
470 2586 485 2610 2
505 2590 600 2620 Prov.
618 2599 694 2631 vm,
714 2588 878 2631 35,juxta
897 2598 972 2620 Lxx.
