1769 3235
338 265 428 325 240
749 279 785 310 S.
825 277 1073 310 [mensum
1105 279 1306 310 EPISCOI‘l

338 348 524 392 alienum
565 355 626 391 est
660 362 671 389 ε
710 361 808 390 eum
849 344 977 390 sicuti
1009 347 1234 408 potuimus
1264 344 1499 405 adjuvante
1523 343 1710 392 Domino
1748 340 1749 343 ¹

336 417 616 462 instruximus
634 415 679 460 in
705 414 862 477 spiritu
879 414 1069 460 lenitatis
1092 433 1103 461 ε
1128 416 1369 479 praesertim
1388 416 1490 478 quia
1508 433 1609 462 cum
1626 416 1712 462 hoc

340 484 589 531 admoneret
609 501 682 530 vas
699 483 920 530 electionis
933 503 945 542 3
977 484 1161 546 adjecit,
1190 507 1209 526 α
1230 485 1461 531 Intendens
1487 497 1524 532 te
1546 486 1710 549 ipsum,

338 576 359 596 »
382 571 436 600 ne
471 565 513 600 et
539 565 586 600 tu
623 553 853 611 tenteris1,
870 576 890 596 ›>
923 571 977 600 ne
1008 555 1068 600 ita
1101 572 1142 600 se
1165 555 1345 618 quidam
1370 556 1424 602 ad
1454 566 1712 619 provectum

337 625 577 689 spiritalem
611 624 854 688 pervenisse
888 625 1153 685 gauderent,
1195 637 1240 671 ut
1275 643 1316 671 se
1346 630 1438 686 jam
1472 644 1559 672 non
1591 642 1714 689 posse

338 696 496 741 tentari
523 706 733 759 tanquam
753 695 951 741 homines
965 706 1171 758 putarent
1189 713 1199 739 ε
1223 695 1479 759 addiditque
1496 695 1715 742 salubrem

338 767 657 830 pacificamque
677 766 930 812 sententiam
952 801 964 820 ,
992 787 1013 807 ε(
1035 767 1092 810 Ut
1113 765 1218 811 alter
1251 765 1428 812 alterius
1452 783 1582 812 onera
1605 784 1714 831 por-

341 858 362 879 »
384 848 522 884 temus
538 874 549 890 ‚
577 837 782 900 quoniam
805 837 866 882 sic
891 836 1233 899 adimplebimus
1255 836 1390 897 legem
1417 837 1597 884 Christi.
1628 837 1718 894 Qui

344 928 365 950 ›>
388 908 504 953 enim
521 918 650 971 putat
672 925 714 953 se
735 923 820 952 esse
854 906 1019 969 aliquid
1047 923 1148 952 cum
1170 908 1224 953 sit
1242 907 1385 964 nihil,
1412 925 1453 954 se
1476 909 1622 972 ipsum
1649 925 1717 954 se-

345 999 366 1020 »
386 978 556 1034 ducit2‚
574 999 594 1019 »
618 976 888 1023 dilectissimi
905 987 946 1022 et
972 977 1253 1022 honorabiles
1271 976 1438 1024 fratres,

406 1050 467 1095 II.
498 1048 643 1106 Quam
666 1058 809 1093 tamen
827 1051 918 1107 ejus
937 1047 1284 1093 emendationem
1308 1063 1583 1111 nequaquam
1609 1046 1720 1094 forte

341 1118 523 1181 implere
550 1134 802 1181 possemus,
840 1117 922 1163 nisi
958 1134 1035 1163 vos
1070 1129 1195 1173 ante,
1230 1134 1329 1181 quae
1360 1118 1405 1162 in
1431 1134 1480 1163 eo
1514 1117 1719 1165 mendosa

340 1188 537 1244 fuerant,
561 1187 838 1233 damnaretis.
866 1187 989 1233 Idem
1007 1187 1142 1246 igitur
1159 1199 1201 1233 ct
1229 1188 1442 1233 Dominus
1461 1198 1503 1234 et
1527 1187 1719 1235 medicus
1744 1195 1749 1261 3

343 1269 487 1305 noster
504 1269 626 1304 utens
651 1258 758 1303 vasis
781 1274 831 1302 ac
852 1257 1059 1303 ministris
1083 1258 1168 1303 suis
1186 1295 1196 1314 ‚
1218 1258 1295 1321 qui
1318 1258 1425 1303 dixit
1440 1295 1450 1314 ,
1467 1278 1487 1299 «
1505 1259 1596 1318 Ego
1616 1275 1720 1322 per-

342 1350 363 1372 »
382 1330 543 1375 cutiam
557 1365 567 1385 ,
594 1338 636 1373 et
651 1344 728 1386 ego
749 1326 960 1383 sanab03‚
981 1348 1002 1369 ³)
1024 1345 1102 1390 per
1121 1344 1197 1373 vos
1218 1329 1428 1389 percussit
1450 1338 1685 1374 tumentem
1705 1365 1717 1385 ,

344 1417 424 1464 per
446 1417 524 1446 nos
542 1399 708 1445 sanavit
728 1397 959 1443 dolentem.
987 1399 1096 1444 Item
1121 1415 1210 1444 suae
1231 1398 1386 1444 domus
1400 1398 1722 1445 administrator

345 1482 475 1534 atque
502 1469 702 1534 provisor
722 1505 732 1522 ‚
774 1485 852 1530 per
878 1485 961 1521 vosv
978 1467 1188 1514 destruxit
1209 1468 1319 1513 male
1339 1479 1585 1515 constructa
1605 1507 1617 1526 ‚
1645 1486 1723 1532 per

345 1556 424 1586 nos
441 1541 553 1585 bene
576 1538 817 1601 composita
852 1538 1124 1584 restauravit.
1174 1538 1297 1583 ldem
1330 1537 1510 1598 diligens
1535 1539 1724 1599 agricola

345 1609 624 1675 possessionis
662 1625 751 1654 suae
777 1608 936 1653 sterilia
976 1625 1056 1671 per
1090 1625 1166 1654 vos
1199 1608 1464 1665 eradicavit,
1498 1620 1540 1655 et
1561 1609 1721 1664 noxia;

349 1682 472 1727 utilia
496 1698 574 1744 per
600 1697 677 1725 nos
698 1690 740 1724 et
762 1678 971 1724 foecunda
1006 1679 1235 1742 plantavit.
1267 1680 1364 1725 Non
1393 1681 1540 1743 itaque
1564 1679 1692 1726 nobis
1707 1717 1719 1738 ‚

347 1751 422 1797 sed
453 1754 545 1810 ejus
578 1749 887 1795 misericordiae
923 1749 1075 1795 demus
1107 1749 1287 1809 gloriam
1310 1787 1320 1806 ‚
1358 1750 1404 1796 in
1440 1755 1564 1810 cujus
1591 1767 1724 1797 manu

345 1838 494 1868 sumus
521 1831 564 1865 et
581 1836 658 1865 nos
677 1835 898 1865 sermones
917 1819 1066 1865 nostri.
1099 1820 1154 1865 Et
1172 1820 1284 1865 sicut
1300 1820 1345 1865 in
1363 1821 1616 1884 supradicto
1635 1822 1724 1867 filio

346 1903 494 1938 nostro
526 1889 813 1950 ministerium
837 1900 1027 1935 vestrum
1059 1889 1286 1934 humilitas
1314 1901 1459 1936 nostra
1491 1890 1722 1945 laudavit;

343 1963 406 2008 sic
430 1962 559 2007 etiam
592 1960 807 2006 sanctitas.
834 1971 975 2005 vestra
1001 1971 1149 2005 nostro
1184 1960 1422 2006 ministerio
1462 1962 1718 2020 gratuletur.

340 2034 528 2079 Paterno
548 2031 680 2090 igitur
700 2041 742 2075 et
758 2029 947 2076 fraterno
970 2030 1100 2076 corde
1120 2031 1331 2093 suscipite
1346 2049 1370 2076 a
1397 2031 1526 2077 nobis
1552 2033 1724 2078 miseri-

347 2102 470 2149 cordi
488 2101 709 2148 severitate
733 2112 996 2146 correctum.
1018 2101 1109 2146 Etsi
1127 2101 1241 2146 enim
1258 2101 1375 2146 aliud
1393 2119 1472 2164 per
1491 2120 1585 2159 nos,
1607 2102 1726 2149 aliud

349 2192 428 2239 per
439 2191 513 2221 vos
532 2193 543 2227 ;
561 2183 798 2235 utrumque
813 2182 953 2217 tamen
964 2171 1167 2217 fraternae
1188 2171 1316 2216 saluti
1337 2174 1623 2219 necessarium
1640 2191 1726 2220 una

349 2245 537 2292 charitas
547 2243 664 2289 fecit.
679 2263 699 2283 «
717 2243 838 2288 Unus
854 2259 954 2303 ergo
969 2243 1083 2288 Deus
1102 2241 1221 2298 fecit,
1247 2242 1456 2305 quoniam
1478 2244 1596 2290 Deus
1612 2244 1724 2290 cha-
1747 2287 1750 2290 ,

351 2337 372 2358 ))
390 2316 494 2361 ritas
513 2324 573 2359 est
589 2312 622 2359 Δ.
653 2334 673 2353 ))

416 2386 499 2431 111.
531 2381 721 2428 Proinde
748 2383 860 2428 sicut
885 2399 965 2446 per
984 2383 1136 2428 suam5
1174 2385 1481 2446 poenitentiam
1502 2396 1724 2449 susceptus

346 2467 409 2503 est
433 2473 455 2502 a
482 2454 630 2510 nobis,
656 2454 718 2499 sic
740 2470 820 2517 per
831 2470 952 2499 suam
972 2453 1202 2517 epistolam
1217 2455 1235 2482 ⁶
1257 2455 1519 2519 suscipiatur
1537 2473 1560 2501 a
1578 2456 1716 2504 vobis.

1741 799 1748 862 l

391 2560 403 2581 ¹
422 2556 529 2589 Galat.
546 2566 594 2596 vr,
615 2565 643 2585 1.
659 2572 699 2577 -
720 2551 736 2574 ²
757 2553 840 2585 lbid.
859 2564 892 2592 α,
911 2555 943 2585 3.
965 2572 1007 2577 —
1027 2551 1042 2575 3
1060 2556 1159 2585 Dent.
1176 2565 1286 2594 xxxtr,
1304 2556 1360 2596 39.
1386 2573 1430 2579 —
1445 2553 1460 2578 4
1484 2568 1499 2587 1
1519 2558 1614 2589 Joan.
1637 2566 1681 2594 xv,
1704 2556 1722 2586 8

337 2622 370 2651 et
392 2616 446 2649 16,
467 2609 535 2638 -5
557 2609 661 2642 Aliter
675 2609 891 2653 praesentiam.
909 2626 955 2633 --
970 2605 985 2630 ⁶
1004 2608 1164 2642 Libellum
1182 2610 1420 2644 emendationis
1435 2611 1577 2656 Leporii.
