1769 3235
552 298 764 330 EPISTOLA
799 300 889 331 cer„
1333 287 1424 350 377

4 471 6 484 Ι
51 468 283 482 mwmw
295 464 1406 479 mmsswssummmmwswwmwwmmm

477 583 989 631 FRAGMENTUM.

58 718 166 764 Quod
192 721 228 751 in
265 717 383 751 veteri
406 718 530 751 codice
559 718 729 751 ecclesioe
758 718 950 751 Trecensis
970 720 1181 752 continente
1199 720 1434 754 collectiones

155 779 339 814 Crescanii
357 788 392 814 et
406 780 589 813 ferrandi
607 786 788 826 repertum
812 786 879 821 est,
900 791 978 813 cam
999 780 1104 813 titulo
1125 779 1184 813 leffe
1200 779 1327 823 affilco.

309 905 379 943 EX
407 906 664 946 EPISTOLA
693 907 762 945 AD
794 906 1175 946 CLASSICIANUM

448 1019 512 1051 QUI
532 1018 845 1044 EXCOMUNICATUS
866 1018 1024 1042 FUERAT.

118 1147 212 1192 EGO
229 1157 408 1210 propter
427 1164 514 1203 eos,
537 1147 614 1212 qui
638 1165 719 1211 pro
737 1158 919 1211 peccato
941 1147 1068 1194 unius
1095 1148 1269 1202 animae,
1297 1159 1435 1195 totam

0 1225 3 1255 ἵ
55 1219 233 1266 domum
253 1221 359 1278 ejus,
381 1218 426 1264 id
448 1229 528 1275 est,
554 1218 766 1282 plurimas
790 1220 955 1265 animas
982 1219 1258 1265 anathemate
1276 1218 1432 1279 ligant,

56 1289 235 1336 maxime
254 1307 305 1334 ne
323 1289 386 1334 ibi
404 1289 635 1353 quisquam
660 1290 750 1335 sine
772 1290 1035 1353 baptismate
1063 1290 1117 1335 de
1149 1307 1332 1352 corpore
1352 1290 1436 1336 ab-

56 1359 206 1413 cedat3
234 1371 275 1405 et
292 1371 440 1406 utrum
462 1377 549 1406 non
567 1361 696 1406 etiam
722 1360 775 1406 de
794 1360 971 1406 ecclesia
996 1359 1193 1424 pellendi
1217 1371 1343 1416 sunt,
1360 1361 1439 1424 qui

56 1449 105 1478 eo
123 1431 382 1491 confugiunt
404 1449 493 1495 quo
518 1432 648 1478 fidem
684 1432 1014 1492 fidejussoribus
1044 1431 1279 1491 frangant,
1307 1431 1438 1492 adJ'u-

57 1513 184 1549 vante
212 1503 400 1548 Domino
422 1540 432 1558 ‚
466 1503 568 1548 etin
588 1502 777 1549 concilio
801 1513 949 1548 nostro
978 1519 1100 1562 agere
1137 1502 1270 1566 cupio
1289 1540 1300 1559 ‚
1337 1513 1377 1548 et
1404 1502 1440 1548 si

59 1590 169 1638 opus
192 1573 322 1619 fuerit
360 1573 414 1620 ad
444 1573 599 1621 Sedem
639 1573 923 1638 apostolicam
948 1574 1162 1628 scribere3
1201 1584 1249 1620 ut
1284 1574 1329 1620 in
1365 1573 1436 1620 his

0 1654 1 1700 ᾗ
60 1644 198 1690 causis
215 1644 325 1707 quid
345 1645 463 1709 sequi
482 1645 718 1691 debeamus
732 1645 942 1691 concordi
959 1645 1156 1691 omnium
1178 1644 1439 1690 auctoritate

0 1726 1 1774 i
61 1715 350 1761 constituatur
377 1753 386 1770 ,
422 1727 551 1780 atque
588 1716 799 1763 firmetur.
845 1716 962 1762 Illud
997 1716 1126 1779 plane
1163 1733 1251 1761 non
1283 1726 1438 1761 temere

62 1784 239 1831 dixerim
259 1823 269 1840 ‚
302 1786 423 1850 quod
443 1787 476 1833 si
493 1787 723 1852 quisquam
756 1787 952 1833 fidelium
981 1786 1113 1832 fuerit
1136 1786 1439 1832 anathematus

0 1862 1 1899 Ξ
61 1855 242 1915 injuste,
271 1857 308 1902 ei
343 1858 489 1921 potius
517 1858 660 1903 oberit
695 1857 772 1921 qui
806 1857 952 1914 faciet,
989 1874 1124 1921 quam
1147 1857 1186 1903 ei
1208 1856 1283 1920 qui
1319 1856 1439 1902 hanc

0 1946 1 1949 ¹
63 1926 251 1990 patietur
281 1927 500 1988 injuriam.
540 1928 731 1992 Spiritus
771 1928 884 1974 enirn
929 1939 1105 1974 sanctus
1142 1927 1349 1973 habitans
1391 1926 1437 1973 in

63 1998 221 2044 sanctis
237 2036 247 2051 ‚
276 2016 355 2062 per
378 2017 505 2063 quem
530 2000 714 2064 quisque
729 1999 890 2060 ligatur
908 2010 984 2045 aut
1000 1998 1186 2045 solvitur
1201 2034 1211 2054 ‚
1242 1997 1440 2043 immeri-

66 2079 152 2115 tam
178 2069 285 2116 nulli
312 2087 490 2135 poenam
519 2071 675 2131 ingerit
700 2089 710 2116 :
749 2088 828 2134 per
850 2087 948 2117 eum
974 2070 1142 2134 quippe
1177 2068 1441 2115 diffunditur

0 2159 1 2162 ¹
68 2139 257 2187 charitas
274 2141 320 2187 in
340 2142 550 2188 cordibus
569 2141 748 2198 nostri5‚
777 2157 877 2205 quae
901 2158 990 2187 non
1016 2141 1101 2201 agit
1123 2157 1370 2204 perperam.

0 1288 3 1359 ‘t

0 1392 2 1449 i

0 1503 1 1533 i

0 1535 2 1555 i

116 2240 125 2262 ¹
142 2239 270 2273 Habent
288 2242 397 2276 Ansel.
417 2245 495 2276 Luc.
515 2242 573 2275 lib.
594 2254 647 2282 ια,
665 2253 694 2276 c.
710 2244 754 2273 66
768 2247 799 2274 et
816 2241 960 2274 Gratiam
975 2252 1059 2274 caus,
1085 2252 1136 2272 υ.
1151 2251 1186 2283 q.
1204 2241 1234 2271 3.
1249 2250 1276 2272 c.
1295 2241 1349 2278 87.
