1769 3235
512 292 725 322 ErisroLA
761 293 906 325 cxcnv.
1351 279 1412 341 67

41 359 126 406 lica
156 357 320 413 territi,
344 356 412 404 vel
434 357 579 421 potius
603 356 955 405 Christianorum
988 357 1258 423 populorum
1291 373 1404 403 con-

44 427 293 475 cordissima
315 426 417 472 fidei
438 426 758 490 conspiratione
782 428 987 491 perfracti
1011 465 1022 484 ‚
1050 429 1139 473 sine
1166 426 1253 473 ulla
1278 443 1408 473 recu-

45 497 205 544 satione
231 496 505 554 concedunt‚
538 497 659 561 quod
682 497 828 544 nullus
858 498 1067 562 parvulus
1090 534 1101 554 ‚
1128 497 1209 543 nisi
1235 507 1411 542 renatus

45 585 93 615 ex
115 585 227 632 aqua
250 578 291 614 et
311 568 480 632 Spiritu
500 605 511 625 ,
538 570 670 615 intrat
704 569 748 614 in
786 586 967 630 regnum
994 568 1212 615 coelorum
1239 585 1250 612 :
1279 583 1412 630 quam

47 654 192 702 quaeso
214 637 386 683 allaturi
408 648 508 684 sunt
540 655 713 685 causam
734 675 744 694 ‚
771 639 891 702 quod
915 639 1022 685 alius
1047 639 1106 684 sic
1142 637 1414 698 gubernatur

47 718 96 755 ut
117 708 366 771 baptizatus
385 708 491 754 hinc
518 720 663 765 exeat,
695 709 804 755 alius
828 709 1076 756 infidelium
1100 708 1305 754 manibus
1325 718 1419 754 tra-

47 778 163 825 ditus
183 816 194 835 ‚
218 778 283 825 vel
305 778 435 825 etiam
463 778 661 826 fidelium
680 780 801 843 prius
827 796 963 843 quam
982 780 1037 826 ab
1055 780 1114 826 eis
1128 777 1424 842 baptizandus

48 849 269 904 offeratur,
297 849 463 912 expirat
482 852 500 894 ἱ)
525 855 593 896 An
615 850 701 895 1100
724 849 813 895 fato
834 849 900 896 vel
924 848 1116 895 fortunae
1132 848 1281 894 daturi
1304 849 1428 893 sunt?

50 919 147 965 Non
172 919 330 982 opinor
347 937 417 965 eos
431 919 473 965 in
495 929 658 965 tantam
676 920 936 966 dementiam
957 930 1266 984 prorupturos,
1286 934 1431 981 quan-

49 988 380 1053 tulumcumque
412 1006 571 1035 nomen
599 990 888 1036 christianum
916 1001 1056 1036 tenere
1079 989 1314 1053 cupiente&

111 1060 300 1106 XXXII.
345 1060 437 1105 Cur
463 1077 565 1120 ergo
589 1060 637 1106 in
663 1077 851 1120 regnum
876 1060 1088 1107 coelorum
1109 1096 1120 1113 ,
1147 1076 1235 1105 11011
1256 1066 1436 1121 accepto

50 1129 385 1189 regenerationis
410 1130 585 1175 lavacro
612 1167 621 1186 ‚
653 1131 863 1193 parvulus
886 1131 1032 1177 nullus
1054 1130 1272 1176 intrabit?
1292 1129 1438 1174 Num-

52 1199 259 1263 quidnam
306 1200 398 1263 ipse
420 1199 504 1246 sibi
530 1211 729 1263 parentes
759 1202 954 1247 infideles
989 1202 1056 1248 vel
1086 1200 1346 1261 negligentes
1381 1198 1436 1244 (le

53 1270 215 1334 quibus
236 1281 501 1328 nasceretur,
533 1271 691 1331 elegit?
715 1272 837 1328 Quid
862 1272 1005 1318 dicam
1026 1272 1080 1317 de
1105 1270 1361 1334 inopinatis,
1396 1279 1437 1315 et

52 1341 289 1405 repentinis
318 1341 718 1388 innumerabilibus
742 1343 979 1398 mortibus,
993 1342 1157 1406 quibus
1178 1357 1293 1404 saepe
1308 1340 1439 1386 etiam

57 1411 359 1472 religiosorum
389 1412 741 1459 Christianorum
776 1413 1110 1477 praeveniuntur
1145 1422 1186 1457 et
1216 1410 1439 1474 baptismo

53 1483 376 1547 praeripiuntur
401 1483 585 1530 infantes
603 1522 614 1540 ,
642 1502 742 1531 011111
772 1503 795 1531 e
828 1485 1050 1531 contrario
1070 1482 1375 1543 sacrilegorum
1397 1492 1439 1528 et

53 1553 330 1600 inimicorum
362 1554 529 1601 Christi
556 1555 703 1619 aliquo
733 1555 866 1602 modo
891 1556 934 1601 in
963 1555 1317 1602 Christianorum
1341 1570 1438 1599 1113-

54 1641 134 1670 nus
156 1625 372 1671 venientes
394 1663 406 1682 ‚
435 1643 482 1671 ex
515 1626 601 1672 1130
623 1627 710 1673 vita
730 1645 815 1673 non
836 1627 926 1673 sine
951 1627 1232 1673 Sacramento
1263 1641 1434 1685 regene-

55 1695 231 1742 rationis
247 1697 458 1757 emigrent
476 1701 493 1743 Ξ)
531 1698 651 1754 Quid
672 1698 748 1743 11ῑο
767 1698 929 1744 dicturi
960 1708 1060 1743 sunt
1083 1734 1094 1754 ,
1115 1697 1190 1760 qui
1224 1706 1272 1742 ut
1295 1696 1432 1756 gratia

55 1766 150 1813 dari
173 1767 309 1830 possit
330 1804 341 1824 ‚
369 1769 579 1816 nonnulla
608 1769 853 1833 praicederc
878 1769 1027 1815 merita
1041 1768 1234 1814 humana
1253 1777 1430 1813 conten-

55 1839 198 1896 dunt,
222 1856 274 1884 ne
302 1840 357 1885 sit
385 1858 667 1904 personarum
699 1852 901 1904 acceptor
936 1842 1083 1887 Deus?
1112 1840 1225 1896 Quae
1253 1839 1428 1886 tandein

54 1911 128 1958 hic
154 1911 303 1957 merita
331 1916 684 1975 praecesserunt?
710 1913 754 1958 Si
779 1911 1031 1958 eorumdem
1053 1910 1306 1970 cogitaveris
1320 1928 1427 1974 par-

56 1983 261 2034 vulorum
284 2020 294 2038 5
338 1983 458 2028 nulla
497 1995 598 2029 sunt
623 1985 827 2048 propria,
865 1984 1060 2046 utrisque
1094 1993 1155 2028 cst
1188 1983 1263 2029 illa
1289 2002 1428 2033 massa

56 2055 316 2106 communis.
348 2054 393 2100 Si
410 2066 642 2118 parentum
671 2054 905 2100 attenderis
924 2092 934 2110 ,
961 2055 1079 2100 bona
1096 2055 1284 2102 suntilla
1313 2076 1429 2122 quo..

56 2146 153 2178 rum
185 2126 263 2172 filii
281 2127 518 2190 repentinis
539 2128 754 2173 mortibus
771 2127 859 2172 sine
880 2126 1044 2173 Christi
1062 2127 1325 2191 baptismate
1354 2150 1428 2195 pe-

0 2231 1 2234 =
56 2203 221 2249 rierunt
250 2218 260 2244 :
287 2199 398 2245 mala
423 2216 524 2245 vcro
553 2200 625 2245 illa
651 2216 837 2263 quornm
867 2197 944 2243 filii
972 2216 1049 2261 per
1076 2199 1429 2250 Christianorum

0 2291 1 2317 ι
58 2272 243 2336 aliquam
257 2281 510 2335 potestatem
527 2271 579 2316 ad
600 2272 878 2317 Sacramenta
896 2270 1098 2315 Ecclesiae
1120 2285 1425 2334 pervenerunt.

59 2346 115 2391 Et
138 2355 280 2390 tamen
313 2343 588 2408 providentia
625 2344 736 2399 Dei,
769 2342 840 2388 cui
875 2342 1010 2387 nostri
1034 2342 1183 2405 capilli
1213 2347 1430 2393 numerati

60 2425 158 2461 sunt
173 2414 208 2472 4,
235 2415 323 2460 sine
347 2418 472 2474 cujus
498 2415 719 2461 voluntate
738 2431 826 2459 non
860 2412 978 2458 cadit
1011 2430 1152 2476 passer
1170 2414 1214 2460 111
1238 2426 1392 2462 terram
1415 2455 1427 2475 ‚

59 2502 158 2550 quae
181 2502 259 2531 nec
274 2484 362 2531 fato
380 2486 609 2549 premitur,
644 2503 723 2531 nec
741 2484 930 2530 fortuitis
956 2484 1128 2530 casibus
1152 2486 1391 2550 impeditur
1414 2524 1426 2545 ,

63 2574 139 2604 nec
161 2556 249 2604 ulla
270 2556 499 2621 iniquitate
517 2557 837 2622 corrumpitur,
867 2566 915 2603 ut
940 2568 1222 2604 renascantur
1254 2558 1309 2605 ad
1339 2559 1432 2607 hae-

109 2641 120 2663 ¹
139 2641 256 2673 Maiih.
276 2652 306 2681 x,
326 2643 378 2673 30.

1256 2699 1301 2746 5.
