<?xml version="1.0" encoding="UTF-8"?>
<!DOCTYPE html PUBLIC "-//W3C//DTD XHTML 1.0 Transitional//EN"
    "http://www.w3.org/TR/xhtml1/DTD/xhtml1-transitional.dtd">
<html xmlns="http://www.w3.org/1999/xhtml" xml:lang="en" lang="en">
 <head>
  <title>
</title>
<meta http-equiv="Content-Type" content="text/html;charset=utf-8" />
  <meta name='ocr-system' content='tesseract 3.04.00' />
  <meta name='ocr-capabilities' content='ocr_page ocr_carea ocr_par ocr_line ocrx_word'/>
</head>
<body>
  <div class='ocr_page' id='page_1' title='image "./operaomniaaccura41auguuoft/operaomniaaccura41auguuoft_0364.png"; bbox 0 0 1769 3235; ppageno 0'>
   <div class='ocr_carea' id='block_1_1' title="bbox 1746 0 1762 84">
    <p class='ocr_par' dir='ltr' id='par_1_1' title="bbox 1746 0 1762 84">
     <span class='ocr_line' id='line_1_1' title="bbox 1746 0 1762 84; baseline 0 0"><span class='ocrx_word' id='word_1_1' title='bbox 1746 0 1762 84; x_wconf 73' lang='lat' dir='ltr'>i</span> 
     </span>
    </p>
   </div>
   <div class='ocr_carea' id='block_1_2' title="bbox 1760 85 1763 103">
    <p class='ocr_par' dir='ltr' id='par_1_2' title="bbox 1760 85 1763 103">
     <span class='ocr_line' id='line_1_2' title="bbox 1760 85 1763 103; baseline 0 0"><span class='ocrx_word' id='word_1_2' title='bbox 1760 85 1763 103; x_wconf 86' lang='lat'><em>5</em></span> 
     </span>
    </p>
   </div>
   <div class='ocr_carea' id='block_1_3' title="bbox 306 299 1271 355">
    <p class='ocr_par' dir='ltr' id='par_1_3' title="bbox 306 299 1271 355">
     <span class='ocr_line' id='line_1_3' title="bbox 306 299 1271 355; baseline -0.008 -9"><span class='ocrx_word' id='word_1_3' title='bbox 306 299 400 355; x_wconf 71' lang='lat'>346</span> <span class='ocrx_word' id='word_1_4' title='bbox 711 313 745 342; x_wconf 89' lang='lat' dir='ltr'>s.</span> <span class='ocrx_word' id='word_1_5' title='bbox 790 308 1032 341; x_wconf 68' lang='lat' dir='ltr'>Avensa-mi</span> <span class='ocrx_word' id='word_1_6' title='bbox 1070 304 1271 339; x_wconf 65' lang='lat' dir='ltr'>triscom</span> 
     </span>
    </p>
   </div>
   <div class='ocr_carea' id='block_1_4' title="bbox 304 372 1740 860">
    <p class='ocr_par' dir='ltr' id='par_1_4' title="bbox 304 372 1740 860">
     <span class='ocr_line' id='line_1_4' title="bbox 305 372 1678 438; baseline -0.003 -16"><span class='ocrx_word' id='word_1_7' title='bbox 305 381 409 424; x_wconf 87' lang='lat' dir='ltr'>turis</span> <span class='ocrx_word' id='word_1_8' title='bbox 446 378 603 424; x_wconf 85' lang='lat' dir='ltr'>sanctis</span> <span class='ocrx_word' id='word_1_9' title='bbox 641 386 879 431; x_wconf 67' lang='lat' dir='ltr'>asseratur,</span> <span class='ocrx_word' id='word_1_10' title='bbox 916 373 1006 434; x_wconf 86' lang='lat' dir='ltr'>lege</span> <span class='ocrx_word' id='word_1_11' title='bbox 1031 374 1159 419; x_wconf 86' lang='lat' dir='ltr'>etiam</span> <span class='ocrx_word' id='word_1_12' title='bbox 1183 374 1292 419; x_wconf 77' lang='lat' dir='ltr'>ittud</span> <span class='ocrx_word' id='word_1_13' title='bbox 1321 374 1440 438; x_wconf 88' lang='lat' dir='ltr'>quod</span> <span class='ocrx_word' id='word_1_14' title='bbox 1470 372 1678 436; x_wconf 80' lang='lat' dir='ltr'>prolixius</span> 
     </span>
     <span class='ocr_line' id='line_1_5' title="bbox 304 441 1678 512; baseline -0.005 -18"><span class='ocrx_word' id='word_1_15' title='bbox 304 449 600 512; x_wconf 87' lang='lat' dir='ltr'>conscriptum</span> <span class='ocrx_word' id='word_1_16' title='bbox 633 448 726 494; x_wconf 89' lang='lat' dir='ltr'>misi</span> <span class='ocrx_word' id='word_1_17' title='bbox 765 446 1025 505; x_wconf 74' lang='lat' dir='ltr'>benignitati</span> <span class='ocrx_word' id='word_1_18' title='bbox 1060 456 1160 492; x_wconf 81' lang='lat' dir='ltr'>tuae.</span> <span class='ocrx_word' id='word_1_19' title='bbox 1214 445 1258 490; x_wconf 84' lang='lat' dir='ltr'>Si</span> <span class='ocrx_word' id='word_1_20' title='bbox 1296 454 1438 489; x_wconf 88' lang='lat' dir='ltr'>autem</span> <span class='ocrx_word' id='word_1_21' title='bbox 1463 443 1573 489; x_wconf 88' lang='lat' dir='ltr'>illud</span> <span class='ocrx_word' id='word_1_22' title='bbox 1598 441 1678 488; x_wconf 85' lang='lat' dir='ltr'>tibi</span> 
     </span>
     <span class='ocr_line' id='line_1_6' title="bbox 306 514 1738 579; baseline -0.005 -15"><span class='ocrx_word' id='word_1_23' title='bbox 306 536 393 563; x_wconf 87' lang='lat' dir='ltr'>non</span> <span class='ocrx_word' id='word_1_24' title='bbox 412 530 537 564; x_wconf 69' lang='lat' dir='ltr'>vacat</span> <span class='ocrx_word' id='word_1_25' title='bbox 568 519 729 579; x_wconf 84' lang='lat' dir='ltr'>legere,</span> <span class='ocrx_word' id='word_1_26' title='bbox 760 534 839 562; x_wconf 86' lang='lat' dir='ltr'>nec</span> <span class='ocrx_word' id='word_1_27' title='bbox 863 516 971 561; x_wconf 89' lang='lat' dir='ltr'>mihi</span> <span class='ocrx_word' id='word_1_28' title='bbox 998 526 1122 560; x_wconf 75' lang='lat' dir='ltr'>vacat</span> <span class='ocrx_word' id='word_1_29' title='bbox 1145 514 1304 560; x_wconf 79' lang='lat' dir='ltr'>frustra</span> <span class='ocrx_word' id='word_1_30' title='bbox 1334 514 1465 560; x_wconf 71' lang='lat' dir='ltr'>verba</span> <span class='ocrx_word' id='word_1_31' title='bbox 1495 517 1674 573; x_wconf 77' lang='lat' dir='ltr'>jactare.</span> <span class='ocrx_word' id='word_1_32' title='bbox 1734 531 1738 567; x_wconf 68' lang='grc' dir='ltr'><strong>ς</strong></span> 
     </span>
     <span class='ocr_line' id='line_1_7' title="bbox 307 581 1683 653; baseline -0.005 -18"><span class='ocrx_word' id='word_1_33' title='bbox 307 591 488 634; x_wconf 80' lang='lat' dir='ltr'>Possum</span> <span class='ocrx_word' id='word_1_34' title='bbox 522 599 664 635; x_wconf 84' lang='lat' dir='ltr'>tamen</span> <span class='ocrx_word' id='word_1_35' title='bbox 696 599 911 653; x_wconf 84' lang='lat' dir='ltr'>quantuni</span> <span class='ocrx_word' id='word_1_36' title='bbox 936 587 1148 631; x_wconf 80' lang='lat' dir='ltr'>Dominus</span> <span class='ocrx_word' id='word_1_37' title='bbox 1184 585 1354 630; x_wconf 81' lang='lat' dir='ltr'>dederit</span> <span class='ocrx_word' id='word_1_38' title='bbox 1380 583 1596 629; x_wconf 74' lang='lat' dir='ltr'>facultatis</span> <span class='ocrx_word' id='word_1_39' title='bbox 1617 581 1683 628; x_wconf 76' lang='lat' dir='ltr'>vel</span> 
     </span>
     <span class='ocr_line' id='line_1_8' title="bbox 309 653 1740 720; baseline -0.006 -15"><span class='ocrx_word' id='word_1_40' title='bbox 309 660 491 706; x_wconf 75' lang='lat' dir='ltr'>dictanti</span> <span class='ocrx_word' id='word_1_41' title='bbox 512 661 595 707; x_wconf 88' lang='lat' dir='ltr'>tibi</span> <span class='ocrx_word' id='word_1_42' title='bbox 625 659 692 707; x_wconf 86' lang='lat' dir='ltr'>vel</span> <span class='ocrx_word' id='word_1_43' title='bbox 721 659 961 713; x_wconf 82' lang='lat' dir='ltr'>scribenti,</span> <span class='ocrx_word' id='word_1_44' title='bbox 989 675 1065 717; x_wconf 87' lang='lat' dir='ltr'>ego</span> <span class='ocrx_word' id='word_1_45' title='bbox 1098 672 1272 720; x_wconf 85' lang='lat' dir='ltr'>quoquc</span> <span class='ocrx_word' id='word_1_46' title='bbox 1296 656 1361 701; x_wconf 84' lang='lat' dir='ltr'>vel</span> <span class='ocrx_word' id='word_1_47' title='bbox 1389 655 1599 701; x_wconf 85' lang='lat' dir='ltr'>dictando</span> <span class='ocrx_word' id='word_1_48' title='bbox 1618 653 1687 698; x_wconf 75' lang='lat' dir='ltr'>vel</span> <span class='ocrx_word' id='word_1_49' title='bbox 1737 677 1740 690; x_wconf 81' lang='grc' dir='ltr'>ι</span> 
     </span>
     <span class='ocr_line' id='line_1_9' title="bbox 312 726 1690 795; baseline -0.004 -20"><span class='ocrx_word' id='word_1_50' title='bbox 312 730 542 777; x_wconf 83' lang='lat' dir='ltr'>scribendo</span> <span class='ocrx_word' id='word_1_51' title='bbox 571 732 625 776; x_wconf 84' lang='lat' dir='ltr'>ad</span> <span class='ocrx_word' id='word_1_52' title='bbox 665 730 784 795; x_wconf 89' lang='lat' dir='ltr'>quod</span> <span class='ocrx_word' id='word_1_53' title='bbox 817 728 1002 776; x_wconf 87' lang='lat' dir='ltr'>volueris</span> <span class='ocrx_word' id='word_1_54' title='bbox 1025 726 1295 790; x_wconf 80' lang='lat' dir='ltr'>respondere.</span> <span class='ocrx_word' id='word_1_55' title='bbox 1324 728 1416 772; x_wconf 69' lang='lat' dir='ltr'>Hie</span> <span class='ocrx_word' id='word_1_56' title='bbox 1441 730 1690 789; x_wconf 75' lang='lat' dir='ltr'>Scripturae</span> 
     </span>
     <span class='ocr_line' id='line_1_10' title="bbox 314 797 1656 860; baseline -0.002 -17"><span class='ocrx_word' id='word_1_57' title='bbox 314 818 344 844; x_wconf 77' lang='lat' dir='ltr'><em>a</em></span> <span class='ocrx_word' id='word_1_58' title='bbox 368 817 444 847; x_wconf 81' lang='lat' dir='ltr'>me</span> <span class='ocrx_word' id='word_1_59' title='bbox 469 800 660 847; x_wconf 68' lang='lat' dir='ltr'>dictatae</span> <span class='ocrx_word' id='word_1_60' title='bbox 680 813 724 846; x_wconf 80' lang='lat' dir='ltr'>ec</span> <span class='ocrx_word' id='word_1_61' title='bbox 749 800 937 846; x_wconf 68' lang='lat' dir='ltr'>relectae</span> <span class='ocrx_word' id='word_1_62' title='bbox 966 815 1050 860; x_wconf 68' lang='lat' dir='ltr'>ego</span> <span class='ocrx_word' id='word_1_63' title='bbox 1077 798 1368 860; x_wconf 70' lang='lat' dir='ltr'>Augustinus</span> <span class='ocrx_word' id='word_1_64' title='bbox 1388 797 1656 859; x_wconf 42' lang='lat' dir='ltr'>subscr-2225&amp;</span> 
     </span>
    </p>
   </div>
   <div class='ocr_carea' id='block_1_5' title="bbox 1760 107 1763 765">
    <p class='ocr_par' dir='ltr' id='par_1_5' title="bbox 1760 107 1763 765">
     <span class='ocr_line' id='line_1_11' title="bbox 1761 107 1762 117; baseline 0 0"><span class='ocrx_word' id='word_1_65' title='bbox 1761 107 1762 117; x_wconf 85' lang='lat'><em>5</em></span> 
     </span>
     <span class='ocr_line' id='line_1_12' title="bbox 1760 758 1763 765; baseline 0 0"><span class='ocrx_word' id='word_1_66' title='bbox 1760 758 1763 765; x_wconf 70' lang='lat' dir='ltr'><em>r</em></span> 
     </span>
    </p>
   </div>
   <div class='ocr_carea' id='block_1_6' title="bbox 1724 0 1743 780">
    <p class='ocr_par' dir='ltr' id='par_1_6' title="bbox 1724 0 1743 780">
     <span class='ocr_line' id='line_1_13' title="bbox 1724 0 1732 106; baseline 0 -11"><span class='ocrx_word' id='word_1_67' title='bbox 1724 0 1732 106; x_wconf 85' lang='lat'><em>5</em></span> 
     </span>
     <span class='ocr_line' id='line_1_14' title="bbox 1727 114 1732 241; baseline 0 0"><span class='ocrx_word' id='word_1_68' title='bbox 1727 114 1732 241; x_wconf 71' lang='grc' dir='ltr'>ἒ</span> 
     </span>
     <span class='ocr_line' id='line_1_15' title="bbox 1730 272 1735 365; baseline 0 -6"><span class='ocrx_word' id='word_1_69' title='bbox 1730 272 1735 365; x_wconf 81' lang='lat'><em>5</em></span> 
     </span>
     <span class='ocr_line' id='line_1_16' title="bbox 1731 372 1737 459; baseline 0 0"><span class='ocrx_word' id='word_1_70' title='bbox 1731 372 1737 459; x_wconf 84' lang='lat'><em>5</em></span> 
     </span>
     <span class='ocr_line' id='line_1_17' title="bbox 1733 463 1738 530; baseline 0 0"><span class='ocrx_word' id='word_1_71' title='bbox 1733 463 1738 530; x_wconf 72' lang='grc' dir='ltr'><strong>ἱ</strong></span> 
     </span>
     <span class='ocr_line' id='line_1_18' title="bbox 1735 578 1742 714; baseline 0 0"><span class='ocrx_word' id='word_1_72' title='bbox 1735 578 1742 714; x_wconf 65' lang='grc' dir='ltr'>ἶ</span> 
     </span>
     <span class='ocr_line' id='line_1_19' title="bbox 1738 742 1743 780; baseline 0 0"><span class='ocrx_word' id='word_1_73' title='bbox 1738 742 1743 780; x_wconf 76' lang='lat' dir='ltr'>i</span> 
     </span>
    </p>
   </div>
   <div class='ocr_carea' id='block_1_7' title="bbox 316 974 1769 1000">
    <p class='ocr_par' dir='ltr' id='par_1_7' title="bbox 316 974 1769 1000">
     <span class='ocr_line' id='line_1_20' title="bbox 316 974 1769 1000; baseline -0.003 -2"><span class='ocrx_word' id='word_1_74' title='bbox 316 984 1439 1000; x_wconf 51' lang='lat' dir='ltr'>mmwsusmsvsswmmwu=ww=mummussvvssnm</span> <span class='ocrx_word' id='word_1_75' title='bbox 1462 983 1687 996; x_wconf 56' lang='lat' dir='ltr'>”mmm</span> <span class='ocrx_word' id='word_1_76' title='bbox 1742 974 1745 994; x_wconf 54' lang='grc' dir='ltr'>Ῐ</span> <span class='ocrx_word' id='word_1_77' title='bbox 1766 988 1769 990; x_wconf 87' lang='grc'>-</span> 
     </span>
    </p>
   </div>
   <div class='ocr_carea' id='block_1_8' title="bbox 767 1106 1264 1153">
    <p class='ocr_par' dir='ltr' id='par_1_8' title="bbox 767 1106 1264 1153">
     <span class='ocr_line' id='line_1_21' title="bbox 767 1106 1264 1153; baseline -0.004 0"><span class='ocrx_word' id='word_1_78' title='bbox 767 1106 1034 1153; x_wconf 80' lang='lat' dir='ltr'><strong>EPISTOLA</strong></span> <span class='ocrx_word' id='word_1_79' title='bbox 1068 1108 1216 1152; x_wconf 85' lang='lat' dir='ltr'>CCXL</span> <span class='ocrx_word' id='word_1_80' title='bbox 1233 1109 1264 1150; x_wconf 88' lang='lat'>¹.</span> 
     </span>
    </p>
   </div>
   <div class='ocr_carea' id='block_1_9' title="bbox 325 1244 1769 1441">
    <p class='ocr_par' dir='ltr' id='par_1_9' title="bbox 325 1242 1769 1441">
     <span class='ocr_line' id='line_1_22' title="bbox 325 1244 1769 1303; baseline -0.002 -14"><span class='ocrx_word' id='word_1_81' title='bbox 325 1246 582 1289; x_wconf 71' lang='lat' dir='ltr'>Pascentius</span> <span class='ocrx_word' id='word_1_82' title='bbox 609 1246 911 1303; x_wconf 73' lang='lat' dir='ltr'>Augustinum</span> <span class='ocrx_word' id='word_1_83' title='bbox 941 1244 1241 1286; x_wconf 76' lang='lat' dir='ltr'>contumeliose</span> <span class='ocrx_word' id='word_1_84' title='bbox 1266 1245 1524 1300; x_wconf 71' lang='lat' dir='ltr'>compellat,</span> <span class='ocrx_word' id='word_1_85' title='bbox 1547 1249 1705 1303; x_wconf 65' lang='lat' dir='ltr'>urgens</span> <span class='ocrx_word' id='word_1_86' title='bbox 1746 1261 1769 1291; x_wconf 99' lang='lat'><em>5</em></span> 
     </span>
     <span class='ocr_line' id='line_1_23' title="bbox 389 1312 1769 1371; baseline -0.001 -15"><span class='ocrx_word' id='word_1_87' title='bbox 389 1325 434 1356; x_wconf 79' lang='grc' dir='ltr'>αι</span> <span class='ocrx_word' id='word_1_88' title='bbox 448 1317 644 1371; x_wconf 61' lang='lat' dir='ltr'>proferat</span> <span class='ocrx_word' id='word_1_89' title='bbox 662 1314 759 1368; x_wconf 77' lang='lat' dir='ltr'>quis</span> <span class='ocrx_word' id='word_1_90' title='bbox 776 1329 795 1354; x_wconf 76' lang='lat' dir='ltr'>e</span> <span class='ocrx_word' id='word_1_91' title='bbox 813 1313 953 1354; x_wconf 71' lang='lat' dir='ltr'>tribus</span> <span class='ocrx_word' id='word_1_92' title='bbox 967 1313 1163 1367; x_wconf 75' lang='lat' dir='ltr'>personis</span> <span class='ocrx_word' id='word_1_93' title='bbox 1180 1316 1232 1354; x_wconf 75' lang='grc' dir='ltr'>ειί</span> <span class='ocrx_word' id='word_1_94' title='bbox 1252 1328 1364 1354; x_wconf 81' lang='lat' dir='ltr'>unus</span> <span class='ocrx_word' id='word_1_95' title='bbox 1381 1313 1514 1362; x_wconf 73' lang='lat' dir='ltr'>Deus,</span> <span class='ocrx_word' id='word_1_96' title='bbox 1535 1312 1594 1354; x_wconf 87' lang='lat' dir='ltr'>ad</span> <span class='ocrx_word' id='word_1_97' title='bbox 1610 1328 1707 1354; x_wconf 82' lang='lat' dir='ltr'>con·</span> <span class='ocrx_word' id='word_1_98' title='bbox 1746 1307 1769 1355; x_wconf 60' lang='grc' dir='ltr'>ἒ·</span> 
     </span>
     <span class='ocr_line' id='line_1_24' title="bbox 389 1379 1752 1441; baseline -0.001 -17"><span class='ocrx_word' id='word_1_99' title='bbox 389 1382 568 1441; x_wconf 79' lang='lat' dir='ltr'>flictum</span> <span class='ocrx_word' id='word_1_100' title='bbox 590 1381 667 1425; x_wconf 76' lang='lat' dir='ltr'>sub</span> <span class='ocrx_word' id='word_1_101' title='bbox 691 1382 875 1424; x_wconf 72' lang='lat' dir='ltr'>arbitris</span> <span class='ocrx_word' id='word_1_102' title='bbox 892 1392 1149 1438; x_wconf 72' lang='lat' dir='ltr'>provocans.</span> <span class='ocrx_word' id='word_1_103' title='bbox 1748 1379 1752 1426; x_wconf 68' lang='lat' dir='ltr'>i</span> 
     </span>
    </p>
   </div>
   <div class='ocr_carea' id='block_1_10' title="bbox 333 1535 1768 2664">
    <p class='ocr_par' dir='ltr' id='par_1_10' title="bbox 333 1535 1764 2328">
     <span class='ocr_line' id='line_1_25' title="bbox 399 1535 1709 1601; baseline 0.001 -20"><span class='ocrx_word' id='word_1_104' title='bbox 399 1536 710 1582; x_wconf 79' lang='lat' dir='ltr'><strong>«OPTAVERAM</strong></span> <span class='ocrx_word' id='word_1_105' title='bbox 731 1547 786 1592; x_wconf 90' lang='lat' dir='ltr'>te,</span> <span class='ocrx_word' id='word_1_106' title='bbox 813 1537 946 1583; x_wconf 80' lang='lat' dir='ltr'>frater</span> <span class='ocrx_word' id='word_1_107' title='bbox 961 1537 1254 1593; x_wconf 82' lang='lat' dir='ltr'>dilectissime,</span> <span class='ocrx_word' id='word_1_108' title='bbox 1281 1537 1455 1601; x_wconf 84' lang='lat' dir='ltr'>pristini</span> <span class='ocrx_word' id='word_1_109' title='bbox 1475 1536 1628 1582; x_wconf 87' lang='lat' dir='ltr'>erroris</span> <span class='ocrx_word' id='word_1_110' title='bbox 1646 1535 1709 1583; x_wconf 84' lang='lat' dir='ltr'>tui</span> 
     </span>
     <span class='ocr_line' id='line_1_26' title="bbox 334 1602 1710 1671; baseline 0 -20"><span class='ocrx_word' id='word_1_111' title='bbox 334 1606 562 1652; x_wconf 86' lang='lat' dir='ltr'>consilium</span> <span class='ocrx_word' id='word_1_112' title='bbox 591 1605 828 1670; x_wconf 83' lang='lat' dir='ltr'><strong>deponere,</strong></span> <span class='ocrx_word' id='word_1_113' title='bbox 856 1625 975 1654; x_wconf 89' lang='lat' dir='ltr'>nunc</span> <span class='ocrx_word' id='word_1_114' title='bbox 1007 1608 1140 1653; x_wconf 89' lang='lat' dir='ltr'>miror</span> <span class='ocrx_word' id='word_1_115' title='bbox 1171 1619 1208 1653; x_wconf 87' lang='lat' dir='ltr'>te</span> <span class='ocrx_word' id='word_1_116' title='bbox 1236 1608 1281 1654; x_wconf 86' lang='lat' dir='ltr'>id</span> <span class='ocrx_word' id='word_1_117' title='bbox 1316 1609 1411 1671; x_wconf 87' lang='lat' dir='ltr'>ipso</span> <span class='ocrx_word' id='word_1_118' title='bbox 1441 1602 1587 1653; x_wconf 88' lang='lat' dir='ltr'>adhuc</span> <span class='ocrx_word' id='word_1_119' title='bbox 1606 1623 1710 1670; x_wconf 80' lang='lat' dir='ltr'>per-</span> 
     </span>
     <span class='ocr_line' id='line_1_27' title="bbox 333 1677 1712 1742; baseline 0 -20"><span class='ocrx_word' id='word_1_120' title='bbox 333 1695 524 1732; x_wconf 84' lang='lat' dir='ltr'>manere,</span> <span class='ocrx_word' id='word_1_121' title='bbox 552 1677 663 1723; x_wconf 85' lang='lat' dir='ltr'>sicut</span> <span class='ocrx_word' id='word_1_122' title='bbox 686 1678 881 1741; x_wconf 65' lang='lat' dir='ltr'>Epistola</span> <span class='ocrx_word' id='word_1_123' title='bbox 904 1695 1035 1742; x_wconf 89' lang='lat' dir='ltr'>quam</span> <span class='ocrx_word' id='word_1_124' title='bbox 1061 1678 1114 1723; x_wconf 88' lang='lat' dir='ltr'>ad</span> <span class='ocrx_word' id='word_1_125' title='bbox 1138 1696 1204 1724; x_wconf 89' lang='lat' dir='ltr'>me</span> <span class='ocrx_word' id='word_1_126' title='bbox 1227 1679 1375 1724; x_wconf 86' lang='lat' dir='ltr'>misisti</span> <span class='ocrx_word' id='word_1_127' title='bbox 1396 1678 1570 1724; x_wconf 84' lang='lat' dir='ltr'>clamat.</span> <span class='ocrx_word' id='word_1_128' title='bbox 1599 1678 1712 1723; x_wconf 75' lang='lat' dir='ltr'>Nam</span> 
     </span>
     <span class='ocr_line' id='line_1_28' title="bbox 333 1747 1711 1808; baseline 0.001 -16"><span class='ocrx_word' id='word_1_129' title='bbox 333 1748 395 1793; x_wconf 84' lang='lat' dir='ltr'>ita</span> <span class='ocrx_word' id='word_1_130' title='bbox 419 1759 481 1793; x_wconf 89' lang='lat' dir='ltr'>est</span> <span class='ocrx_word' id='word_1_131' title='bbox 504 1747 699 1808; x_wconf 78' lang='lat' dir='ltr'>dignatio</span> <span class='ocrx_word' id='word_1_132' title='bbox 724 1760 813 1804; x_wconf 77' lang='lat' dir='ltr'>tua,</span> <span class='ocrx_word' id='word_1_133' title='bbox 840 1749 952 1794; x_wconf 87' lang='lat' dir='ltr'>sicut</span> <span class='ocrx_word' id='word_1_134' title='bbox 976 1748 1120 1794; x_wconf 81' lang='lat' dir='ltr'>sitiens</span> <span class='ocrx_word' id='word_1_135' title='bbox 1147 1750 1281 1795; x_wconf 86' lang='lat' dir='ltr'>nimio</span> <span class='ocrx_word' id='word_1_136' title='bbox 1311 1749 1453 1795; x_wconf 84' lang='lat' dir='ltr'>calore</span> <span class='ocrx_word' id='word_1_137' title='bbox 1475 1765 1680 1794; x_wconf 85' lang='lat' dir='ltr'>accensus</span> <span class='ocrx_word' id='word_1_138' title='bbox 1699 1783 1711 1804; x_wconf 88' lang='lat'><strong>,</strong></span> 
     </span>
     <span class='ocr_line' id='line_1_29' title="bbox 336 1818 1759 1916; baseline 0.001 -53"><span class='ocrx_word' id='word_1_139' title='bbox 336 1818 372 1863; x_wconf 86' lang='lat' dir='ltr'>Si</span> <span class='ocrx_word' id='word_1_140' title='bbox 389 1818 601 1863; x_wconf 78' lang='lat' dir='ltr'>invenerit</span> <span class='ocrx_word' id='word_1_141' title='bbox 634 1836 790 1882; x_wconf 87' lang='lat' dir='ltr'>aquam</span> <span class='ocrx_word' id='word_1_142' title='bbox 811 1836 1030 1865; x_wconf 81' lang='lat' dir='ltr'>coenosam</span> <span class='ocrx_word' id='word_1_143' title='bbox 1052 1856 1061 1874; x_wconf 88' lang='lat'><strong><em>‚</em></strong></span> <span class='ocrx_word' id='word_1_144' title='bbox 1091 1830 1132 1864; x_wconf 85' lang='lat' dir='ltr'>et</span> <span class='ocrx_word' id='word_1_145' title='bbox 1157 1837 1198 1865; x_wconf 91' lang='lat' dir='ltr'>se</span> <span class='ocrx_word' id='word_1_146' title='bbox 1223 1819 1323 1866; x_wconf 87' lang='lat' dir='ltr'>inde</span> <span class='ocrx_word' id='word_1_147' title='bbox 1347 1819 1678 1879; x_wconf 77' lang='lat' dir='ltr'>ingurgitaverit</span> <span class='ocrx_word' id='word_1_148' title='bbox 1699 1855 1710 1874; x_wconf 89' lang='lat'>‚</span> <span class='ocrx_word' id='word_1_149' title='bbox 1753 1835 1759 1916; x_wconf 60' lang='lat' dir='ltr'>l</span> 
     </span>
     <span class='ocr_line' id='line_1_30' title="bbox 334 1889 1760 1978; baseline 0.001 -45"><span class='ocrx_word' id='word_1_150' title='bbox 334 1899 482 1952; x_wconf 82' lang='lat' dir='ltr'>postea</span> <span class='ocrx_word' id='word_1_151' title='bbox 507 1890 681 1935; x_wconf 80' lang='lat' dir='ltr'>etiamsi</span> <span class='ocrx_word' id='word_1_152' title='bbox 706 1889 937 1953; x_wconf 82' lang='lat' dir='ltr'>limpidam</span> <span class='ocrx_word' id='word_1_153' title='bbox 971 1901 1013 1935; x_wconf 91' lang='lat' dir='ltr'>et</span> <span class='ocrx_word' id='word_1_154' title='bbox 1039 1889 1242 1951; x_wconf 78' lang='lat' dir='ltr'>frigidam</span> <span class='ocrx_word' id='word_1_155' title='bbox 1272 1891 1487 1954; x_wconf 83' lang='lat' dir='ltr'>reperiens</span> <span class='ocrx_word' id='word_1_156' title='bbox 1514 1890 1678 1935; x_wconf 82' lang='lat' dir='ltr'>biberit</span> <span class='ocrx_word' id='word_1_157' title='bbox 1701 1927 1712 1945; x_wconf 96' lang='lat'>,</span> <span class='ocrx_word' id='word_1_158' title='bbox 1755 1930 1760 1978; x_wconf 68' lang='grc' dir='ltr'>Ι</span> 
     </span>
     <span class='ocr_line' id='line_1_31' title="bbox 338 1960 1761 2026; baseline 0.003 -22"><span class='ocrx_word' id='word_1_159' title='bbox 338 1977 426 2005; x_wconf 87' lang='lat' dir='ltr'>non</span> <span class='ocrx_word' id='word_1_160' title='bbox 450 1961 548 2005; x_wconf 88' lang='lat' dir='ltr'>satis</span> <span class='ocrx_word' id='word_1_161' title='bbox 577 1962 786 2023; x_wconf 85' lang='lat' dir='ltr'>proficere</span> <span class='ocrx_word' id='word_1_162' title='bbox 819 1972 992 2024; x_wconf 77' lang='lat' dir='ltr'>potest,</span> <span class='ocrx_word' id='word_1_163' title='bbox 1035 1962 1391 2026; x_wconf 80' lang='lat' dir='ltr'>quandoquidem</span> <span class='ocrx_word' id='word_1_164' title='bbox 1431 1979 1560 2008; x_wconf 88' lang='lat' dir='ltr'>coeno</span> <span class='ocrx_word' id='word_1_165' title='bbox 1589 1960 1718 2008; x_wconf 85' lang='lat' dir='ltr'>semel</span> <span class='ocrx_word' id='word_1_166' title='bbox 1756 1984 1761 2021; x_wconf 77' lang='lat'><em>5</em></span> 
     </span>
     <span class='ocr_line' id='line_1_32' title="bbox 338 2029 1761 2097; baseline 0.002 -23"><span class='ocrx_word' id='word_1_167' title='bbox 338 2033 429 2090; x_wconf 84' lang='lat' dir='ltr'>ejus</span> <span class='ocrx_word' id='word_1_168' title='bbox 451 2048 525 2077; x_wconf 90' lang='lat' dir='ltr'>cor</span> <span class='ocrx_word' id='word_1_169' title='bbox 545 2032 745 2077; x_wconf 84' lang='lat' dir='ltr'>etanima</span> <span class='ocrx_word' id='word_1_170' title='bbox 765 2032 982 2079; x_wconf 85' lang='lat' dir='ltr'>obruitur.</span> <span class='ocrx_word' id='word_1_171' title='bbox 1010 2033 1208 2096; x_wconf 83' lang='lat' dir='ltr'>Denique</span> <span class='ocrx_word' id='word_1_172' title='bbox 1230 2071 1239 2088; x_wconf 85' lang='lat'>‚</span> <span class='ocrx_word' id='word_1_173' title='bbox 1271 2032 1391 2097; x_wconf 89' lang='lat' dir='ltr'>quod</span> <span class='ocrx_word' id='word_1_174' title='bbox 1420 2049 1525 2095; x_wconf 90' lang='lat' dir='ltr'>pace</span> <span class='ocrx_word' id='word_1_175' title='bbox 1546 2043 1619 2077; x_wconf 85' lang='lat' dir='ltr'>tua</span> <span class='ocrx_word' id='word_1_176' title='bbox 1645 2031 1717 2077; x_wconf 90' lang='lat' dir='ltr'>di-</span> <span class='ocrx_word' id='word_1_177' title='bbox 1756 2029 1761 2090; x_wconf 71' lang='grc' dir='ltr'>ξ</span> 
     </span>
     <span class='ocr_line' id='line_1_33' title="bbox 340 2096 1762 2166; baseline 0.003 -21"><span class='ocrx_word' id='word_1_178' title='bbox 340 2117 435 2145; x_wconf 87' lang='lat' dir='ltr'>cam</span> <span class='ocrx_word' id='word_1_179' title='bbox 451 2138 461 2156; x_wconf 83' lang='lat'><em>‚</em></span> <span class='ocrx_word' id='word_1_180' title='bbox 483 2103 543 2146; x_wconf 85' lang='lat' dir='ltr'>ita</span> <span class='ocrx_word' id='word_1_181' title='bbox 568 2113 630 2148; x_wconf 85' lang='lat' dir='ltr'>est</span> <span class='ocrx_word' id='word_1_182' title='bbox 648 2103 877 2148; x_wconf 88' lang='lat' dir='ltr'>consilium</span> <span class='ocrx_word' id='word_1_183' title='bbox 898 2104 1163 2166; x_wconf 59' lang='lat' dir='ltr'>praestantiae</span> <span class='ocrx_word' id='word_1_184' title='bbox 1183 2115 1287 2160; x_wconf 77' lang='lat' dir='ltr'>tuae,</span> <span class='ocrx_word' id='word_1_185' title='bbox 1305 2104 1417 2150; x_wconf 84' lang='lat' dir='ltr'>sicut</span> <span class='ocrx_word' id='word_1_186' title='bbox 1437 2104 1568 2149; x_wconf 85' lang='lat' dir='ltr'>arbor</span> <span class='ocrx_word' id='word_1_187' title='bbox 1581 2120 1719 2150; x_wconf 79' lang='lat' dir='ltr'>curva</span> <span class='ocrx_word' id='word_1_188' title='bbox 1757 2096 1762 2163; x_wconf 74' lang='grc' dir='ltr'>ξ</span> 
     </span>
     <span class='ocr_line' id='line_1_34' title="bbox 342 2165 1763 2238; baseline 0.003 -22"><span class='ocrx_word' id='word_1_189' title='bbox 342 2181 384 2216; x_wconf 89' lang='lat' dir='ltr'>et</span> <span class='ocrx_word' id='word_1_190' title='bbox 406 2171 595 2230; x_wconf 81' lang='lat' dir='ltr'>nodosa,</span> <span class='ocrx_word' id='word_1_191' title='bbox 615 2190 716 2237; x_wconf 83' lang='lat' dir='ltr'>quae</span> <span class='ocrx_word' id='word_1_192' title='bbox 739 2173 851 2219; x_wconf 85' lang='lat' dir='ltr'>nihil</span> <span class='ocrx_word' id='word_1_193' title='bbox 872 2174 916 2219; x_wconf 90' lang='lat' dir='ltr'>in</span> <span class='ocrx_word' id='word_1_194' title='bbox 941 2192 982 2219; x_wconf 88' lang='lat' dir='ltr'>se</span> <span class='ocrx_word' id='word_1_195' title='bbox 1007 2186 1172 2220; x_wconf 85' lang='lat' dir='ltr'>rectum</span> <span class='ocrx_word' id='word_1_196' title='bbox 1195 2175 1359 2231; x_wconf 83' lang='lat' dir='ltr'>habet,</span> <span class='ocrx_word' id='word_1_197' title='bbox 1389 2185 1429 2220; x_wconf 80' lang='lat' dir='ltr'>et</span> <span class='ocrx_word' id='word_1_198' title='bbox 1456 2175 1590 2220; x_wconf 83' lang='lat' dir='ltr'>aciem</span> <span class='ocrx_word' id='word_1_199' title='bbox 1615 2191 1718 2238; x_wconf 90' lang='lat' dir='ltr'>per·-</span> <span class='ocrx_word' id='word_1_200' title='bbox 1758 2165 1763 2204; x_wconf 70' lang='lat'>²</span> 
     </span>
     <span class='ocr_line' id='line_1_35' title="bbox 342 2210 1764 2328; baseline 0.002 -41"><span class='ocrx_word' id='word_1_201' title='bbox 342 2242 472 2288; x_wconf 88' lang='lat' dir='ltr'>vertit</span> <span class='ocrx_word' id='word_1_202' title='bbox 505 2243 746 2291; x_wconf 88' lang='lat' dir='ltr'>oculorum.</span> <span class='ocrx_word' id='word_1_203' title='bbox 791 2245 1011 2290; x_wconf 80' lang='lat' dir='ltr'>Rescribit</span> <span class='ocrx_word' id='word_1_204' title='bbox 1049 2245 1157 2290; x_wconf 76' lang='lat' dir='ltr'>mihi</span> <span class='ocrx_word' id='word_1_205' title='bbox 1191 2246 1395 2291; x_wconf 84' lang='lat' dir='ltr'>sanctitas</span> <span class='ocrx_word' id='word_1_206' title='bbox 1428 2257 1503 2292; x_wconf 87' lang='lat' dir='ltr'>tua</span> <span class='ocrx_word' id='word_1_207' title='bbox 1544 2246 1722 2292; x_wconf 89' lang='lat' dir='ltr'>Patrem</span> <span class='ocrx_word' id='word_1_208' title='bbox 1758 2210 1764 2328; x_wconf 58' lang='grc' dir='ltr'>ἓ</span> 
     </span>
    </p>

    <p class='ocr_par' dir='ltr' id='par_1_11' title="bbox 1760 2376 1768 2664">
     <span class='ocr_line' id='line_1_36' title="bbox 1760 2376 1767 2445; baseline 0 0"><span class='ocrx_word' id='word_1_209' title='bbox 1760 2376 1767 2445; x_wconf 68' lang='lat'>‘3</span> 
     </span>
     <span class='ocr_line' id='line_1_37' title="bbox 1761 2450 1767 2526; baseline 0 0"><span class='ocrx_word' id='word_1_210' title='bbox 1761 2450 1767 2526; x_wconf 83' lang='grc' dir='ltr'>ἰ</span> 
     </span>
     <span class='ocr_line' id='line_1_38' title="bbox 1764 2644 1768 2664; baseline 0 0"><span class='ocrx_word' id='word_1_211' title='bbox 1764 2644 1768 2664; x_wconf 79' lang='lat' dir='ltr'>i</span> 
     </span>
    </p>
   </div>
   <div class='ocr_carea' id='block_1_11' title="bbox 1752 1722 1757 1830">
    <p class='ocr_par' dir='ltr' id='par_1_12' title="bbox 1752 1722 1757 1830">
     <span class='ocr_line' id='line_1_39' title="bbox 1752 1722 1757 1830; baseline 0 1405"><span class='ocrx_word' id='word_1_212' title='bbox 1752 1722 1757 1830; x_wconf 95' lang='lat' dir='ltr'> </span> 
     </span>
    </p>
   </div>
   <div class='ocr_carea' id='block_1_12' title="bbox 345 2314 1767 2596">
    <p class='ocr_par' dir='ltr' id='par_1_13' title="bbox 345 2314 1767 2596">
     <span class='ocr_line' id='line_1_40' title="bbox 346 2314 1766 2381; baseline 0.001 -21"><span class='ocrx_word' id='word_1_213' title='bbox 346 2314 485 2360; x_wconf 88' lang='lat' dir='ltr'>Deum</span> <span class='ocrx_word' id='word_1_214' title='bbox 512 2352 522 2371; x_wconf 91' lang='lat'><strong><em>‚</em></strong></span> <span class='ocrx_word' id='word_1_215' title='bbox 560 2316 715 2362; x_wconf 80' lang='lat' dir='ltr'>Filium</span> <span class='ocrx_word' id='word_1_216' title='bbox 753 2317 922 2372; x_wconf 82' lang='lat' dir='ltr'>Deum,</span> <span class='ocrx_word' id='word_1_217' title='bbox 967 2318 1178 2381; x_wconf 81' lang='lat' dir='ltr'>Spiritum</span> <span class='ocrx_word' id='word_1_218' title='bbox 1213 2330 1408 2363; x_wconf 82' lang='lat' dir='ltr'>sanctum</span> <span class='ocrx_word' id='word_1_219' title='bbox 1437 2321 1610 2374; x_wconf 85' lang='lat' dir='ltr'>Deum,</span> <span class='ocrx_word' id='word_1_220' title='bbox 1647 2317 1722 2364; x_wconf 88' lang='lat' dir='ltr'>sed</span> <span class='ocrx_word' id='word_1_221' title='bbox 1760 2349 1766 2361; x_wconf 80' lang='grc'><em>.</em></span> 
     </span>
     <span class='ocr_line' id='line_1_41' title="bbox 345 2388 1723 2447; baseline 0.003 -17"><span class='ocrx_word' id='word_1_222' title='bbox 345 2402 481 2431; x_wconf 91' lang='lat' dir='ltr'>unum</span> <span class='ocrx_word' id='word_1_223' title='bbox 502 2388 659 2434; x_wconf 88' lang='lat' dir='ltr'>Deum.</span> <span class='ocrx_word' id='word_1_224' title='bbox 690 2388 800 2445; x_wconf 85' lang='lat' dir='ltr'>Quis</span> <span class='ocrx_word' id='word_1_225' title='bbox 824 2406 846 2434; x_wconf 89' lang='lat' dir='ltr'>e</span> <span class='ocrx_word' id='word_1_226' title='bbox 870 2389 1010 2434; x_wconf 80' lang='lat' dir='ltr'>tribus</span> <span class='ocrx_word' id='word_1_227' title='bbox 1033 2406 1144 2434; x_wconf 90' lang='lat' dir='ltr'>unus</span> <span class='ocrx_word' id='word_1_228' title='bbox 1172 2390 1284 2434; x_wconf 87' lang='lat' dir='ltr'>Deus</span> <span class='ocrx_word' id='word_1_229' title='bbox 1302 2427 1312 2447; x_wconf 87' lang='lat'>,</span> <span class='ocrx_word' id='word_1_230' title='bbox 1335 2407 1387 2435; x_wconf 92' lang='lat' dir='ltr'>an</span> <span class='ocrx_word' id='word_1_231' title='bbox 1418 2388 1527 2435; x_wconf 84' lang='lat' dir='ltr'>forte</span> <span class='ocrx_word' id='word_1_232' title='bbox 1550 2400 1611 2434; x_wconf 90' lang='lat' dir='ltr'>est</span> <span class='ocrx_word' id='word_1_233' title='bbox 1637 2406 1723 2435; x_wconf 88' lang='lat' dir='ltr'>una</span> 
     </span>
     <span class='ocr_line' id='line_1_42' title="bbox 346 2457 1724 2524; baseline 0.004 -23"><span class='ocrx_word' id='word_1_234' title='bbox 346 2474 529 2519; x_wconf 86' lang='lat' dir='ltr'>persona</span> <span class='ocrx_word' id='word_1_235' title='bbox 549 2457 754 2505; x_wconf 83' lang='lat' dir='ltr'>triformis</span> <span class='ocrx_word' id='word_1_236' title='bbox 772 2497 783 2516; x_wconf 86' lang='lat'>‚</span> <span class='ocrx_word' id='word_1_237' title='bbox 810 2477 910 2524; x_wconf 89' lang='lat' dir='ltr'>quae</span> <span class='ocrx_word' id='word_1_238' title='bbox 935 2460 1021 2506; x_wconf 89' lang='lat' dir='ltr'>hoc</span> <span class='ocrx_word' id='word_1_239' title='bbox 1046 2460 1219 2506; x_wconf 85' lang='lat' dir='ltr'>nomine</span> <span class='ocrx_word' id='word_1_240' title='bbox 1248 2463 1564 2524; x_wconf 68' lang='lat' dir='ltr'>nuncupetur?</span> <span class='ocrx_word' id='word_1_241' title='bbox 1590 2461 1658 2506; x_wconf 87' lang='lat' dir='ltr'>Tu</span> <span class='ocrx_word' id='word_1_242' title='bbox 1688 2460 1724 2507; x_wconf 87' lang='lat' dir='ltr'>si</span> 
     </span>
     <span class='ocr_line' id='line_1_43' title="bbox 348 2527 1767 2596; baseline 0.005 -23"><span class='ocrx_word' id='word_1_243' title='bbox 348 2527 552 2575; x_wconf 89' lang='lat' dir='ltr'>voluisses</span> <span class='ocrx_word' id='word_1_244' title='bbox 577 2541 619 2576; x_wconf 87' lang='lat' dir='ltr'>et·</span> <span class='ocrx_word' id='word_1_245' title='bbox 639 2531 877 2578; x_wconf 87' lang='lat' dir='ltr'>confideres</span> <span class='ocrx_word' id='word_1_246' title='bbox 898 2531 951 2578; x_wconf 88' lang='lat' dir='ltr'>de</span> <span class='ocrx_word' id='word_1_247' title='bbox 975 2532 1239 2596; x_wconf 85' lang='lat' dir='ltr'>professione</span> <span class='ocrx_word' id='word_1_248' title='bbox 1265 2542 1338 2578; x_wconf 84' lang='lat' dir='ltr'>tua</span> <span class='ocrx_word' id='word_1_249' title='bbox 1355 2568 1366 2589; x_wconf 85' lang='lat'>‚</span> <span class='ocrx_word' id='word_1_250' title='bbox 1401 2531 1603 2579; x_wconf 82' lang='lat' dir='ltr'>resideres</span> <span class='ocrx_word' id='word_1_251' title='bbox 1631 2548 1724 2589; x_wconf 83' lang='lat' dir='ltr'>me-.</span> <span class='ocrx_word' id='word_1_252' title='bbox 1762 2530 1767 2574; x_wconf 64' lang='grc' dir='ltr'><strong>ἶ</strong></span> 
     </span>
    </p>
   </div>
   <div class='ocr_carea' id='block_1_13' title="bbox 397 2636 1313 2688">
    <p class='ocr_par' dir='ltr' id='par_1_14' title="bbox 397 2636 1313 2688">
     <span class='ocr_line' id='line_1_44' title="bbox 397 2636 1313 2688; baseline 0.004 -19"><span class='ocrx_word' id='word_1_253' title='bbox 397 2636 408 2659; x_wconf 82' lang='lat'><em>²</em></span> <span class='ocrx_word' id='word_1_254' title='bbox 437 2636 526 2670; x_wconf 76' lang='lat' dir='ltr'>Alias</span> <span class='ocrx_word' id='word_1_255' title='bbox 552 2648 680 2674; x_wconf 58' lang='lat' dir='ltr'>cxxxvi.</span> <span class='ocrx_word' id='word_1_256' title='bbox 707 2651 780 2684; x_wconf 74' lang='lat' dir='ltr'>quae</span> <span class='ocrx_word' id='word_1_257' title='bbox 804 2647 916 2685; x_wconf 16' lang='lat' dir='ltr'>autem*</span> <span class='ocrx_word' id='word_1_258' title='bbox 943 2649 1006 2688; x_wconf 35' lang='grc' dir='ltr'><strong>’δῇ-40</strong></span> <span class='ocrx_word' id='word_1_259' title='bbox 1034 2647 1126 2681; x_wconf 82' lang='lat' dir='ltr'>erat,</span> <span class='ocrx_word' id='word_1_260' title='bbox 1145 2652 1229 2673; x_wconf 87' lang='lat' dir='ltr'>nunc</span> <span class='ocrx_word' id='word_1_261' title='bbox 1257 2643 1313 2673; x_wconf 86' lang='lat'>63.</span> 
     </span>
    </p>
   </div>
  </div>
 </body>
</html>
