1769 3235
315 252 401 297 282
720 268 753 296 s.
798 266 1041 297 Aucuani
1078 268 1280 302 Episcopi

313 349 395 394 pro
421 331 513 376 aliis
538 331 769 394 patiuntur
792 342 997 395 apparet,
1028 332 1091 377 illi
1113 333 1275 378 scilicet
1299 333 1372 396 qui
1399 350 1496 380 cum
1523 351 1563 380 se
1585 352 1681 397 pos-

317 412 409 446 sent
429 400 587 446 talibus
610 400 732 450 malis
755 401 918 464 eripere
941 401 1146 461 fugiendo
1165 440 1175 458 ‚
1210 420 1263 448 ne
1293 402 1475 449 aliorum
1497 406 1683 454 necessi,-

312 481 444 515 tatem
466 470 706 515 desererent
726 507 736 524 ‚
767 488 937 523 manere
965 471 1223 518 maluerunt.
1248 472 1364 517 Hinc
1383 473 1564 523 maxime
1585 491 1683 537 pro„-

313 541 442 585 batur
462 540 533 589 illa
557 540 748 585 charitas
765 557 895 604 quam
922 542 1109 587 <ioannes
1128 542 1351 606 apostolus
1375 544 1681 602 commendat,

313 611 460 656 dicens
483 646 493 663 ‚
513 632 533 653 «
558 611 680 656 Sicut
700 611 902 669 Christus
922 612 1107 656 animam
1128 628 1248 659 suam
1273 628 1354 674 pro
1378 611 1504 656 nobis
1524 613 1682 675 posuit,

312 702 331 722 >³
354 680 415 726 sic.
446 691 486 725 et
517 698 592 725 nos
626 680 832 727 debemus
866 683 1028 726 animas
1067 699 1145 744 pro
1184 681 1389 726 fratribus
1423 698 1584 744 ponere
1601 682 1634 730 1.
1666 705 1686 726 »

315 750 426 795 Nam
455 751 531 814 qui
547 750 723 811 fugiunt
740 788 751 806 ‚
777 751 844 797 vel
868 751 954 796 suis
985 751 1175 796 devincti
1199 751 1522 796 necessitatibus
1542 750 1688 812 fugere

312 838 400 865 non
425 832 631 884 possunt,
654 823 687 867 si
708 822 1012 885 comprehensi
1029 821 1278 883 patiuntur,
1300 839 1381 887 pro
1401 839 1442 866 se
1459 821 1581 883 ipsis,
1602 840 1690 871 non

313 909 396 954 pro
432 891 644 938 fratribus
664 929 675 951 2
717 893 868 956 utique
908 891 1151 955 patiuntur.
1192 892 1280 948 Qui
1321 909 1420 937 vero
1460 903 1690 956 propterea

316 963 566 1025 patiuntur,
590 963 691 1025 quia
720 962 893 1019 fratres,
925 962 1001 1025 qui
1033 963 1091 1007 eis
1115 962 1168 1007 ad
1193 962 1485 1008 Christianam
1510 962 1691 1015 salutem

313 1031 598 1091 indigebant,
633 1032 823 1077 deserere
851 1032 1114 1088 noluerunt,
1137 1033 1225 1078 sine
1244 1031 1381 1077 dubio
1406 1047 1502 1076 suas
1527 1031 1692 1082 animas

315 1119 396 1164 pro
416 1102 627 1150 fratribus
644 1113 828 1165 ponunt.

380 1172 454 1219 IV.
484 1173 608 1218 Unde
627 1173 736 1219 illud
765 1173 883 1236 quod
904 1174 1159 1238 episcopum
1182 1174 1415 1236 quemdam
1437 1174 1588 1221 dixisse
1610 1189 1692 1222 au-

315 1241 534 1300 divimus,
583 1243 657 1306 [Si
694 1243 907 1288 Dominus
948 1244 1074 1289 nobis
1106 1243 1338 1308 imperavit
1375 1243 1523 1304 fugam
1556 1243 1601 1293 in
1635 1243 1692 1289 eis

313 1314 688 1379 persecutionibus
705 1351 715 1369 ‚
736 1313 812 1358 ubi
833 1324 974 1376 potest
1000 1313 1166 1362 fructus
1185 1331 1271 1359 esse
1292 1314 1486 1377 martyrii
1500 1332 1510 1371 ;
1526 1323 1692 1379 quanto

314 1383 448 1442 magis
477 1382 686 1429 dehemus
703 1384 849 1443 sugere
866 1383 1028 1428 steriles
1047 1383 1263 1446 passiones
1281 1420 1291 1435 ‚
1315 1383 1492 1447 quando
1520 1393 1582 1428 est
1594 1382 1693 1438 bar-

315 1453 491 1498 haricus
515 1464 556 1499 et
580 1454 748 1500 hostilis
773 1455 1007 1499 incursus?
1036 1454 1049 1517 ]
1082 1471 1230 1500 verum
1259 1465 1320 1499 est
1352 1454 1531 1520 quidem
1556 1463 1596 1499 et
1619 1469 1693 1509 ac-

317 1523 638 1586 ce1)t;1]›ile‚sed
665 1524 733 1569 his
752 1541 862 1587 quos
876 1523 1151 1573 ecclesiastici
1167 1524 1296 1573 officii
1318 1521 1404 1570 noi]
1425 1534 1572 1580 tenent
1590 1523 1693 1575 vin-

313 1588 425 1640 cula.
453 1595 562 1639 ‘Nam
587 1595 661 1657 qui
685 1594 828 1639 clades
852 1594 1030 1639 hostiles
1052 1595 1148 1639 ideo
1170 1612 1255 1639 non
1273 1594 1406 1654 fugit,
1432 1610 1532 1639 cum
1554 1593 1693 1657 possit

313 1666 520 1722 effugere,
557 1682 607 1709 ne
641 1663 807 1709 deserat
831 1664 1118 1710 ministerium
1145 1665 1334 1718 Christi,
1371 1664 1460 1710 sine
1493 1681 1581 1727 quo
1605 1680 1693 1713 non

314 1744 496 1798 possunt
522 1734 719 1780 homines
740 1734 807 1779 vel
831 1734 921 1779 fieri
940 1734 1008 1780 vel
1027 1735 1169 1780 vivere
1198 1734 1463 1791 Christiani,
1487 1737 1693 1794 majorem

316 1804 540 1850 charitatis
571 1804 740 1850 invenit
765 1803 956 1850 fructum
974 1842 985 1859 ,
1024 1822 1156 1870 quam
1193 1805 1270 1869 qui
1296 1823 1380 1851 non
1404 1815 1584 1869 propter
1603 1803 1694 1857 fra-

318 1885 401 1921 tres
419 1912 430 1933 ,
466 1875 539 1921 sed
573 1886 754 1940 propter
781 1892 822 1920 se
846 1875 990 1939 ipsum
1008 1875 1175 1936 fugiens
1200 1886 1328 1940 atque
1352 1875 1694 1939 comprehensus

314 1963 401 1992 non
426 1956 553 2007 negat
574 1946 831 2004 Christum,
864 1946 1128 2010 suscipitque
1153 1946 1424 2010 martyrium.

381 2016 433 2063 V.
460 2015 579 2073 Quid
601 2027 663 2061 est
680 2033 780 2076 ergo
800 2016 921 2080 quod
940 2017 984 2062 in
1009 2017 1191 2081 epistola
1214 2028 1286 2063 tua
1304 2017 1450 2081 priore
1476 2015 1693 2080 posuisti?

318 2085 441 2132 Dicis
463 2086 577 2132 enim
597 2123 608 2142 ‚
651 2086 725 2150 [Si
762 2086 805 2131 in
841 2086 1013 2133 ecclesis
1040 2087 1360 2151 persistendum
1389 2097 1480 2143 est,
1504 2086 1613 2150 quid
1634 2085 1695 2139 si-

316 2174 411 2203 mus
434 2157 562 2203 nobis
594 2156 661 2202 vel
684 2157 854 2221 populo
878 2159 1097 2221 profuturi
1128 2176 1216 2210 non
1249 2158 1400 2214 video,
1421 2157 1503 2208 nisi
1528 2169 1578 2204 ut
1597 2167 1695 2212 ante

317 2227 467 2274 oculos
492 2238 659 2273 nostros
690 2227 772 2273 viri
799 2227 985 2284 cadant,
1027 2228 1220 2275 foeminae
1241 2237 1598 2291 constuprentur,
1623 2227 1692 2278 in-

315 2298 559 2345 cendantur
588 2296 809 2354 ecclesiae,
845 2315 922 2344 nos
954 2299 1038 2363 ipsi
1072 2299 1118 2345 in
1152 2298 1376 2350 tormentis
1407 2297 1690 2358 deficiamus,

314 2387 416 2423 curn
444 2369 496 2415 de
519 2368 648 2415 nobis
677 2369 890 2432 quaeritur
912 2369 1033 2433 quod
1055 2387 1144 2420 non
1170 2368 1431 2434 habemus]
1454 2369 1612 2423 Potens
1632 2378 1696 2425 est

313 2441 491 2506 quidem
515 2442 632 2499 Deus
663 2439 815 2486 audire
850 2458 998 2509 preces
1036 2440 1215 2493 familiae
1236 2457 1323 2486 suae
1342 2478 1352 2496 ‚
1386 2450 1426 2485 et
1443 2438 1541 2489 haec
1558 2475 1568 2495 ,
1592 2455 1693 2510 quae

361 2550 372 2572 ¹
395 2563 407 2582 ι
431 2554 526 2591 Joan.
550 2562 602 2588 111,
627 2552 680 2586 ιβ.

1767 22 1769 30 A

1752 172 1760 389 ¹3

1756 395 1763 555 l

1759 558 1764 690 ι

1762 691 1766 763 ÷

1763 769 1768 861 ἰ

1765 890 1769 972 ἓ
