1769 3235
377 283 468 329 383
779 296 813 324 5.
858 295 1097 326 incensum
1135 296 1336 326 EPtSCOPI

1754 386 1759 526 ξ

377 363 553 426 quidem
575 360 628 406 de
647 361 848 406 Terentio
874 366 883 418 (
904 361 936 406 si
961 361 1140 423 recolis)
1171 377 1367 419 versum,
1393 360 1465 406 sed
1495 371 1636 408 tamen
1661 378 1743 425 ap-

376 434 586 479 tissimum
605 443 646 477 et
666 431 956 478 utilissimum.

514 551 608 581 Nunc
626 547 678 581 hie
694 549 760 580 dies
780 548 874 579 vitam
889 549 981 580 aliam
999 549 1105 586 affert,
1126 549 1203 580 alios
1218 560 1320 580 mores
1334 549 1469 591 postulat
1485 549 1508 579 ¹.

1756 609 1760 646 i

374 649 507 706 Quod
521 648 554 694 si
579 649 788 695 veraciter
805 647 974 704 dixisti,
999 648 1109 693 sicut
1125 648 1178 692 de
1197 658 1235 692 te
1258 647 1460 692 dubitare
1477 663 1562 691 non
1582 645 1739 702 debeo,
1756 649 1760 681 t

368 725 460 780 jam
483 718 678 783 profecto
699 719 758 764 sic
785 719 894 764 vivis
922 729 971 764 ut
993 719 1047 763 sis
1065 717 1223 777 dignus
1244 718 1463 780 baptismo
1483 716 1658 762 salutari
1679 714 1760 792 re-{

372 791 616 836 missionem
635 789 957 853 praeteritorum
980 788 1175 850 accipere
1195 798 1490 851 peccatorum.
1518 787 1628 832 Nam
1644 804 1760 856 oni-3

371 862 475 907 nino
500 878 586 907 non
610 873 670 907 est
693 860 763 906 cui
790 859 911 904 alteri
932 869 1093 922 praeter
1115 859 1351 904 Dominum
1374 857 1600 902 Christum
1625 856 1761 930 dicat3

369 948 501 992 genus
529 932 771 976 humanum
792 946 802 986 3
1758 939 1761 972 t

580 1050 627 1077 Te
647 1047 726 1078 duce
739 1047 838 1088 siqua
854 1053 979 1078 manent
998 1047 1124 1079 sceleris
1139 1047 1263 1090 vestigia
1284 1045 1385 1078 nostri
1402 1072 1410 1086 ‚

581 1102 674 1133 Irrita
696 1108 847 1144 perpetua
865 1103 987 1133 solvent
1003 1102 1172 1134 formidine
1191 1109 1291 1134 terras
1304 1101 1331 1134 ².
1759 1111 1762 1128 1

367 1196 499 1255 Quod
516 1214 562 1242 ex
577 1201 776 1252 clumam,
799 1196 844 1242 id
868 1208 947 1252 est,
968 1214 1014 1242 ex
1029 1197 1247 1260 Sibyllino
1266 1198 1457 1244 carmine
1474 1216 1515 1244 se
1527 1198 1660 1245 fassus
1677 1210 1739 1245 est
1758 1177 1762 1283 i

367 1268 633 1314 transtulisse
666 1267 894 1327 Virgilius3
921 1268 1129 1330 quoniam
1155 1267 1342 1314 fortassis
1366 1269 1494 1314 etiam
1519 1270 1592 1315 illa
1623 1281 1762 1325 vates;

365 1337 532 1401 aliquid
559 1338 612 1383 de
632 1338 761 1383 unico
789 1337 1008 1383 salvatore
1030 1338 1074 1383 in
1096 1338 1252 1400 spiritu
1268 1338 1487 1394 audierat,
1516 1339 1634 1402 quod
1657 1357 1736 1385 ne-
1759 1335 1763 1387 ἓ

363 1426 475 1454 cesse
496 1409 655 1454 habuit
678 1408 890 1454 confiteri.
935 1409 1042 1453 Haec
1070 1409 1178 1463 tibi,
1208 1408 1383 1454 domine
1415 1410 1567 1455 merito
1599 1393 1763 1492 susci-g

362 1478 547 1541 piende,
588 1490 631 1523 et
661 1479 705 1523 in
749 1478 924 1523 Christo
963 1478 1240 1523 dilectissime
1267 1495 1316 1524 ac
1350 1478 1764 1583 desiderantissimet

358 1548 508 1603 frater,
538 1549 624 1593 sive
657 1565 824 1611 pauca,
858 1548 944 1594 sive
978 1548 1159 1593 forsitan
1187 1548 1324 1594 multa
1357 1550 1468 1605 sint,
1499 1561 1763 1613 utcumque2

360 1619 719 1681 occupatissimus
737 1618 889 1680 scripsi
912 1636 922 1663 ε
948 1629 1021 1663 tua
1042 1635 1208 1664 sumere
1221 1619 1430 1683 rescripta
1450 1619 1646 1665 desidero
1662 1657 1672 1676 ,
1695 1631 1737 1666 et
1759 1607 1763 1667 l

359 1698 400 1732 te
434 1705 591 1733 nomen
621 1688 787 1734 dedisse
811 1689 923 1734 inter
947 1699 1262 1751 competentes,
1294 1690 1360 1736 vel
1385 1690 1590 1736 daturum
1620 1707 1732 1744 esse,
1759 1672 1763 1738 l

351 1760 622 1820 jamjamque
647 1775 918 1818 cognoscere.
952 1760 1166 1804 Dominus
1192 1761 1307 1805 Deus
1335 1770 1495 1816 noster,
1534 1761 1574 1805 in
1606 1777 1736 1823 quem
1768 1823 1769 1826 Ἴ

359 1827 610 1883 credidisti,
638 1839 680 1873 et
707 1829 779 1873 hic
812 1839 853 1874 et
880 1828 924 1873 in
948 1828 1094 1874 futuro
1119 1829 1279 1875 saeculo
1310 1841 1350 1876 te
1373 1841 1619 1884 conservet,
1650 1830 1734 1876 do-

357 1897 473 1941 mine
499 1898 649 1942 merito
677 1897 974 1960 suscipiende,
1017 1909 1058 1944 et
1089 1899 1136 1944 in
1171 1899 1346 1946 Christo
1384 1899 1658 1947 dilectissime
1684 1917 1734 1946 ac

362 1965 752 2014 desiderantissime
777 1968 921 2016 frater.

1761 2012 1763 2030 l

407 2065 416 2086 ¹
435 2067 498 2096 Ter
516 2062 620 2098 Andr.
640 2068 709 2098 Act.
729 2078 759 2108 1,
780 2080 810 2099 2.
828 2086 874 2092 —
891 2066 906 2089 2
922 2069 1075 2111 Virgilius
1088 2070 1196 2112 Eclog.
1214 2077 1246 2107 4.
1760 2082 1769 2141 ff*

1761 2178 1764 2212 l

1761 2229 1764 2264 l
