1769 3235
303 235 396 291 468
727 249 759 277 s.
806 247 1046 277 Anausrml
1084 246 1287 277 EPISCOPI

302 314 420 360 Illud
445 324 584 360 autem
606 312 725 376 quod
752 311 944 374 primum
965 312 1064 367 fuit,
1089 311 1287 375 quamvis
1310 329 1398 356 non
1419 311 1675 357 moriturum

303 384 385 429 nisi
410 384 541 429 homo
564 393 799 445 peccasset,
830 392 973 427 tamen
1001 382 1183 427 animale
1220 382 1384 427 factum
1427 393 1488 427 est
1511 383 1556 427 in
1582 381 1680 426 ani-

305 471 418 500 mam
438 455 665 500 viventem.

372 524 422 570 V.
450 526 504 569 Et
530 524 653 578 alibi,
701 528 862 587 L'sqzce
898 524 1038 580 adeo,
1073 523 1271 586 inquam,
1306 534 1556 584 peccatmn
1590 539 1681 566 ‘2⁹0-

308 596 568 641 lanan-iam
591 595 770 639 malum
794 606 879 649 est,
903 606 955 639 ut
972 594 1102 639 mello
1131 593 1271 638 modo
1289 599 1620 657 sz'lpeccaz‘am‚
1642 593 1686 636 ,η’

308 684 402 710 non
421 668 483 711 sit
494 665 832 711 voluntarium.
873 666 1020 709 Potest
1034 663 1172 708 videri
1197 663 1302 707 falsa
1323 663 1420 708 haec
1452 662 1647 708 definitio
1669 679 1679 706 z

307 735 380 782 sed
417 736 450 780 si
486 735 714 795 diligenter
736 735 1021 789 discutiatur,
1066 733 1309 778 invenietur
1330 750 1415 779 esse
1446 732 1678 778 verissima.

307 807 542 852 Peccatum
569 806 737 869 quippe
772 804 883 850 illud
908 802 1190 863 cogitandum
1230 814 1307 860 est,
1343 803 1462 867 quod
1491 813 1686 848 tantum-

309 875 440 922 modo
465 886 693 939 peccatum
720 885 798 928 est,
827 891 913 919 non
940 872 1060 937 quod
1091 884 1153 918 est
1184 875 1313 919 etiam
1332 891 1465 937 poena
1495 872 1684 937 peccati,

306 948 418 992 sicut
440 946 635 1009 superius
667 944 853 998 ostendi,
882 961 983 989 cum
1004 943 1209 1007 quaedam
1239 961 1620 990 commemorarem
1639 961 1686 989 ex

305 1017 419 1062 libro
441 1017 565 1061 tertio
591 1015 643 1060 de
668 1016 827 1060 Libero
850 1015 1047 1061 arbitrio.
1081 1015 1293 1071 Quamvis
1319 1025 1360 1060 et
1378 1014 1451 1060 illa
1472 1032 1571 1078 quae
1600 1032 1687 1060 non

306 1088 525 1133 immerito
548 1104 633 1132 non
671 1086 915 1132 voluntaria
957 1097 1138 1150 peccata
1175 1085 1407 1139 dicuntur‚
1449 1086 1550 1149 quia
1576 1085 1641 1131 vel
1667 1104 1689 1131 a

306 1157 598 1203 nescientibus
623 1156 690 1202 vel
716 1176 738 1202 a
759 1157 921 1202 coactis
945 1167 1272 1220 perpetrantur,
1306 1174 1392 1202 non
1418 1157 1535 1202 omni
1560 1155 1690 1202 modo

305 1239 489 1292 possunt
517 1228 605 1273 sine
638 1227 860 1273 voluntate
889 1228 1106 1273 committi
1135 1246 1144 1272 :
1175 1227 1381 1290 quoniam
1413 1238 1455 1272 et
1498 1227 1569 1272 ille
1614 1226 1691 1290 qui

302 1310 458 1363 peccat
477 1299 696 1359 ignorans,
716 1298 943 1343 voluntate
958 1299 1108 1361 utique
1123 1298 1245 1353 facit,
1266 1297 1384 1361 quod
1405 1315 1504 1343 cum
1526 1297 1690 1343 facien-

305 1370 412 1416 dum
437 1387 526 1414 non
550 1369 621 1422 sit,
650 1379 780 1431 putat
801 1385 887 1414 esse
909 1367 1174 1414 faciendum.
1191 1370 1246 1413 Et
1264 1368 1334 1414 ille
1352 1369 1428 1431 qui
1454 1367 1692 1431 concupis-

310 1450 432 1486 cente
453 1439 655 1485 adversus
676 1439 878 1501 spiritum
893 1456 1036 1496 carne,
1050 1457 1137 1484 non
1160 1456 1208 1484 ea
1231 1456 1330 1502 quae
1345 1439 1570 1494 vultfacit,
1584 1456 1692 1484 con-

312 1511 500 1574 cupiscit
521 1509 698 1572 quidem
725 1508 891 1565 nolens,
917 1520 958 1554 et
973 1510 1018 1554 in
1043 1526 1091 1555 eo
1106 1526 1195 1554 non
1217 1509 1322 1555 facit
1340 1509 1459 1573 quod
1480 1509 1598 1555 vult:
1621 1508 1693 1554 sed

317 1581 351 1626 si
365 1580 575 1629 vincitur,
593 1579 965 1642 concupiscentiae
990 1580 1205 1625 consentit
1223 1579 1388 1636 volens,
1410 1591 1452 1626 et
1472 1580 1518 1626 in
1538 1597 1588 1625 eo
1608 1597 1694 1625 non

315 1650 419 1696 facit
436 1649 515 1695 nisi
532 1649 653 1706 quod
679 1649 792 1701 vult,
817 1649 928 1694 liber
947 1650 1111 1695 scilicet
1127 1650 1329 1708 justitiae‚
1353 1667 1584 1714 servusque
1597 1666 1695 1713 pec-

315 1721 416 1766 cati.
449 1723 504 1764 Et
539 1719 650 1764 illud
681 1719 802 1782 quod
828 1719 873 1764 in
903 1719 1098 1782 parvulis
1121 1719 1282 1765 dicitur
1304 1720 1511 1780 originale
1537 1737 1696 1783 pecca-

318 1801 431 1844 tum,
463 1807 565 1835 cum
591 1789 738 1835 adhuc
759 1807 848 1835 non
872 1801 1052 1835 utantur
1095 1791 1275 1836 arbitrio
1315 1792 1566 1846 voluntatis,
1609 1808 1697 1836 non

320 1860 506 1906 absurde
526 1871 710 1906 vocatur
731 1860 861 1905 etiam
880 1860 1191 1917 voluntarium,
1207 1862 1309 1924 quia
1332 1879 1376 1907 ex
1393 1862 1537 1926 prima
1558 1862 1696 1908 homi·

317 1931 384 1976 nis
412 1931 523 1976 mala
544 1931 767 1975 voluntate
784 1940 1078 1989 contractum,
1093 1930 1254 1977 factum
1274 1942 1335 1977 est
1356 1931 1548 1995 quodam
1568 1931 1699 1978 modo
1768 1977 1769 1986 ,

322 2001 666 2047 haereditarium.
702 2001 799 2046 Non
822 2001 969 2065 itaque
993 2001 1149 2048 falsum
1181 2013 1242 2048 est
1267 2003 1386 2066 quod
1421 2002 1521 2058 dixi:
1553 2020 1701 2066 usque
1768 2023 1769 2057 3

322 2074 442 2119 adeo
449 2083 706 2136 peccalum
722 2072 1043 2118 voluntarium
1058 2074 1237 2119 malum
1250 2085 1333 2130 ess,
1346 2086 1398 2119 ut
1411 2074 1540 2120 nullo
1560 2074 1700 2119 modo

319 2149 382 2191 sit
400 2156 665 2207 peccalum,
690 2148 734 2188 si
756 2161 851 2188 non
876 2146 938 2188 sit
959 2145 1301 2190 voluntarium.
1329 2145 1432 2190 Ideo
1460 2145 1593 2205 gratia
1620 2144 1702 2191 Dei

322 2232 410 2260 non
442 2214 581 2259 solum
606 2224 748 2259 reatus
767 2214 960 2259 omnium
983 2216 1305 2277 praeteritorum
1334 2215 1516 2261 solvitur
1538 2217 1582 2260 in
1603 2233 1701 2261 om-

324 2286 456 2331 nibus
488 2285 565 2348 qui
591 2285 874 2348 baptizantur
908 2285 952 2330 in
973 2286 1168 2338 Christo,
1193 2285 1312 2350 quod
1338 2287 1388 2331 fit
1407 2287 1562 2349 spiritu
1579 2303 1702 2346 rege-

324 2355 584 2408 nerationis;
611 2356 892 2400 verumetiam
917 2356 959 2400 in
980 2356 1219 2416 grandibus
1241 2357 1438 2402 voluntas
1461 2359 1555 2420 ipsa
1583 2375 1703 2402 sana-

324 2436 413 2482 tur,
448 2436 489 2471 et
522 2437 799 2489 praeparatur
833 2444 855 2472 a
886 2427 1090 2483 Domino,
1134 2427 1252 2491 quod
1288 2429 1338 2473 fit
1361 2427 1518 2490 spiritu
1542 2427 1644 2473 fidei
1662 2438 1704 2474 et

327 2496 569 2542 charitatis.

394 2567 469 2614 VI.
502 2567 601 2613 Alio
619 2567 715 2614 loco
735 2567 780 2614 in
791 2585 841 2615 eo
861 2569 979 2633 quod
994 2569 1080 2616 dixi
1097 2569 1150 2617 de
1170 2570 1358 2618 Domino
1378 2571 1487 2620 Jesu
1503 2569 1699 2629 Christo,
