1769 3235
476 256 615 288 mnssx
650 255 1032 289 ARGUMENTORUM.
1346 244 1396 290 61
1412 244 1440 289 5

74 338 168 370 Rom.
185 348 220 369 n.
239 337 291 372 28.
309 337 490 368 Secundum
504 335 715 378 Evangelium
730 337 857 370 inimici
879 336 1002 378 quidem
1020 343 1148 378 propter
1162 348 1225 375 vos,
1243 348 1352 370 secun-

116 390 191 419 dum
208 389 388 420 electionem
405 388 523 419 dilecti.
1289 401 1299 421 1
1310 401 1357 421 21.
1386 390 1444 432 149

74 439 184 472 Galat.
201 450 235 471 11.
258 439 305 477 14.
323 439 362 470 Si
375 444 410 470 tu
422 449 493 470 eum
505 437 637 469 Judaeus
650 438 692 469 sis
707 439 872 479 gentiliter
888 439 966 470 vivis
983 444 1014 472 et
1042 440 1258 481 nonjudastae
1290 441 1445 481 quomodo

118 489 234 521 Gentes
248 490 525 532 oogisjudatzare.
1307 493 1358 534 75.

75 540 192 582 Ephes.
225 553 275 573 ni.
308 544 356 574 18.
373 543 416 574 In
445 543 597 574 charitate
625 541 760 572 radicati
787 546 816 573 et
842 541 974 583 fundati
998 547 1031 572 ut
1059 542 1186 584 possitis
1204 552 1363 582 compran-

117 592 200 630 ἀει-ε,
216 598 275 625 etc.

73 642 189 683 Ephvs.
211 654 250 674 xv.
273 655 319 675 11.
332 645 493 686 Quosdam
510 644 635 686 quidem
651 642 832 675 deditDeus
846 644 878 674 ίη
895 643 1035 675 Ecclesia
1049 645 1211 684 Apostolos
1224 649 1284 674 etc.
1299 655 1366 674 121.

73 693 196 725 Coloss.
214 706 247 726 11.
271 696 317 726 18.
337 696 437 728 Nemo
453 707 506 727 vos
520 695 648 727 seducat
663 694 764 725 colem
777 694 809 724 ἰη
825 695 1019 732 humilitate,
1033 700 1089 726 etc.
1297 705 1363 725 121.

76 757 98 775 1.
145 746 232 779 Tim.
248 759 282 778 11.
309 758 334 780 1.
355 749 490 780 Obsecro
506 749 611 789 itaque
641 747 782 790 primum
813 747 957 777 omnium
989 747 1061 789 fieri
1090 745 1278 778 obsecratio-

117 806 182 834 nes,
204 804 263 831 ete.
1297 808 1368 829 121.

74 847 175 879 Jacob
192 861 226 882 11.
242 861 285 882 10.
300 850 541 893 Quiofflmderit
557 851 588 882 ἰη
607 861 680 889 uno,
697 850 858 893 factusest
872 848 1015 880 omnium
1029 858 1112 879 reus.

75 910 97 929 1.
116 899 184 931 Pet.
204 913 253 932 111.
276 913 323 945 19.
340 903 401 933 His
416 903 472 943 qui
486 904 519 933 ἰη
538 912 660 934 carcere
681 906 773 934 erant
790 901 960 942 spt'rt'tibus
975 900 1101 931 veniens
1115 899 1303 940 praedicavit

78 952 124 982 De
138 952 290 985 Ecclesia.

1405 492 1445 523 82

1393 593 1451 630 140

1392 645 1451 686 149

1393 695 1451 736 149

1395 797 1454 828 1216

1397 849 1452 890 167

1395 900 1452 938 164

119 1002 316 1036 Catholicam
332 1016 398 1037 esse
413 1005 534 1037 Christi
548 1004 748 1043 Ecclesiam,
838 1004 888 1035 23.
919 1004 975 1046 49.
1007 1003 1061 1034 53.
1092 1002 1145 1044 87.
1178 1003 1232 1045 93.
1267 1004 1337 1034 105.
1374 1004 1445 1035 108.

122 1066 192 1098 ¹²9·
231 1056 299 1094 142.
329 1057 399 1088 185.

122 1108 267 1140 Malosin
284 1119 319 1140 ea
337 1109 464 1140 tolerari
480 1113 649 1150 oportere,
756 1107 809 1149 87.
847 1108 916 1138 208.
955 1107 1025 1145 141.
1060 1106 1130 1137 208.
1165 1117 1238 1138 210.
1273 1106 1344 1144 248.
1380 1107 1454 1149 249.

79 1158 125 1188 De
139 1158 253 1191 ritibus
269 1159 430 1191 Ecclesiae.

120 1209 225 1241 Variae
247 1212 406 1243 Locorum
422 1209 669 1243 consuetudines
685 1209 717 1241 in
736 1209 952 1242 celebratione
968 1210 1261 1247 Sacramentorum‚
1281 1210 1357 1241 Fes-

118 1265 236 1300 torum,
253 1262 376 1304 Jejunii
393 1267 456 1294 etc.
1308 1262 1360 1293 53.

119 1314 169 1344 De
185 1313 352 1352 paschate,

120 1365 169 1396 De
182 1366 334 1397 conviviis
361 1366 393 1397 in
407 1367 586 1408 Martyrum
612 1366 772 1397 honorem
796 1365 863 1398 fieri
886 1365 1002 1403 solitis,
1312 1377 1363 1397 22.

117 1417 229 1448 Lectio
246 1423 279 1449 ut
291 1418 439 1450 tractatio
454 1418 630 1459 Scripturae
647 1427 742 1448 sacrae
761 1417 800 1448 ad
817 1418 971 1460 populum
986 1417 1099 1450 diebus
1115 1417 1213 1455 festis,

117 1468 166 1499 De
182 1468 379 1511 hymnorum
408 1474 440 1501 et
456 1469 654 1500 Psalmorum
668 1474 776 1507 cantu,
1310 1479 1361 1509 29.

120 1520 170 1550 De
186 1519 252 1551 ritu
267 1520 434 1562 Baptismi,
1202 1519 1256 1562 98.
1293 1521 1363 1561 195.

85 1572 89 1576 ’
122 1570 318 1603 Sacramenti
340 1571 546 1610 Eucharitiae‚
1204 1572 1259 1609 54.
1311 1573 1364 1602 55.

124 1624 172 1653 De
193 1622 323 1663 Jejunio
336 1623 471 1660 sabbati,
1201 1623 1256 1655 36.
1310 1624 1363 1661 54.

123 1674 171 1705 De
186 1674 360 1713 oblatione,
381 1675 505 1707 lotione
518 1675 634 1716 pedum
649 1679 681 1706 et
698 1674 894 1706 relaxatione
913 1673 1026 1716 jejunii
1050 1675 1082 1706 in
1107 1675 1158 1706 die
1174 1686 1283 1712 coeuae,
1310 1676 1364 1707 55.

79 1725 128 1756 De
149 1725 316 1768 Epist-opis
329 1732 360 1758 et
375 1726 520 1758 clericis.

124 1777 228 1816 Quam
243 1777 376 1809 arduum
397 1778 439 1810 sit
453 1783 485 1809 et
513 1777 725 1819 periculosum
755 1776 918 1819 Episcopi,
947 1777 1130 1821 Presbyteri
1158 1789 1192 1809 uc
1222 1778 1355 1809 Diaconi

124 1839 250 1868 munus,
268 1829 370 1872 deque
383 1830 599 1872 comparanda
615 1828 856 1871 Scripturarum
879 1829 1010 1860 scientia
1026 1829 1065 1860 ad
1084 1829 1161 1860 illud
1183 1830 1277 1870 digne
1293 1829 1356 1860 ob-

125 1881 277 1919 eundum,

123 1932 171 1963 De
186 1933 383 1975 Episcopatu
396 1944 454 1975 pro
465 1932 614 1965 Eeclesiae
629 1942 708 1974 pace
725 1937 841 1974 sponte
854 1931 1046 1970 abdicando,
1311 1934 1365 1975 69.

125 1984 319 2016 Adher-tatio
336 1984 375 2016 ad
391 1984 627 2026 suscipiendum
641 1984 884 2026 Episcopatum,

125 2034 317 2077 Objurgatio
333 2036 483 2077 Episcopi
500 2045 671 2077 perperam
691 2035 892 2077 desungentis
907 2046 964 2067 suo
981 2046 1123 2070 munere,

127 2087 301 2119 Sententiae
316 2089 410 2120 vai-ize
426 2089 458 2119 in
476 2088 650 2130 Episcopos
663 2087 760 2119 malos
773 2087 917 2128 prolatae.

130 2140 180 2171 De
194 2139 372 2171 abdicando
388 2140 609 2171 Ecclesiastica
626 2140 789 2171 functione
806 2139 917 2170 infami
935 2140 1142 2185 Presbytero,

125 2191 247 2223 Contra
269 2190 461 2222 catholicum
491 2190 713 2234 Presbyterum
734 2191 958 2222 haereticorum
981 2193 1194 2224 accusationes
1210 2203 1272 2224 non
1292 2203 1359 2224 esse

129 2242 354 2280 admittendas,

129 2293 179 2324 An
196 2293 463 2325 Monasteriorum
476 2293 652 2325 desertores
667 2293 778 2326 deceat
791 2294 829 2326 ad
842 2295 973 2326 Clerum
987 2295 1117 2333 assumi,

127 2345 177 2375 De
193 2344 435 2376 Donatistarum
447 2344 584 2376 Clericis
596 2344 630 2376 in
643 2345 690 2376 sui
708 2345 831 2377 ordinis
843 2345 941 2387 gradu
958 2346 1160 2387 recipiendis,

128 2395 179 2427 An
195 2395 361 2437 Episcopis
374 2396 423 2427 vel
439 2396 575 2428 Clericis
589 2396 700 2438 fugere
722 2397 816 2429 liceat
829 2397 860 2428 in
879 2398 1113 2438 persecutione,

131 2448 180 2478 De
194 2447 379 2479 haereditate
393 2446 576 2490 Presbyteri
593 2448 740 2480 Ecclesia}
755 2449 955 2486 Thiavensis,
970 2450 1057 2490 cujus
1072 2449 1124 2486 sit,
1138 2459 1176 2480 an
1191 2448 1283 2491 hujus
1296 2448 1355 2480 Ec-

125 2498 245 2540 clesiae3
265 2509 303 2529 an
320 2499 501 2531 monasterii
518 2499 750 2538 Thagastensis,
770 2500 800 2531 in
819 2511 882 2542 quo
897 2501 948 2532 ille
962 2501 1048 2542 prius
1062 2501 1202 2542 degerat,

89 2550 135 2580 De
149 2549 322 2590 Disciplina
337 2548 486 2580 Ecciesiae
500 2550 531 2581 in
547 2550 778 2591 delinquentes.
802 2552 851 2582 Au
867 2551 909 2582 ob
927 2551 1018 2583 unius
1035 2557 1201 2593 precatum
1228 2556 1292 2583 tota
1313 2552 1356 2583 sa-

129 2599 216 2630 milia
230 2599 325 2641 possit
343 2601 623 2639 excommunicari,
644 2603 715 2635 250.
740 2608 771 2634 et
801 2602 898 2643 [ἶνας.
916 2603 972 2633 sul>

1414 1263 1454 1292 55

1419 1316 1458 1345 55

1417 1376 1458 1407 ²9

1419 1428 1458 1458 29

1416 1469 1455 1498 55

1399 1521 1459 1561 194

1402 1574 1458 1613 149

1419 1625 1457 1653 55

1417 1677 1456 1706 55

1424 1893 1458 1912 21

1403 1934 1461 1963 128

1415 1986 1456 2027 69

1420 2038 1458 2067 85

1400 2089 1459 2131 289

1419 2142 1458 2172 65
