1769 3235
554 338 910 371 ANNOTATIONES.
1327 318 1419 367 585

401 488 659 520 ANNOTATm
697 474 802 537 (32)
839 491 940 538 pag.
985 472 1096 532 554.

111 606 204 651 lmo
227 605 407 653 Samuel
444 606 488 652 in
519 606 618 652 filiis
655 607 768 652 Core
801 606 949 653 aemuli
974 609 1119 653 Aaron
1151 606 1364 670 repetitur
1388 624 1418 653 1.

44 678 234 742 Paralip.
262 680 304 726 6.
347 679 510 725 Incidit
543 697 643 740 ergo
674 680 720 725 in
748 681 954 726 vitiosum
974 680 1188 737 codicem,
1217 690 1289 726 aut
1312 691 1427 727 certe

45 750 100 798 ab
127 751 273 816 aliquo
298 752 382 798 alio
402 752 610 817 deceptus
633 751 716 798 fuit
748 754 1032 813 Augustinus.

380 904 642 935 ANNOTArio
681 888 783 952 (33)
820 905 922 952 pag.
966 887 1073 934 558.

114 1016 244 1062 MSS.
270 1017 439 1081 aliquot
456 1036 504 1066 ex
521 1020 761 1083 praecipuis
786 1019 845 1064 sic
868 1017 1014 1063 ferunt
1039 1034 1049 1061 :
1079 1016 1428 1062 Glorz‘osissz'mo

47 1093 252 1136 Honorlo
285 1094 328 1137 A
337 1104 503 1156 agusto
539 1105 583 1138 et
613 1096 888 1139 Constantio
921 1096 1091 1135 ilerum
1112 1088 1163 1135 V.
1195 1089 1245 1136 V.
1282 1091 1332 1136 C.
1367 1089 1418 1137 C.

53 1163 180 1209 Coss.
210 1164 282 1209 dfe
299 1182 356 1210 xt.
379 1166 489 1213 Kal.
529 1166 694 1211 Octob.
727 1173 743 1210 (
757 1170 960 1211 'cesarece
975 1166 1023 1208 in
1040 1162 1252 1208 Ecclesia
1277 1166 1425 1224 majo-

46 1253 125 1281 rzs.
156 1237 240 1283 Alii
264 1238 460 1301 plerique
482 1240 778 1295 consentiunt,
802 1238 875 1283 secl
897 1236 1098 1282 nonnulli
1118 1247 1235 1298 post,
1257 1240 1428 1281 Hono-

45 1313 116 1353 rio
142 1310 361 1373 Augusto
380 1312 685 1376 interponunt,
714 1329 797 1357 xli.
827 1310 911 1366 vel,
932 1308 1191 1356 duodecies.
1221 1309 1294 1354 Sic
1311 1309 1426 1354 enim

44 1381 307 1429 Bodleianus
344 1384 475 1431 codex
508 1403 520 1430 :
569 1386 917 1433 Gloriosz'ssz'mo
956 1386 1169 1427 Honorio
1207 1384 1426 1444 Augusto

45 1454 277 1503 duodecies
295 1469 342 1503 et
371 1461 642 1511 Constantio
667 1463 834 1504 iterum
860 1460 914 1501 V.
944 1459 1000 1501 V.
1036 1459 1082 1500 C.
1112 1456 1166 1501 C.
1198 1458 1324 1500 Coss.
1349 1459 1429 1500 (lie

45 1545 109 1575 xi.
135 1532 241 1576 Kal.
280 1533 450 1578 Octob.
486 1537 702 1579 (Tevsareae
729 1534 776 1575 in
819 1529 1029 1576 Ecclesz'a
1051 1527 1259 1588 mqjorzs.
1291 1527 1363 1573 Sic
1388 1539 1429 1573 et

45 1603 182 1648 nostri
204 1603 370 1666 plures.
398 1604 558 1651 Verum
584 1605 660 1651 liic
688 1620 824 1650 annus
848 1601 969 1648 haud
994 1601 1217 1647 concurrit
1239 1617 1340 1646 cum
1367 1618 1434 1647 se-

48 1674 195 1722 cundo
231 1675 474 1723 Constantii
497 1678 714 1733 Consulis,
740 1693 869 1740 qnem
913 1673 1053 1719 nihilo
1090 1673 1233 1719 minus
1257 1672 1428 1719 codices

45 1764 210 1805 omnes,
253 1767 361 1813 quos
389 1752 603 1815 inspicere
626 1768 706 1814 per
729 1767 806 1796 nos
831 1749 980 1803 licuit,
1017 1747 1249 1807 assignant.
1291 1750 1352 1792 Ex
1375 1747 1426 1792 iis

42 1820 169 1866 etiam
195 1823 328 1884 pauci
348 1836 466 1878 sunt,
504 1825 581 1887 qui
604 1825 789 1878 habent,
821 1827 869 1867 in
900 1821 1116 1866 Ecclesia
1153 1822 1347 1882 majori,
1376 1831 1424 1866 ut

44 1903 106 1938 est
123 1894 319 1942 ineditis.
348 1897 472 1943 Nihil
496 1908 638 1943 tamen
669 1897 743 1942 hic
768 1895 1047 1940 mutavimus.

109 1968 243 2027 §Hie
286 1969 609 2017 observandum
650 1970 868 2022 occurrit,
909 1967 992 2013 Cll.
1037 1966 1225 2011 editores
1256 1966 1342 2012 BB.
1381 1966 1427 2011 in

47 2039 186 2085 sorno
207 2058 268 2088 lx.
301 2060 403 2105 pag.
436 2045 543 2091 623.
584 2045 660 2089 ubi
693 2047 840 2106 Caput
865 2042 951 2087 hoc
966 2041 1024 2086 II.
1052 2039 1261 2099 integram
1304 2039 1428 2084 exhi-

44 2111 168 2169 bent,
193 2114 326 2160 verba
355 2116 471 2162 illius
497 2128 716 2181 postrema
736 2117 796 2162 sic
826 2113 1036 2160 edidisse·
1070 2113 1430 2159 Glonomscmzs

50 2199 317 2248 zmpercztmz
305 2189 409 2234 'bus
434 2194 651 2236 Honorio
670 2192 774 2238 XII.
799 2199 843 2234 et
865 2186 1097 2234 leodoszo
1113 2185 1237 2231 VIII.
1267 2202 1436 2230 consu-

44 2258 182 2306 lchas
212 2278 295 2307 xii.
324 2264 432 2309 Kal
473 2265 633 2311 Octob.
683 2267 907 2309 Caesar-ece
932 2277 980 2305 m
1005 2258 1222 2305 Ecclesia
1259 2275 1428 2319 masorc

44 2348 174 2394 quam
189 2333 367 2396 quidem
385 2336 620 2383 lectionem
639 2338 684 2383 in
708 2347 821 2382 textu
840 2350 940 2398 pag.
964 2332 1071 2379 625.
1094 2330 1287 2394 sequenti
1304 2347 1428 2376 cons·

46 2415 188 2451 tanter
209 2410 408 2456 retinent.
438 2409 564 2455 Unde
591 2410 740 2455 mirari
767 2408 903 2462 subit,
943 2422 1014 2450 eos
1055 2405 1129 2450 hic
1157 2414 1315 2449 textum
1345 2402 1425 2448 de-

46 2488 265 2525 curtatum
289 2481 499 2545 proferre,
529 2499 655 2546 quem
681 2483 745 2528 ibi
768 2480 1007 2546 pleniorem
1023 2476 1227 2524 reddunt,
1258 2477 1427 2523 Editor

51 2555 96 2598 V
96 2562 270 2601 enecas.
