1769 3235
343 257 401 320 74
760 271 793 298 s.
839 267 1080 299 Aueusrml
1116 266 1318 298 Eriscopi

1758 283 1761 316 i

336 336 441 382 dum
463 334 796 395 regenerationis
819 332 1040 379 lavacrum
1061 368 1071 388 ,
1104 331 1142 377 ei
1165 332 1298 392 magis
1317 332 1560 379 consulitur
1582 333 1711 380 mori·

341 417 468 461 turo,
499 405 574 468 qui
600 403 710 449 male
733 403 872 449 fuerat
900 402 1094 448 victurus
1117 402 1151 447 si
1182 402 1370 458 viveret,
1396 413 1444 448 ut
1474 403 1510 449 ei
1533 414 1713 467 peccata

339 493 439 539 quae
457 475 597 521 fuerat
616 477 922 520 commissurus
941 509 951 529 ‚
980 472 1256 518 remittantur
1271 472 1315 517 in
1336 473 1579 535 baptismo?
1603 474 1713 531 Quis
1757 479 1769 511 ἵ

336 546 451 592 enim
474 557 536 591 est
555 556 641 591 tam
667 561 815 591 vecors
832 581 842 599 ‚
875 544 953 607 qui
984 560 1032 589 ea
1057 553 1181 602 neget
1199 560 1278 605 per
1296 543 1567 606 baptismum
1588 560 1713 607 posse
1758 557 1759 590 ξ

337 616 526 671 dimitti,
554 632 654 679 quae
680 615 770 660 sine
793 614 1014 678 baptismo
1039 613 1146 659 dicit
1172 629 1295 675 posse
1321 613 1500 676 puniri?

401 687 568 732 XLIII.
603 684 686 731 Sed
707 683 974 748 disputando
1005 683 1209 728 adversus
1231 699 1301 727 eos
1319 720 1330 739 ‚
1356 684 1433 746 qui
1459 699 1712 747 usquequa-
1757 691 1769 738 ᾗ

338 773 422 819 que
443 755 634 801 convicti
658 756 784 800 etiarn
806 771 892 799 non
915 753 1244 799 commissorum
1266 764 1547 816 peccatorum
1573 755 1712 800 Deum
1764 789 1767 794 «

337 826 596 889 persuadere
632 825 874 871 moliuntur
898 825 1082 870 ultorem
1104 860 1114 878 ,
1145 823 1380 869 verendum
1406 834 1467 870 est
1491 841 1544 870 ne
1568 841 1645 870 nos
1667 824 1713 871 in

336 912 408 941 eos
430 896 508 941 ista
532 896 689 955 fingere
718 895 1034 947 existimemur3
1059 893 1122 938 illi
1152 904 1293 938 autem
1319 893 1442 939 nullo
1463 893 1593 940 modo
1624 905 1712 941 tam
1756 903 1769 942 '.

335 965 514 1011 hebetes
530 982 616 1010 esse
634 964 868 1010 credantur
884 1001 894 1019 ‚
915 974 962 1008 ut
981 964 1081 1008 haee
1106 962 1173 1008 vel
1197 963 1382 1008 sentiant
1397 1000 1406 1018 ‚
1424 964 1491 1010 vel
1505 964 1712 1026 cuiquam
1755 991 1758 1007 ε

334 1034 594 1097 persuadere
624 1044 870 1079 conentur:
902 1043 1200 1079 verumtamen
1232 1033 1313 1078 nisi
1350 1050 1420 1079 eos
1443 1033 1542 1079 haec
1570 1033 1714 1081 dicere
1756 1056 1769 1080 ω

335 1104 563 1150 audiissem
580 1142 590 1159 ‚
612 1103 843 1149 refellenda
864 1120 950 1149 esse
975 1120 1063 1148 non
1084 1103 1331 1150 arbitrarer.
1358 1104 1713 1167 Circumstipan-
1756 1101 1769 1144 st

334 1185 406 1221 tur
428 1175 541 1221 enim
564 1185 606 1220 et
626 1174 874 1220 divinarum
897 1173 1149 1219 auctoritate
1166 1173 1400 1220 lectionum
1425 1211 1435 1229 ‚
1454 1185 1496 1219 et
1519 1174 1713 1238 antiqui-
1765 1204 1769 1211 ‹

333 1256 400 1291 tus
420 1245 579 1291 tradito
597 1255 639 1290 et
660 1255 825 1290 retento
859 1246 985 1290 firmo
1021 1244 1228 1290 Ecclesiae
1260 1245 1347 1290 ritu
1372 1245 1417 1290 in
1450 1245 1713 1308 baptismate
1754 1258 1769 1294 {1

333 1316 643 1380 parvulorum,
675 1316 751 1360 ubi
776 1316 1040 1378 apertissime
1061 1315 1412 1361 demonstrantur
1435 1315 1619 1361 infantes
1635 1353 1645 1372 ‚
1669 1325 1714 1363 et

335 1404 436 1433 cum
461 1386 756 1432 exorcizantur
782 1396 822 1431 et
845 1403 947 1431 cum
971 1386 1008 1431 ei
1033 1402 1074 1430 se
1100 1403 1177 1447 per
1195 1402 1291 1438 eos,
1318 1403 1340 1430 a
1363 1385 1525 1448 quibus
1546 1396 1713 1445 gestan-

332 1468 427 1514 tur,
456 1458 702 1504 renuntiaie
728 1457 1011 1520 respondent,
1044 1474 1066 1502 a
1087 1456 1252 1502 diaboli
1279 1456 1575 1502 dominatione
1596 1456 1711 1503 libe-

332 1529 445 1583 rari3
477 1539 518 1574 et
553 1546 639 1573 non
666 1529 930 1573 invenientes
954 1544 1040 1590 qua
1072 1539 1242 1583 exeant,
1271 1537 1459 1590 pergunt
1478 1526 1524 1572 in
1547 1527 1712 1590 praeci-

331 1600 465 1663 pitem
489 1598 715 1644 stultitiam
735 1636 744 1653 ‚
778 1597 882 1643 dum
905 1598 1061 1643 nolunt
1086 1608 1253 1643 mutare
1275 1597 1545 1645 sententiam,

402 1669 560 1715 XLIV.
603 1668 719 1713 lllud
758 1685 859 1713 sane
893 1668 976 1713 sibi
1012 1668 1214 1714 videntur
1249 1667 1492 1713 acutissime
1528 1666 1708 1725 dicere,

335 1761 355 1782 a
376 1739 611 1796 Quomodo
634 1750 864 1802 peccatum
888 1739 1042 1784 transit
1064 1739 1109 1784 in
1135 1738 1244 1783 filios
1276 1738 1468 1784 fidelium
1488 1775 1499 1795 ‚
1527 1738 1644 1801 quod
1665 1738 1712 1784 in
1750 1772 1769 1782 ,Α

331 1811 590 1875 parentibus
630 1827 717 1855 non
749 1809 1003 1855 dubitamus
1046 1809 1270 1855 dimissum
1302 1826 1388 1854 esse
1425 1826 1504 1872 per
1537 1808 1712 1872 baptis-

332 1883 523 1926 mumP»
565 1880 698 1936 Quasi
737 1889 966 1942 propterea
1009 1879 1144 1943 possit
1179 1896 1267 1923 non
1306 1879 1468 1924 habere
1496 1877 1712 1939 generatio

329 1950 540 2004 carnalis,
568 1949 688 2012 quod
713 1949 801 1994 sola
829 1949 941 1994 tollit
967 1949 1230 2009 regeneratio
1252 1948 1469 2012 spiritalis,
1499 1950 1586 1995 Aut
1606 1963 1709 1994 vero
1750 1970 1769 2000 3·

328 2021 373 2067 in
406 2021 625 2098 baptismo
667 2020 1036 2083 concupiscentiae
1072 2020 1211 2065 carnis
1247 2019 1478 2065 infirmitas
1501 2019 1709 2065 continuo
1749 2042 1751 2061 τ

332 2103 530 2147 sanetur,
558 2092 670 2136 sicut
694 2091 902 2136 continuo
928 2101 1070 2136 reatus
1090 2093 1180 2149 ejus
1213 2089 1439 2145 aboletur,
1476 2088 1549 2135 sed
1573 2089 1709 2148 gratia

327 2161 606 2215 renascendi,
649 2179 738 2206 non
773 2160 1024 2206 conditione
1057 2159 1310 2206 nascendi1.
1355 2159 1481 2205 Unde
1515 2159 1711 2222 quisquis
1748 2157 1769 2209 ς’

327 2250 405 2297 per
429 2232 546 2278 hanc
568 2231 984 2294 concupiscentiam,
1002 2230 1130 2276 etiam
1150 2229 1202 2275 de
1222 2240 1370 2275 renato
1388 2230 1597 2284 nascitur,
1619 2229 1709 2276 sine
1748 2233 1750 2254 ³

328 2302 600 2348 dubitatione
621 2302 762 2347 oberit
782 2312 902 2356 nato,
932 2301 1012 2346 nisi
1038 2311 1078 2346 et
1102 2301 1193 2363 ipse
1216 2300 1412 2345 similiter
1436 2310 1700 2346 renascatur.
1747 2310 1769 2335 Ἀ

326 2374 486 2418 Verum
507 2372 724 2435 quidquid
743 2382 805 2417 est
828 2372 872 2416 in
895 2351 980 2416 liae
1007 2371 1243 2433 quaestione
1268 2369 1554 2425 difficultatis,
1583 2370 1641 2414 ita
1661 2369 1705 2414 in
1746 2415 1748 2423 ,

327 2460 429 2503 agro
456 2442 621 2486 Christi
649 2459 734 2486 non
778 2441 963 2504 impedit
988 2441 1208 2503 operarios
1232 2445 1324 2500 ejus
1345 2477 1355 2497 ‚
1382 2440 1619 2504 quominus
1651 2439 1706 2484 ab
1746 2447 1769 2486 ξι

320 2517 378 2562 eis
402 2516 446 2561 in
472 2515 766 2560 remissionem
788 2525 1069 2577 peccatorum
1090 2513 1370 2577 baptizentur
1390 2512 1592 2569 infantes,
1615 2511 1705 2558 sive
1767 2547 1769 2572 3

368 2599 376 2620 ¹
397 2597 481 2629 Vide
499 2597 538 2629 de
556 2599 638 2629 Gen.
655 2597 693 2629 ad
716 2597 880 2635 Litteram,
897 2596 952 2629 lib.
970 2607 1002 2638 x,
1018 2606 1087 2639 cap.
1112 2597 1166 2628 13.
