1769 3235
529 286 741 318 EPISTOLA
775 287 873 319 CXC.
1343 292 1395 336 19

24 364 155 410 runt,
184 370 272 417 quo
295 369 371 399 nos
396 352 593 412 injuncta
616 351 742 397 nobis
762 369 785 397 a
809 350 1045 397 venerabili
1077 369 1194 415 papa
1215 353 1390 400 Zosimo

25 424 276 487 apostolicae
291 423 412 470 Sedis
423 424 630 487 episcopo
645 423 931 468 ecclesiastica
945 424 1172 469 necessitas
1185 435 1394 471 traxerat:

24 493 188 542 factum
215 505 278 540 est
306 504 419 539 ntea
439 530 450 549 ‚
474 510 573 556 quae
591 493 823 556 scripsisti,
851 492 979 538 etiam
998 492 1091 555 ipse
1104 493 1365 555 perlegerem
1386 530 1396 551 2

26 562 221 609 tradente
235 563 345 610 mihi
362 563 554 609 eamdem
573 563 814 627 Epistolam
835 573 954 608 tuam
973 561 1137 608 famulo
1157 563 1234 608 Dei
1250 574 1399 609 sancto

26 634 194 687 chato
211 670 222 689 ,
243 634 289 680 in
307 634 486 681 Christo
505 634 630 680 nobis
651 634 782 679 fratre
799 633 1053 679 charissimo
1071 650 1082 678 ι
1102 649 1188 696 quo
1210 643 1399 696 petente,

27 712 69 751 et
93 703 204 749 mihi
226 704 330 750 licet
352 703 446 750 aliis
470 714 687 767 occupato
708 703 988 750 vehementer
1022 704 1235 759 instante,
1267 703 1324 748 ad
1354 720 1405 749 ea

30 788 122 820 sum
151 774 412 837 respondere
443 774 709 838 compulsus.
742 774 933 820 Accessit
959 774 1050 819 huc
1074 773 1203 818 etiam
1226 773 1406 819 alterius

27 844 163 893 sancti
185 855 226 889 et
248 861 350 890 cum
373 844 524 890 debito
551 847 718 891 honore
739 844 998 890 nominandi
1016 843 1164 890 fratris
1182 844 1341 900 nostri,
1365 854 1408 889 et

28 925 244 978 quantum
269 917 325 962 ab
360 917 434 962 illo
455 918 679 980 comperi,
702 917 926 962 necessarii
951 916 1014 962 tui
1041 916 1244 961 Muressis
1261 952 1271 971 ‚
1305 931 1407 961 cum

29 983 76 1030 in
104 1002 234 1048 supra
252 987 373 1033 dicto
394 987 562 1051 oppido
584 1005 918 1043 remoraremur,
945 987 1180 1041 adventus;
1204 986 1279 1049 qui
1300 986 1412 1031 mihi

27 1056 175 1101 retulit
208 1058 337 1103 etiam
371 1059 456 1104 sibi
489 1059 637 1104 missas
660 1059 715 1105 de
752 1059 835 1104 hac
859 1075 904 1103 re
926 1058 1090 1104 litteras
1125 1057 1412 1103 venerationis

29 1134 117 1170 tuae
135 1161 147 1182 ,
173 1136 216 1171 et
241 1144 309 1172 me
347 1127 400 1173 de
436 1129 521 1174 hac
562 1129 656 1191 ipsa
686 1129 926 1192 quaestione
962 1127 1209 1183 consuluit,
1235 1127 1411 1192 utquid

29 1194 133 1242 inde
165 1197 367 1243 sentirem
383 1232 394 1249 ‚
421 1198 490 1244 vel
525 1199 632 1244 meis
654 1199 722 1244 vel
755 1199 842 1243 suis
867 1198 1085 1262 rescriptis
1110 1197 1164 1245 ad
1187 1208 1228 1243 te
1252 1198 1414 1244 faceret

28 1267 255 1330 pervenire
285 1285 296 1313 :
328 1269 524 1315 «Utrum
547 1269 711 1315 scilicet
735 1270 893 1314 animae
913 1279 960 1314 ut
976 1285 1164 1332 corpora
1193 1284 1414 1332 propaga-

29 1336 145 1383 tione
172 1349 426 1396 nascantur‚
451 1340 624 1402 sintque
650 1356 698 1384 ex
719 1339 792 1385 illa
827 1355 914 1384 una
935 1355 1037 1403 quae
1061 1338 1205 1402 primo
1242 1338 1413 1384 homini

33 1419 176 1453 creata
206 1419 267 1454 est
293 1426 304 1454 :
333 1427 388 1455 an
415 1411 596 1456 Creator
629 1410 934 1473 omnipotens,
974 1409 1052 1473 qui
1088 1409 1240 1472 utique
1275 1425 1413 1473 usque

31 1494 148 1524 nunc
169 1491 390 1543 operatur,
408 1481 496 1528 sine
514 1481 603 1528 ulla
626 1480 945 1545 propagatione
965 1497 1100 1529 novas
1118 1480 1251 1526 faciat
1271 1480 1415 1542 singu-

31 1547 84 1595 lis
110 1551 326 1614 proprias.
353 1573 376 1595 »

95 1620 155 1667 ll.
177 1622 333 1685 Dequa
345 1639 389 1668 re
407 1633 640 1686 antequam
659 1621 824 1686 aliquid
845 1620 1101 1668 admoneam
1122 1622 1412 1669 sinceritatem

30 1700 149 1737 tuam
167 1728 179 1748 ,
209 1694 319 1738 scire
339 1703 380 1739 te
396 1693 521 1750 volo,
552 1694 598 1739 in
631 1704 715 1738 tam
743 1692 888 1738 multis
911 1692 1134 1756 opusculis
1158 1692 1262 1739 meis
1291 1710 1409 1740 nun-

29 1777 162 1826 quam
192 1779 261 1808 me
284 1762 412 1809 fuisse
435 1781 589 1810 ausum
616 1763 670 1809 de
695 1763 782 1809 hac
805 1765 1046 1828 quaestione
1065 1763 1287 1809 definitam
1305 1781 1414 1828 pro-

30 1833 139 1879 ferre
158 1834 410 1881 sententiam
426 1873 436 1892 ‚
456 1846 497 1881 et
515 1835 794 1899 impudenter
814 1834 969 1880 referre
985 1835 1030 1880 in
1050 1835 1212 1881 litteras
1231 1835 1285 1881 ad
1304 1836 1409 1882 alios

29 1903 326 1951 informandos
344 1943 355 1963 ‚
377 1907 498 1969 quod
516 1907 633 1970 apud
652 1923 717 1952 me
734 1922 822 1950 non
839 1905 969 1951 fuerit
984 1906 1265 1969 explicatum.
1285 1907 1410 1964 Qua-

30 1991 129 2022 rum
151 1986 292 2022 autem
314 1994 457 2023 rerum
479 1988 607 2041 atque
620 1994 847 2023 causarum
868 1977 1213 2024 consideratione
1237 1995 1413 2041 permo-

30 2062 150 2101 vear,
174 2048 281 2093 utin
299 2059 498 2094 neutram
521 2049 791 2093 assertionem
811 2065 929 2093 meus
950 2048 1183 2094 inclinetur
1200 2065 1407 2106 assensus,

33 2117 106 2162 sed
128 2117 275 2164 adhuc
305 2119 417 2165 inter
442 2129 673 2182 utramque
699 2118 962 2182 disceptem,
991 2120 1118 2165 nimis
1150 2120 1327 2180 longum
1347 2132 1409 2170 est

31 2186 118 2234 hac
157 2189 351 2251 Epistola
383 2206 660 2253 expromere3
686 2206 765 2235 nec
795 2199 883 2235 tam
911 2191 1196 2236 necessarium
1213 2227 1224 2247 ‚
1250 2202 1299 2236 ut
1325 2192 1405 2243 hoc

34 2259 189 2306 omisso
207 2277 294 2305 non
316 2261 452 2324 possit
474 2260 527 2306 de
551 2260 637 2306 hac
655 2260 1026 2325 quaestionequod
1044 2263 1144 2307 satis
1165 2273 1226 2307 est
1250 2263 1406 2327 dispu«

34 2331 137 2386 tari,
158 2332 237 2376 etsi
262 2349 350 2378 non
368 2331 423 2377 ad
442 2331 719 2378 auferendam
740 2332 1063 2378 cunctationem
1080 2370 1091 2389 ,
1116 2344 1232 2380 certe
1255 2334 1310 2380 ad
1332 2352 1406 2381 ca-

34 2402 217 2449 vendam
233 2403 532 2450 temeritatem.

96 2475 180 2521 llI.
215 2474 331 2521 Illud
355 2475 469 2520 enim
492 2474 570 2521 ubi
598 2474 665 2521 vel
689 2475 872 2521 maxime
899 2474 1005 2521 fides
1031 2474 1268 2523 christiana
1295 2494 1406 2524 con-

35 2543 169 2601 sistit,
194 2545 314 2609 quod
333 2548 450 2592 «Per
474 2538 695 2593 hominem
719 2563 834 2592 mors
854 2556 891 2591 et
916 2563 993 2609 per
1014 2546 1236 2593 hominem
1258 2566 1407 2596 resur—

37 2635 56 2658 »
82 2615 214 2662 rectio
229 2626 500 2663 mortuorum
524 2633 536 2661 ι
562 2616 800 2663 sicutenim
821 2616 866 2662 in
888 2615 1025 2664 Adam
1040 2633 1187 2665 omnes
1207 2620 1408 2667 moriun-

1235 2709 1277 2739 2.
