1769 3235
321 304 352 350 6
742 317 778 345 s.
823 313 1068 344 aueus‘rmi
1103 312 1308 343 EPISCOPI

325 405 346 426 »
369 382 485 429 bis1.
511 403 532 426 n
554 383 680 429 Hanc
702 397 788 427 esse
810 396 1011 440 magnam
1033 379 1216 439 gratiam
1237 378 1474 425 Salvatoris
1490 414 1501 433 ‚
1528 379 1605 442 qui
1628 395 1697 425 as-

325 453 512 500 cendens
531 453 575 498 in
594 452 730 498 altum
744 487 756 507 ,
780 450 1018 513 captivavit
1033 449 1334 512 captivitatem
1353 484 1364 503 ‚
1387 458 1429 493 et
1446 447 1566 494 dedit
1584 448 1700 495 dona

325 523 628 578 hominibus2‚
660 523 756 585 quis
783 521 980 566 nondum
1004 521 1251 576 confitetur,
1283 529 1496 582 quantum
1511 529 1553 564 et
1568 536 1701 583 quam

318 594 593 641 exitiabiliter
619 603 758 647 erret,
789 590 1013 650 intelligis.

390 664 465 711 IV.
496 662 732 721 Quomodo
763 679 865 721 ergo
890 680 912 707 a
938 661 1063 707 vobis
1082 697 1092 717 ‚
1120 659 1281 724 quibus
1311 668 1476 706 tantam
1499 659 1703 706 dilectio-

322 750 421 780 nem
438 734 649 780 debemus
666 769 677 789 ‚
700 731 984 778 admonendis
1008 742 1057 777 ut
1077 730 1178 776 talia
1201 730 1410 786 caveatis,
1433 730 1705 777 dissimulare

323 821 576 868 possemus,
615 820 716 849 cum
759 802 1003 862 legissemus
1040 801 1227 857 librum,
1255 817 1383 864 quem
1416 800 1471 845 ad
1512 811 1704 846 sanctam

323 874 646 921 Demetriadem
681 872 883 936 quisnam
922 871 1200 935 scripserit(i
1214 880 1253 931 ),
1277 871 1344 917 vel
1370 881 1516 916 utrum
1543 870 1598 917 ad
1629 886 1707 917 vos

321 945 595 1009 pervenerit,
631 943 781 989 vestris
807 942 953 1006 potius
981 942 1201 1018 rescriptis
1234 958 1357 987 nosse
1383 940 1583 987 volumus
1616 959 1627 986 z
1659 940 1707 987 in

326 1032 415 1079 quo
436 1016 577 1071 libro,
598 1014 633 1059 si
649 1013 712 1059 fas
731 1023 823 1067 est,
847 1012 959 1071 legat
979 1012 1098 1070 virgo
1123 1010 1291 1056 Christi
1311 1010 1426 1056 unde
1449 1010 1596 1056 credat
1613 1010 1706 1056 vir-

327 1084 516 1145 ginalem
541 1100 662 1130 suam
690 1049 987 1138 sanctitatem,
1014 1098 1247 1143 omnesque
1270 1080 1482 1144 spiritales
1505 1080 1703 1137 divitias,

327 1154 501 1201 nonnisi
518 1171 564 1199 ex
587 1170 629 1199 se
655 1153 748 1216 ipsa
770 1152 854 1197 sibi
877 1168 992 1204 esse;
1015 1161 1144 1213 atque
1167 1152 1228 1196 ita
1253 1151 1512 1214 priusquam
1535 1151 1588 1196 sit
1607 1150 1707 1214 ple-

328 1225 502 1271 nissime
536 1224 693 1278 beata,
732 1222 871 1268 discat
912 1223 1002 1267 Deo
1038 1238 1152 1277 esse,
1187 1221 1310 1285 quod
1350 1222 1486 1279 absit,
1521 1222 1702 1281 ingrata.

332 1295 476 1342 Verba
500 1293 614 1340 enim
641 1293 696 1339 ad
727 1292 844 1338 illam
873 1292 1035 1355 scripta
1057 1291 1101 1337 in
1125 1291 1275 1338 eodem
1299 1291 1413 1338 libro
1430 1328 1442 1349 ,
1465 1302 1564 1338 sunt
1594 1292 1676 1337 ista
1696 1307 1709 1336 t

334 1386 357 1409 «
381 1366 527 1412 Habes
544 1382 644 1425 ergo
664 1374 705 1410 et
724 1364 798 1409 bic
816 1399 827 1419 ,
853 1363 1024 1426 inquit,
1048 1380 1126 1426 per
1140 1379 1240 1425 quae
1262 1363 1416 1408 merito
1442 1362 1715 1426 praeponaris

334 1435 427 1482 aliis
444 1472 455 1491 ,
495 1434 583 1480 imo
610 1433 716 1480 hinc
742 1433 908 1493 magis?
948 1450 1049 1478 nam
1086 1433 1326 1496 corporalis
1351 1433 1558 1479 nobilitas
1586 1443 1716 1497 atque

336 1505 588 1570 opulentia,
615 1516 791 1550 tuorum
816 1503 1121 1563 intelliguntur
1146 1521 1233 1549 esse
1253 1521 1342 1549 non
1369 1514 1440 1549 tua
1467 1521 1478 1548 :
1505 1503 1718 1567 spiritales

337 1593 439 1624 vero
460 1574 635 1622 divitias
654 1575 801 1621 nullus
816 1574 897 1620 tibi
915 1586 1075 1638 praeter
1095 1585 1136 1619 te
1156 1574 1350 1620 conferre
1372 1574 1548 1638 poterit.
1578 1575 1631 1619 In
1650 1573 1719 1619 his

338 1664 440 1707 ergo
457 1650 557 1706 jure
579 1645 822 1702 laudanda,
845 1645 890 1691 in
905 1645 974 1691 his
999 1645 1151 1690 merito
1174 1645 1339 1691 caeteris
1360 1644 1632 1709 praeferenda
1647 1658 1716 1697 es;

341 1733 442 1780 quae
465 1716 546 1762 nisi
566 1732 613 1761 ex
633 1726 674 1762 te
698 1726 736 1761 et
755 1716 801 1761 in
816 1727 857 1762 te
875 1733 962 1761 esse
980 1732 1069 1761 non
1087 1726 1282 1778 possunt.
1309 1738 1328 1758 »

405 1785 457 1834 V.
487 1786 638 1831 Cernis
658 1803 814 1849 nempe
830 1796 995 1849 quanta
1011 1787 1055 1831 in
1075 1785 1144 1831 his
1164 1786 1306 1833 verbis
1324 1786 1378 1833 sit
1401 1784 1594 1833 cavenda
1616 1801 1721 1849 per-

334 1857 480 1903 nicies.
506 1857 616 1902 Nam
633 1857 782 1919 utique
806 1856 925 1919 quod
953 1856 1122 1902 dictum
1139 1868 1200 1903 est
1221 1875 1231 1902 ε
1257 1879 1276 1899 «
1297 1859 1394 1904 Non
1419 1866 1601 1921 possunt
1631 1871 1722 1902 esse

342 1929 424 1974 ista
447 1928 564 1973 bona
584 1927 665 1972 nisi
682 1927 727 1972 in
751 1938 808 1982 te,
826 1949 846 1968 »
865 1927 1029 1990 optime
1049 1939 1090 1973 et
1103 1928 1321 1975 verissime
1339 1929 1506 1974 dictum
1527 1937 1615 1984 est,
1644 1926 1724 1972 iste

350 1998 481 2062 plane
507 1998 634 2044 cibus
660 2009 736 2045 est.
777 1998 908 2054 Quod
943 2015 1044 2044 vero
1066 2000 1149 2055 ait,
1184 2022 1203 2041 ι(
1222 2000 1405 2046 Nonnisi
1428 2017 1476 2045 ex
1497 2011 1564 2056 te,
1585 2019 1607 2041 »
1635 1997 1725 2044 hoc

345 2069 524 2114 omnino
550 2068 668 2115 virus
693 2079 773 2114 est.
817 2069 949 2114 Absit
988 2079 1035 2114 ut
1071 2069 1169 2115 haec
1205 2069 1392 2116 libenter
1420 2069 1568 2116 audiat
1602 2068 1725 2128 virgo
1765 2060 1769 2111 l

342 2138 534 2195 Christi,
564 2155 664 2201 quae
685 2138 972 2201 pieintelligit
995 2140 1223 2202 propriam
1239 2150 1542 2204 paupertatem
1567 2137 1724 2184 cordis

348 2208 560 2265 humani,
586 2219 629 2254 et
657 2209 754 2255 ideo
777 2209 867 2255 illic
885 2210 965 2255 nisi
983 2211 1130 2273 sponsi
1161 2211 1226 2256 sui
1251 2210 1377 2256 donis
1395 2210 1532 2256 nescit
1551 2208 1717 2256 ornari.
1764 2229 1769 2261 1

358 2278 519 2325 Audiat
542 2296 644 2339 ergo
671 2280 817 2342 potius
849 2280 1105 2342 Apostolum
1146 2280 1362 2326 dicentem
1384 2298 1396 2326 ι
1417 2300 1439 2322 (ι
1459 2277 1729 2343 Desponsavi
1764 2272 1769 2293 ³

352 2369 374 2391 2>
395 2366 471 2396 vos
513 2350 589 2395 uni
620 2350 739 2407 viro,
781 2351 993 2411 virginem
1019 2363 1181 2398 castam
1202 2352 1405 2398 exhibere
1424 2351 1616 2398 Christo.
1647 2350 1728 2394 Ti-

353 2440 376 2463 »
394 2436 490 2465 meo
517 2431 659 2466 autem
692 2438 745 2467 ne
775 2421 888 2467 sicut
917 2439 1090 2485 serpens
1125 2423 1261 2469 Evam
1281 2422 1448 2469 seduxit
1468 2422 1514 2468 in
1542 2419 1730 2467 versutia
1759 2417 1769 2483 {t

354 2510 377 2531 >³
399 2506 476 2536 sua
490 2526 501 2547 ‚
528 2491 590 2537 sic
606 2501 648 2537 et
665 2502 817 2539 vestrae
830 2503 993 2539 mentes
1008 2503 1353 2557 corrumpantur
1369 2511 1395 2540 a
1415 2491 1612 2540 castitate
1629 2504 1730 2554 quae
1759 2486 1763 2537 f

403 2595 415 2621 ¹
433 2598 551 2643 Ephes.
568 2610 617 2643 xv,
641 2601 672 2633 8.
689 2612 733 2625 —
752 2599 768 2625 ²
782 2601 862 2636 Psal.
878 2613 970 2634 zxvu
983 2626 992 2642 ‚
1013 2614 1064 2644 19·

1764 2115 1769 2168 ὲ

1765 2173 1769 2228 l
