1769 3235
311 242 398 300 134
714 259 748 290 s.
792 257 1034 292 Acousrmi
1070 261 1272 294 EPISCOPI

304 323 632 387 quodammodo
664 323 851 369 maxima
888 335 950 370 est
984 327 1148 383 insula,
1187 330 1287 392 quia
1313 341 1353 376 et
1382 331 1520 394 ipsam
1541 332 1678 394 cingit

308 396 510 441 Oceanus
529 431 540 446 ‚
565 394 620 439 ad
643 398 768 453 cnjus
788 393 935 453 littora
951 396 995 441 in
1013 397 1358 446 occidentalibus
1375 403 1575 464 partibus
1593 404 1680 449 Ec-

307 464 478 511 clesiam
503 464 746 527 pervenisse
761 468 850 524 jam
876 467 1075 513 novimus
1091 505 1101 523 ‚
1121 478 1163 513 et
1181 486 1460 534 quocumque
1482 472 1680 519 littorum

305 534 503 580 nondum
540 534 761 597 pervenit,
800 547 1062 598 perventura
1097 548 1157 583 est
1184 540 1334 603 utique
1370 541 1681 588 fructificando

308 615 436 668 atque
457 605 702 652 crescendo.

373 677 578 723 XLVIII.
613 676 659 721 Si
682 693 783 736 ergo
804 677 905 740 quia
930 677 1163 741 prophetia
1188 680 1379 726 veritatis
1407 682 1578 728 mentiri
1595 699 1684 729 non

308 757 478 810 potest,
500 764 668 793 necesse
687 759 749 793 est
767 759 815 793 ut
829 765 974 794 omnes
993 758 1139 808 gentes
1153 786 1164 805 ‚
1186 761 1403 814 quotquot
1418 751 1519 798 fecit
1543 754 1680 810 Deus,

309 818 490 864 adorent
524 835 647 876 eum3
680 818 902 882 quomodo
941 819 1190 865 adorabunt
1215 838 1339 878 eum,
1364 823 1445 868 nisi
1480 823 1686 869 invocent

307 888 433 934 eum?
457 910 477 930 c<
501 889 738 946 Quomodo
769 900 911 937 autem
930 890 1204 935 invocabunt
1222 928 1232 944 ‚
1261 893 1305 937 in
1321 910 1448 955 quem
1474 910 1564 938 non
1588 910 1686 939 cre-

309 980 329 1000 »
353 959 560 1004 diderunt
579 996 589 1012 ,
615 970 688 1004 aut
706 960 930 1023 quomodo
955 959 1132 1005 credent
1157 977 1285 1023 quem
1312 979 1399 1008 non
1422 963 1684 1010 audierunt?

311 1050 332 1070 >³
357 1029 594 1085 Quomodo
634 1040 775 1075 autem
802 1030 978 1075 audient
1011 1030 1099 1075 sine
1135 1031 1433 1093 praedicante‚
1475 1044 1549 1079 aut
1572 1050 1688 1097 quo-

312 1122 332 1142 »
356 1100 488 1145 modo
522 1100 861 1163 praedicabunt,
906 1101 988 1146 nisi
1026 1102 1315 1149 mitta11tur19
1343 1125 1363 1145 »
1402 1103 1536 1150 Mittit
1573 1104 1688 1150 enim

315 1171 498 1231 Angelos
527 1189 624 1216 suos
652 1189 776 1227 suos,
805 1182 844 1217 et
876 1183 1109 1232 congregat
1144 1173 1298 1219 electos
1333 1191 1430 1220 suos
1454 1193 1476 1220 a
1498 1185 1691 1237 quatuor

315 1242 478 1298 ventis,
517 1241 561 1287 id
587 1253 673 1296 est,
705 1243 761 1287 ab
787 1259 987 1289 unlverso
1011 1244 1117 1289 orbe
1155 1246 1412 1292 terrarum2.
1453 1246 1506 1290 In
1528 1245 1691 1309 quibus

313 1329 414 1373 ergo
438 1313 637 1372 gentibus
662 1313 859 1358 nondum
884 1323 946 1357 est
970 1314 1163 1359 Ecclesia
1181 1350 1191 1369 ‚
1220 1326 1391 1378 oportet
1421 1325 1469 1360 ut
1500 1315 1579 1372 sit,
1602 1332 1691 1360 non

317 1394 364 1429 ut
390 1400 537 1428 omnes
550 1383 626 1446 qui
646 1383 709 1428 ibi
726 1383 888 1429 fuerint
906 1383 1086 1429 credant
1103 1402 1114 1429 ε
1133 1401 1279 1430 omnes
1296 1386 1409 1431 enim
1429 1396 1573 1446 gentes
1590 1403 1691 1449 pro-

317 1455 455 1499 missae
480 1464 603 1507 sunt,
622 1470 709 1498 non
735 1470 882 1498 omnes
920 1454 1118 1500 homines
1144 1455 1337 1500 omnium
1359 1456 1565 1515 gentium.
1591 1456 1690 1501 Non

317 1527 429 1569 enim
457 1524 652 1568 omnium
688 1534 749 1568 est
773 1523 1050 1569 fides.slreclit
1074 1526 1218 1587 itaque
1243 1526 1383 1570 omnis
1407 1542 1507 1585 gens
1528 1526 1572 1570 in
1601 1543 1692 1571 om-

317 1596 473 1650 nibus‚
514 1594 589 1657 qui
627 1593 751 1638 electi
784 1605 884 1640 sunt
913 1605 1012 1639 ante
1048 1596 1402 1641 constitutionem
1435 1595 1617 1651 mundi,
1647 1595 1693 1641 in

319 1665 486 1711 caeteris
507 1681 595 1709 non
622 1663 788 1720 credit,
816 1675 857 1709 et
879 1664 1098 1710 credentes
1121 1665 1228 1712 odit.
1258 1665 1493 1721 Quomodo
1514 1666 1628 1710 enim
1652 1675 1694 1710 et

319 1735 429 1780 illud
450 1733 710 1796 implebitur
733 1751 744 1778 t
773 1755 793 1775 <r
817 1734 947 1779 Eritis
968 1735 1069 1780 odio
1095 1736 1299 1780 omnibus
1325 1736 1527 1795 gentibus
1552 1752 1694 1798 prop-

322 1828 342 1847 »
365 1817 430 1850 ter
455 1822 611 1850 nomen
630 1821 773 1850 meum
790 1804 834 1859 33
860 1826 880 1845 n
903 1805 985 1850 nisi
1004 1805 1049 1850 in
1070 1806 1277 1851 omnibus
1294 1807 1496 1867 gentibus
1518 1807 1628 1863 sint,
1653 1817 1695 1852 et

321 1876 395 1940 qui
418 1875 613 1929 oderint,
640 1885 681 1919 et
700 1891 809 1937 quos
829 1875 1032 1921 oderint?

387 1947 550 1992 XLIX.
583 1947 684 2002 Quo
717 1957 848 2008 pacto
870 1946 1003 2005 igitur
1031 1946 1087 1991 ab
1112 1946 1334 2010 Apostolis
1357 1957 1418 1992 est
1437 1947 1695 2010 praedicatio

321 2018 400 2063 ista
419 2015 664 2079 completa,
690 2015 867 2078 quando
894 2016 1040 2061 adhuc
1064 2033 1199 2079 usque
1219 2027 1317 2061 sunt
1347 2028 1491 2076 gentes
1508 2054 1518 2072 ‚
1550 2017 1695 2082 (quod

324 2088 608 2134 certissimum
624 2096 685 2131 est
702 2085 857 2148 nobis)
874 2086 917 2130 in
935 2086 1097 2149 quibus
1119 2086 1248 2131 modo
1266 2087 1403 2149 coepit
1419 2096 1461 2132 et
1481 2086 1698 2150 inquibus

323 2158 520 2204 nondum
550 2157 688 2219 coepit
712 2156 910 2219 impleri?
931 2156 1027 2202 Non
1046 2156 1191 2220 itaque
1205 2158 1264 2201 sie
1284 2156 1451 2202 dictum
1471 2167 1533 2202 est
1553 2164 1696 2220 Apos-

324 2230 422 2275 tolis
446 2247 456 2274 ε
485 2249 504 2269 «
526 2228 656 2273 Eritis
679 2227 787 2272 mihi
808 2237 931 2272 testes
954 2227 998 2272 in
1020 2227 1254 2272 Jerusalem
1274 2264 1283 2280 ,
1307 2238 1347 2271 et
1366 2228 1410 2272 in
1431 2237 1523 2273 tota
1543 2227 1697 2273 Judaea

323 2323 345 2343 ›>
369 2311 411 2345 et
435 2299 627 2344 Samaria
643 2335 653 2354 ,
681 2308 723 2343 et
748 2314 883 2360 usque
907 2298 951 2343 in
981 2308 1217 2343 extremum
1248 2298 1420 2353 torraelg
1442 2319 1463 2339 >2
1489 2308 1696 2361 tanquam

321 2371 405 2434 ipsi
423 2369 501 2415 soli
519 2407 529 2425 ‚
550 2369 711 2432 quibus
728 2378 832 2414 tunc
858 2368 1138 2432 loquebatur,
1168 2378 1338 2413 tantum
1358 2384 1517 2414 munus
1538 2368 1698 2416 fuerint

321 2440 546 2508 impleturi
567 2457 577 2484 :
605 2438 677 2485 sed
698 2440 810 2486 sicut
831 2439 889 2485 eis
920 2439 1022 2485 solis
1040 2438 1215 2485 videtur
1242 2438 1394 2484 dixisse
1413 2438 1534 2503 quod
1553 2438 1659 2485 dixit
1681 2455 1693 2484 e

370 2560 378 2579 ¹
400 2560 491 2589 Rom.
511 2569 541 2594 x,
567 2565 615 2594 14.
632 2574 676 2579 —
690 2556 704 2578 ²
721 2557 836 2590 Manli.
856 2567 943 2594 νυν,
959 2558 1016 2591 31.
1035 2552 1104 2580 -3
1124 2554 1277 2594 1d.xx1v‚
1293 2565 1326 2594 9.
1342 2571 1388 2578 -
1410 2551 1424 2575 ⁴
1440 2557 1511 2587 Act.
1531 2566 1560 2594 1,
1577 2554 1611 2587 8.
