<?xml version="1.0" encoding="UTF-8"?>
<!DOCTYPE html PUBLIC "-//W3C//DTD XHTML 1.0 Transitional//EN"
    "http://www.w3.org/TR/xhtml1/DTD/xhtml1-transitional.dtd">
<html xmlns="http://www.w3.org/1999/xhtml" xml:lang="en" lang="en">
 <head>
  <title>
</title>
<meta http-equiv="Content-Type" content="text/html;charset=utf-8" />
  <meta name='ocr-system' content='tesseract 3.04.00' />
  <meta name='ocr-capabilities' content='ocr_page ocr_carea ocr_par ocr_line ocrx_word'/>
</head>
<body>
  <div class='ocr_page' id='page_1' title='image "./operaomniaaccura41auguuoft/operaomniaaccura41auguuoft_0520.png"; bbox 0 0 1769 3235; ppageno 0'>
   <div class='ocr_carea' id='block_1_1' title="bbox 322 312 1285 358">
    <p class='ocr_par' dir='ltr' id='par_1_1' title="bbox 322 312 1285 358">
     <span class='ocr_line' id='line_1_1' title="bbox 322 312 1285 358; baseline -0.013 0"><span class='ocrx_word' id='word_1_1' title='bbox 322 312 414 358; x_wconf 88' lang='lat'>500</span> <span class='ocrx_word' id='word_1_2' title='bbox 725 319 760 350; x_wconf 81' lang='lat' dir='ltr'>S.</span> <span class='ocrx_word' id='word_1_3' title='bbox 805 315 1047 348; x_wconf 69' lang='lat' dir='ltr'>mensum</span> <span class='ocrx_word' id='word_1_4' title='bbox 1081 315 1285 347; x_wconf 72' lang='lat' dir='ltr'><strong>EPISCOPI</strong></span> 
     </span>
    </p>
   </div>
   <div class='ocr_carea' id='block_1_2' title="bbox 316 378 1736 2634">
    <p class='ocr_par' dir='ltr' id='par_1_2' title="bbox 316 378 1723 1918">
     <span class='ocr_line' id='line_1_2' title="bbox 316 378 1702 452; baseline -0.01 -16"><span class='ocrx_word' id='word_1_5' title='bbox 316 391 469 452; x_wconf 79' lang='lat' dir='ltr'>fidem</span> <span class='ocrx_word' id='word_1_6' title='bbox 503 386 701 448; x_wconf 75' lang='lat' dir='ltr'>elegitin</span> <span class='ocrx_word' id='word_1_7' title='bbox 726 386 1053 447; x_wconf 67' lang='lat' dir='ltr'><em>praescientia,</em></span> <span class='ocrx_word' id='word_1_8' title='bbox 1078 392 1128 426; x_wconf 81' lang='lat' dir='ltr'>ut</span> <span class='ocrx_word' id='word_1_9' title='bbox 1150 396 1291 445; x_wconf 81' lang='lat' dir='ltr'>quem</span> <span class='ocrx_word' id='word_1_10' title='bbox 1311 378 1702 424; x_wconf 76' lang='lat' dir='ltr'>sz&#39;bicreclz&#39;turum</span> 
     </span>
     <span class='ocr_line' id='line_1_3' title="bbox 324 451 1704 522; baseline -0.01 -16"><span class='ocrx_word' id='word_1_11' title='bbox 324 477 422 506; x_wconf 78' lang='lat' dir='ltr'>esse</span> <span class='ocrx_word' id='word_1_12' title='bbox 449 458 695 522; x_wconf 69' lang='lat' dir='ltr'>proescivz&#39;t,</span> <span class='ocrx_word' id='word_1_13' title='bbox 715 461 866 517; x_wconf 67' lang='lat' dir='ltr'>z&#39;stsam</span> <span class='ocrx_word' id='word_1_14' title='bbox 891 452 1077 517; x_wconf 74' lang='lat' dir='ltr'>elegerit</span> <span class='ocrx_word' id='word_1_15' title='bbox 1107 456 1194 515; x_wconf 71' lang='lat' dir='ltr'>qul</span> <span class='ocrx_word' id='word_1_16' title='bbox 1214 451 1445 515; x_wconf 76' lang='lat' dir='ltr'>Spiritum</span> <span class='ocrx_word' id='word_1_17' title='bbox 1486 459 1704 496; x_wconf 78' lang='lat' dir='ltr'>sanctum</span> 
     </span>
     <span class='ocr_line' id='line_1_4' title="bbox 327 516 1705 589; baseline -0.009 -13"><span class='ocrx_word' id='word_1_18' title='bbox 327 532 475 581; x_wconf 62' lang='lat' dir='ltr'>claret,</span> <span class='ocrx_word' id='word_1_19' title='bbox 503 539 551 573; x_wconf 70' lang='grc' dir='ltr'>αἱ</span> <span class='ocrx_word' id='word_1_20' title='bbox 572 528 692 573; x_wconf 76' lang='lat' dir='ltr'>bona</span> <span class='ocrx_word' id='word_1_21' title='bbox 712 523 950 589; x_wconf 75' lang='lat' dir='ltr'>operando</span> <span class='ocrx_word' id='word_1_22' title='bbox 979 525 1122 569; x_wconf 76' lang='lat' dir='ltr'>etiam</span> <span class='ocrx_word' id='word_1_23' title='bbox 1143 516 1516 567; x_wconf 66' lang='lat' dir='ltr'>vitmn&#39;aeternam</span> <span class='ocrx_word' id='word_1_24' title='bbox 1544 536 1705 565; x_wconf 82' lang='lat' dir='ltr'>conse-</span> 
     </span>
     <span class='ocr_line' id='line_1_5' title="bbox 331 589 1707 664; baseline -0.007 -20"><span class='ocrx_word' id='word_1_25' title='bbox 331 612 559 664; x_wconf 63' lang='lat' dir='ltr'>quen-etur.</span> <span class='ocrx_word' id='word_1_26' title='bbox 590 596 794 643; x_wconf 76' lang='lat' dir='ltr'>Nondum</span> <span class='ocrx_word' id='word_1_27' title='bbox 822 594 1069 654; x_wconf 83' lang='lat' dir='ltr'>diligentius</span> <span class='ocrx_word' id='word_1_28' title='bbox 1107 592 1408 655; x_wconf 63' lang='lat' dir='ltr'>quaesiveram,</span> <span class='ocrx_word' id='word_1_29' title='bbox 1447 606 1527 636; x_wconf 90' lang='lat' dir='ltr'>nec</span> <span class='ocrx_word' id='word_1_30' title='bbox 1559 589 1707 636; x_wconf 89' lang='lat' dir='ltr'>adhuc</span> 
     </span>
     <span class='ocr_line' id='line_1_6' title="bbox 326 660 1708 732; baseline -0.007 -16"><span class='ocrx_word' id='word_1_31' title='bbox 326 673 575 717; x_wconf 73' lang='lat' dir='ltr'>inveneram</span> <span class='ocrx_word' id='word_1_32' title='bbox 611 667 750 732; x_wconf 83' lang='lat' dir='ltr'>qualis</span> <span class='ocrx_word' id='word_1_33' title='bbox 787 667 841 711; x_wconf 83' lang='lat' dir='ltr'>sit</span> <span class='ocrx_word' id='word_1_34' title='bbox 879 665 1030 711; x_wconf 84' lang='lat' dir='ltr'>electio</span> <span class='ocrx_word' id='word_1_35' title='bbox 1055 663 1205 723; x_wconf 79' lang='lat' dir='ltr'>gratiae</span> <span class='ocrx_word' id='word_1_36' title='bbox 1230 661 1284 707; x_wconf 91' lang='lat' dir='ltr'>de</span> <span class='ocrx_word' id='word_1_37' title='bbox 1316 678 1403 725; x_wconf 90' lang='lat' dir='ltr'>qua</span> <span class='ocrx_word' id='word_1_38' title='bbox 1445 660 1560 707; x_wconf 87' lang='lat' dir='ltr'>idem</span> <span class='ocrx_word' id='word_1_39' title='bbox 1599 660 1708 707; x_wconf 87' lang='lat' dir='ltr'>dicit</span> 
     </span>
     <span class='ocr_line' id='line_1_7' title="bbox 328 731 1708 804; baseline -0.007 -18"><span class='ocrx_word' id='word_1_40' title='bbox 328 740 562 804; x_wconf 78' lang='lat' dir='ltr'>Apostolus</span> <span class='ocrx_word' id='word_1_41' title='bbox 577 759 588 792; x_wconf 81' lang='lat'>3</span> <span class='ocrx_word' id='word_1_42' title='bbox 604 759 622 779; x_wconf 72' lang='lat' dir='ltr'>c&lt;</span> <span class='ocrx_word' id='word_1_43' title='bbox 639 738 854 801; x_wconf 70' lang='lat' dir='ltr'>Reliquiae</span> <span class='ocrx_word' id='word_1_44' title='bbox 867 753 945 799; x_wconf 89' lang='lat' dir='ltr'>per</span> <span class='ocrx_word' id='word_1_45' title='bbox 968 734 1221 780; x_wconf 82' lang='lat' dir='ltr'>electionem</span> <span class='ocrx_word' id='word_1_46' title='bbox 1247 732 1401 793; x_wconf 77' lang='lat' dir='ltr'>gratIae</span> <span class='ocrx_word' id='word_1_47' title='bbox 1424 731 1554 778; x_wconf 87' lang='lat' dir='ltr'>salvae</span> <span class='ocrx_word' id='word_1_48' title='bbox 1577 731 1708 778; x_wconf 80' lang='lat' dir='ltr'>factae</span> 
     </span>
     <span class='ocr_line' id='line_1_8' title="bbox 327 802 1709 873; baseline -0.004 -19"><span class='ocrx_word' id='word_1_49' title='bbox 327 835 348 854; x_wconf 71' lang='lat'>&gt;›</span> <span class='ocrx_word' id='word_1_50' title='bbox 375 822 477 858; x_wconf 82' lang='lat' dir='ltr'>sunt</span> <span class='ocrx_word' id='word_1_51' title='bbox 502 811 548 856; x_wconf 76' lang='lat'>³:</span> <span class='ocrx_word' id='word_1_52' title='bbox 572 833 591 852; x_wconf 75' lang='lat' dir='ltr'>n</span> <span class='ocrx_word' id='word_1_53' title='bbox 618 827 720 873; x_wconf 82' lang='lat' dir='ltr'>quae</span> <span class='ocrx_word' id='word_1_54' title='bbox 745 809 897 871; x_wconf 85' lang='lat' dir='ltr'>utique</span> <span class='ocrx_word' id='word_1_55' title='bbox 922 824 1009 852; x_wconf 85' lang='lat' dir='ltr'>non</span> <span class='ocrx_word' id='word_1_56' title='bbox 1043 816 1104 851; x_wconf 82' lang='lat' dir='ltr'>est</span> <span class='ocrx_word' id='word_1_57' title='bbox 1125 805 1259 865; x_wconf 84' lang='lat' dir='ltr'>gratia</span> <span class='ocrx_word' id='word_1_58' title='bbox 1276 805 1310 850; x_wconf 80' lang='lat' dir='ltr'>si</span> <span class='ocrx_word' id='word_1_59' title='bbox 1332 821 1424 850; x_wconf 83' lang='lat' dir='ltr'>eam</span> <span class='ocrx_word' id='word_1_60' title='bbox 1448 803 1599 849; x_wconf 88' lang='lat' dir='ltr'>merita</span> <span class='ocrx_word' id='word_1_61' title='bbox 1620 802 1709 849; x_wconf 87' lang='lat' dir='ltr'>ulla</span> 
     </span>
     <span class='ocr_line' id='line_1_9' title="bbox 325 873 1709 946; baseline -0.007 -18"><span class='ocrx_word' id='word_1_62' title='bbox 325 881 596 946; x_wconf 64' lang='lat' dir='ltr'>praecedant,</span> <span class='ocrx_word' id='word_1_63' title='bbox 621 897 674 925; x_wconf 89' lang='lat' dir='ltr'>ne</span> <span class='ocrx_word' id='word_1_64' title='bbox 690 883 783 939; x_wconf 82' lang='lat' dir='ltr'>jam</span> <span class='ocrx_word' id='word_1_65' title='bbox 808 876 929 941; x_wconf 82' lang='lat' dir='ltr'>quod</span> <span class='ocrx_word' id='word_1_66' title='bbox 955 876 1103 933; x_wconf 80' lang='lat' dir='ltr'>datur,</span> <span class='ocrx_word' id='word_1_67' title='bbox 1134 893 1222 921; x_wconf 84' lang='lat' dir='ltr'>non</span> <span class='ocrx_word' id='word_1_68' title='bbox 1246 874 1485 921; x_wconf 83' lang='lat' dir='ltr'>secundum</span> <span class='ocrx_word' id='word_1_69' title='bbox 1511 873 1709 934; x_wconf 83' lang='lat' dir='ltr'>gratiam,</span> 
     </span>
     <span class='ocr_line' id='line_1_10' title="bbox 328 945 1711 1010; baseline -0.007 -10"><span class='ocrx_word' id='word_1_70' title='bbox 328 954 401 1000; x_wconf 88' lang='lat' dir='ltr'>sed</span> <span class='ocrx_word' id='word_1_71' title='bbox 433 951 674 998; x_wconf 85' lang='lat' dir='ltr'>secundum</span> <span class='ocrx_word' id='word_1_72' title='bbox 704 949 904 995; x_wconf 88' lang='lat' dir='ltr'>debitum</span> <span class='ocrx_word' id='word_1_73' title='bbox 940 946 1153 994; x_wconf 84' lang='lat' dir='ltr'>reddatur</span> <span class='ocrx_word' id='word_1_74' title='bbox 1194 948 1341 1010; x_wconf 87' lang='lat' dir='ltr'>potius</span> <span class='ocrx_word' id='word_1_75' title='bbox 1379 945 1544 992; x_wconf 87' lang='lat' dir='ltr'>meritis</span> <span class='ocrx_word' id='word_1_76' title='bbox 1578 961 1711 1009; x_wconf 89' lang='lat' dir='ltr'>quam</span> 
     </span>
     <span class='ocr_line' id='line_1_11' title="bbox 326 1016 1710 1087; baseline -0.007 -17"><span class='ocrx_word' id='word_1_77' title='bbox 326 1024 529 1071; x_wconf 85' lang='lat' dir='ltr'>donetur.</span> <span class='ocrx_word' id='word_1_78' title='bbox 549 1020 734 1087; x_wconf 84' lang='lat' dir='ltr'>proinde</span> <span class='ocrx_word' id='word_1_79' title='bbox 761 1019 881 1084; x_wconf 89' lang='lat' dir='ltr'>quod</span> <span class='ocrx_word' id='word_1_80' title='bbox 905 1019 1115 1065; x_wconf 87' lang='lat' dir='ltr'>continuo</span> <span class='ocrx_word' id='word_1_81' title='bbox 1136 1018 1252 1076; x_wconf 80' lang='lat' dir='ltr'>dixi,</span> <span class='ocrx_word' id='word_1_82' title='bbox 1282 1022 1416 1064; x_wconf 74' lang='lat' dir='ltr'>Dicit</span> <span class='ocrx_word' id='word_1_83' title='bbox 1434 1018 1559 1062; x_wconf 80' lang='lat' dir='ltr'>enim</span> <span class='ocrx_word' id='word_1_84' title='bbox 1585 1016 1710 1062; x_wconf 79' lang='lat' dir='ltr'>idem</span> 
     </span>
     <span class='ocr_line' id='line_1_12' title="bbox 333 1086 1713 1159; baseline -0.007 -17"><span class='ocrx_word' id='word_1_85' title='bbox 333 1096 599 1159; x_wconf 70' lang='lat' dir='ltr'>Apostolus</span> <span class='ocrx_word' id='word_1_86' title='bbox 624 1112 635 1139; x_wconf 91' lang='lat'>:</span> <span class='ocrx_word' id='word_1_87' title='bbox 658 1115 676 1135; x_wconf 83' lang='lat'>«</span> <span class='ocrx_word' id='word_1_88' title='bbox 701 1092 825 1138; x_wconf 90' lang='lat' dir='ltr'>Idem</span> <span class='ocrx_word' id='word_1_89' title='bbox 847 1092 962 1138; x_wconf 85' lang='lat' dir='ltr'>Deus</span> <span class='ocrx_word' id='word_1_90' title='bbox 992 1091 1070 1155; x_wconf 87' lang='lat' dir='ltr'>qui</span> <span class='ocrx_word' id='word_1_91' title='bbox 1109 1100 1318 1154; x_wconf 85' lang='lat' dir='ltr'>operatur</span> <span class='ocrx_word' id='word_1_92' title='bbox 1343 1087 1548 1135; x_wconf 84' lang='lat' dir='ltr'>omniain</span> <span class='ocrx_word' id='word_1_93' title='bbox 1570 1086 1713 1134; x_wconf 83' lang='lat' dir='ltr'>omni-</span> 
     </span>
     <span class='ocr_line' id='line_1_13' title="bbox 330 1157 1717 1227; baseline -0.003 -20"><span class='ocrx_word' id='word_1_94' title='bbox 330 1187 349 1207; x_wconf 81' lang='lat'>»</span> <span class='ocrx_word' id='word_1_95' title='bbox 376 1166 507 1211; x_wconf 43' lang='lat' dir='ltr'>hus?</span> <span class='ocrx_word' id='word_1_96' title='bbox 538 1186 556 1207; x_wconf 71' lang='lat'>&gt;2</span> <span class='ocrx_word' id='word_1_97' title='bbox 596 1168 841 1227; x_wconf 64' lang='lat' dir='ltr'>Nusquam</span> <span class='ocrx_word' id='word_1_98' title='bbox 875 1173 1035 1207; x_wconf 80' lang='lat' dir='ltr'>autem</span> <span class='ocrx_word' id='word_1_99' title='bbox 1064 1162 1239 1206; x_wconf 73' lang='lat' dir='ltr'>(lictum</span> <span class='ocrx_word' id='word_1_100' title='bbox 1274 1171 1358 1216; x_wconf 82' lang='lat' dir='ltr'>est,</span> <span class='ocrx_word' id='word_1_101' title='bbox 1408 1163 1537 1205; x_wconf 72' lang='lat' dir='ltr'>Deus</span> <span class='ocrx_word' id='word_1_102' title='bbox 1570 1157 1717 1204; x_wconf 76' lang='lat' dir='ltr'>credit</span> 
     </span>
     <span class='ocr_line' id='line_1_14' title="bbox 326 1230 1715 1292; baseline -0.006 -10"><span class='ocrx_word' id='word_1_103' title='bbox 326 1241 484 1282; x_wconf 71' lang='lat' dir='ltr'>ommia</span> <span class='ocrx_word' id='word_1_104' title='bbox 515 1240 562 1281; x_wconf 84' lang='grc' dir='ltr'>ιή</span> <span class='ocrx_word' id='word_1_105' title='bbox 602 1235 820 1280; x_wconf 75' lang='lat' dir='ltr'>omnibus</span> <span class='ocrx_word' id='word_1_106' title='bbox 849 1252 860 1279; x_wconf 90' lang='lat'>:</span> <span class='ocrx_word' id='word_1_107' title='bbox 893 1250 942 1279; x_wconf 85' lang='lat' dir='ltr'>ac</span> <span class='ocrx_word' id='word_1_108' title='bbox 964 1231 1121 1279; x_wconf 86' lang='lat' dir='ltr'>deinde</span> <span class='ocrx_word' id='word_1_109' title='bbox 1156 1231 1388 1292; x_wconf 79' lang='lat' dir='ltr'>subjunxi,</span> <span class='ocrx_word' id='word_1_110' title='bbox 1429 1230 1571 1290; x_wconf 80' lang='lat' dir='ltr'>Quod</span> <span class='ocrx_word' id='word_1_111' title='bbox 1609 1246 1715 1292; x_wconf 75' lang='lat' dir='ltr'>ergo</span> 
     </span>
     <span class='ocr_line' id='line_1_15' title="bbox 327 1302 1715 1367; baseline -0.005 -15"><span class='ocrx_word' id='word_1_112' title='bbox 327 1308 577 1355; x_wconf 75' lang='lat' dir='ltr'>credimus.</span> <span class='ocrx_word' id='word_1_113' title='bbox 616 1317 827 1351; x_wconf 74' lang='lat' dir='ltr'>nostrum</span> <span class='ocrx_word' id='word_1_114' title='bbox 865 1315 962 1358; x_wconf 82' lang='lat' dir='ltr'>est,·</span> <span class='ocrx_word' id='word_1_115' title='bbox 1000 1302 1133 1367; x_wconf 74' lang='lat' dir='ltr'>quod</span> <span class='ocrx_word' id='word_1_116' title='bbox 1154 1314 1313 1348; x_wconf 76' lang='lat' dir='ltr'>autem</span> <span class='ocrx_word' id='word_1_117' title='bbox 1349 1302 1522 1347; x_wconf 80' lang='lat' dir='ltr'>bonum</span> <span class='ocrx_word' id='word_1_118' title='bbox 1548 1317 1715 1365; x_wconf 79' lang='lat' dir='ltr'>opera-</span> 
     </span>
     <span class='ocr_line' id='line_1_16' title="bbox 335 1374 1714 1439; baseline -0.005 -17"><span class='ocrx_word' id='word_1_119' title='bbox 335 1396 459 1432; x_wconf 77' lang='lat' dir='ltr'>mur,</span> <span class='ocrx_word' id='word_1_120' title='bbox 491 1378 616 1422; x_wconf 69' lang='lat' dir='ltr'>illius</span> <span class='ocrx_word' id='word_1_121' title='bbox 631 1387 698 1422; x_wconf 80' lang='lat' dir='ltr'>est</span> <span class='ocrx_word' id='word_1_122' title='bbox 715 1377 798 1439; x_wconf 75' lang='lat' dir='ltr'>qui</span> <span class='ocrx_word' id='word_1_123' title='bbox 820 1374 1112 1420; x_wconf 74' lang='lat' dir='ltr'>credentibus</span> <span class='ocrx_word' id='word_1_124' title='bbox 1130 1374 1215 1419; x_wconf 78' lang='lat' dir='ltr'>dat</span> <span class='ocrx_word' id='word_1_125' title='bbox 1234 1376 1457 1436; x_wconf 74' lang='lat' dir='ltr'>Spiritum</span> <span class='ocrx_word' id='word_1_126' title='bbox 1481 1381 1714 1424; x_wconf 74' lang='lat' dir='ltr'>sanctam,</span> 
     </span>
     <span class='ocr_line' id='line_1_17' title="bbox 330 1440 1717 1512; baseline -0.004 -19"><span class='ocrx_word' id='word_1_127' title='bbox 330 1447 528 1512; x_wconf 72' lang='lat' dir='ltr'>profecto</span> <span class='ocrx_word' id='word_1_128' title='bbox 551 1464 640 1492; x_wconf 87' lang='lat' dir='ltr'>non</span> <span class='ocrx_word' id='word_1_129' title='bbox 661 1446 868 1501; x_wconf 82' lang='lat' dir='ltr'>dicerem,</span> <span class='ocrx_word' id='word_1_130' title='bbox 907 1444 939 1490; x_wconf 87' lang='lat' dir='ltr'>si</span> <span class='ocrx_word' id='word_1_131' title='bbox 957 1448 1050 1504; x_wconf 82' lang='lat' dir='ltr'>jam</span> <span class='ocrx_word' id='word_1_132' title='bbox 1072 1444 1224 1489; x_wconf 87' lang='lat' dir='ltr'>scirem</span> <span class='ocrx_word' id='word_1_133' title='bbox 1248 1443 1378 1489; x_wconf 85' lang='lat' dir='ltr'>etiam</span> <span class='ocrx_word' id='word_1_134' title='bbox 1404 1442 1544 1506; x_wconf 86' lang='lat' dir='ltr'>ipsam</span> <span class='ocrx_word' id='word_1_135' title='bbox 1585 1440 1717 1487; x_wconf 88' lang='lat' dir='ltr'>fidem</span> 
     </span>
     <span class='ocr_line' id='line_1_18' title="bbox 332 1512 1713 1579; baseline -0.004 -15"><span class='ocrx_word' id='word_1_136' title='bbox 332 1521 445 1565; x_wconf 85' lang='lat' dir='ltr'>inter</span> <span class='ocrx_word' id='word_1_137' title='bbox 466 1518 546 1564; x_wconf 79' lang='lat' dir='ltr'>Dei</span> <span class='ocrx_word' id='word_1_138' title='bbox 570 1533 749 1562; x_wconf 88' lang='lat' dir='ltr'>munera</span> <span class='ocrx_word' id='word_1_139' title='bbox 768 1515 964 1579; x_wconf 79' lang='lat' dir='ltr'>reperiri,</span> <span class='ocrx_word' id='word_1_140' title='bbox 990 1531 1091 1578; x_wconf 79' lang='lat' dir='ltr'>quae</span> <span class='ocrx_word' id='word_1_141' title='bbox 1112 1514 1274 1559; x_wconf 83' lang='lat' dir='ltr'>dantur</span> <span class='ocrx_word' id='word_1_142' title='bbox 1296 1514 1341 1559; x_wconf 92' lang='lat' dir='ltr'>in</span> <span class='ocrx_word' id='word_1_143' title='bbox 1364 1513 1515 1559; x_wconf 89' lang='lat' dir='ltr'>eodem</span> <span class='ocrx_word' id='word_1_144' title='bbox 1540 1512 1713 1576; x_wconf 88' lang='lat' dir='ltr'>spiritu.</span> 
     </span>
     <span class='ocr_line' id='line_1_19' title="bbox 332 1581 1720 1652; baseline -0.005 -17"><span class='ocrx_word' id='word_1_145' title='bbox 332 1591 580 1652; x_wconf 86' lang='lat' dir='ltr'>Utrumque</span> <span class='ocrx_word' id='word_1_146' title='bbox 600 1604 701 1647; x_wconf 83' lang='lat' dir='ltr'>ergo</span> <span class='ocrx_word' id='word_1_147' title='bbox 716 1597 913 1632; x_wconf 82' lang='lat' dir='ltr'>nostrum</span> <span class='ocrx_word' id='word_1_148' title='bbox 940 1596 1002 1631; x_wconf 80' lang='lat' dir='ltr'>est</span> <span class='ocrx_word' id='word_1_149' title='bbox 1020 1595 1204 1648; x_wconf 87' lang='lat' dir='ltr'>propter</span> <span class='ocrx_word' id='word_1_150' title='bbox 1224 1584 1454 1630; x_wconf 83' lang='lat' dir='ltr'>arbitrium</span> <span class='ocrx_word' id='word_1_151' title='bbox 1469 1581 1720 1638; x_wconf 81' lang='lat' dir='ltr'>voluntatis,</span> 
     </span>
     <span class='ocr_line' id='line_1_20' title="bbox 337 1653 1722 1721; baseline -0.004 -16"><span class='ocrx_word' id='word_1_152' title='bbox 337 1671 380 1705; x_wconf 83' lang='lat' dir='ltr'>et</span> <span class='ocrx_word' id='word_1_153' title='bbox 395 1670 632 1721; x_wconf 89' lang='lat' dir='ltr'>utrumque</span> <span class='ocrx_word' id='word_1_154' title='bbox 653 1668 798 1702; x_wconf 88' lang='lat' dir='ltr'>tamen</span> <span class='ocrx_word' id='word_1_155' title='bbox 833 1655 985 1702; x_wconf 84' lang='lat' dir='ltr'>datum</span> <span class='ocrx_word' id='word_1_156' title='bbox 1011 1667 1072 1701; x_wconf 85' lang='lat' dir='ltr'>est</span> <span class='ocrx_word' id='word_1_157' title='bbox 1104 1673 1183 1719; x_wconf 88' lang='lat' dir='ltr'>per</span> <span class='ocrx_word' id='word_1_158' title='bbox 1199 1655 1406 1718; x_wconf 84' lang='lat' dir='ltr'>spiritum</span> <span class='ocrx_word' id='word_1_159' title='bbox 1427 1653 1530 1700; x_wconf 85' lang='lat' dir='ltr'>fidei</span> <span class='ocrx_word' id='word_1_160' title='bbox 1555 1663 1597 1699; x_wconf 88' lang='lat' dir='ltr'>et</span> <span class='ocrx_word' id='word_1_161' title='bbox 1618 1653 1722 1699; x_wconf 83' lang='lat' dir='ltr'>cha-</span> 
     </span>
     <span class='ocr_line' id='line_1_21' title="bbox 337 1725 1719 1791; baseline -0.006 -15"><span class='ocrx_word' id='word_1_162' title='bbox 337 1731 489 1776; x_wconf 80' lang='lat' dir='ltr'>ritatis.</span> <span class='ocrx_word' id='word_1_163' title='bbox 522 1730 674 1791; x_wconf 59' lang='lat' dir='ltr'>Reque</span> <span class='ocrx_word' id='word_1_164' title='bbox 688 1727 803 1773; x_wconf 88' lang='lat' dir='ltr'>enim</span> <span class='ocrx_word' id='word_1_165' title='bbox 819 1726 908 1772; x_wconf 79' lang='lat' dir='ltr'>sola</span> <span class='ocrx_word' id='word_1_166' title='bbox 925 1726 1134 1780; x_wconf 85' lang='lat' dir='ltr'>charitas,</span> <span class='ocrx_word' id='word_1_167' title='bbox 1163 1726 1236 1771; x_wconf 82' lang='lat' dir='ltr'>secl</span> <span class='ocrx_word' id='word_1_168' title='bbox 1261 1726 1374 1772; x_wconf 85' lang='lat' dir='ltr'>sicut</span> <span class='ocrx_word' id='word_1_169' title='bbox 1391 1725 1604 1788; x_wconf 85' lang='lat' dir='ltr'>scriptum</span> <span class='ocrx_word' id='word_1_170' title='bbox 1624 1733 1687 1769; x_wconf 86' lang='lat' dir='ltr'>est</span> <span class='ocrx_word' id='word_1_171' title='bbox 1708 1740 1719 1768; x_wconf 92' lang='lat'><strong>:</strong></span> 
     </span>
     <span class='ocr_line' id='line_1_22' title="bbox 345 1794 1723 1847; baseline -0.002 -4"><span class='ocrx_word' id='word_1_172' title='bbox 345 1825 364 1843; x_wconf 55' lang='lat' dir='ltr'>n</span> <span class='ocrx_word' id='word_1_173' title='bbox 384 1800 585 1847; x_wconf 80' lang='lat' dir='ltr'>Charitas</span> <span class='ocrx_word' id='word_1_174' title='bbox 609 1815 710 1844; x_wconf 84' lang='lat' dir='ltr'>cum</span> <span class='ocrx_word' id='word_1_175' title='bbox 745 1798 830 1844; x_wconf 86' lang='lat' dir='ltr'>fide</span> <span class='ocrx_word' id='word_1_176' title='bbox 852 1815 875 1842; x_wconf 87' lang='lat' dir='ltr'>a</span> <span class='ocrx_word' id='word_1_177' title='bbox 894 1798 987 1843; x_wconf 89' lang='lat' dir='ltr'>Deo</span> <span class='ocrx_word' id='word_1_178' title='bbox 1012 1799 1141 1843; x_wconf 85' lang='lat' dir='ltr'>Patre</span> <span class='ocrx_word' id='word_1_179' title='bbox 1166 1807 1208 1842; x_wconf 85' lang='lat' dir='ltr'>et</span> <span class='ocrx_word' id='word_1_180' title='bbox 1235 1797 1427 1842; x_wconf 90' lang='lat' dir='ltr'>Domino</span> <span class='ocrx_word' id='word_1_181' title='bbox 1450 1805 1598 1841; x_wconf 87' lang='lat' dir='ltr'>nostro</span> <span class='ocrx_word' id='word_1_182' title='bbox 1621 1794 1723 1840; x_wconf 82' lang='lat' dir='ltr'>Jesu</span> 
     </span>
     <span class='ocr_line' id='line_1_23' title="bbox 343 1869 656 1918; baseline -0.013 1"><span class='ocrx_word' id='word_1_183' title='bbox 343 1895 364 1916; x_wconf 64' lang='lat'>&gt;³</span> <span class='ocrx_word' id='word_1_184' title='bbox 384 1871 562 1918; x_wconf 72' lang='lat' dir='ltr'>Christo</span> <span class='ocrx_word' id='word_1_185' title='bbox 577 1869 610 1916; x_wconf 74' lang='lat'>3.</span> <span class='ocrx_word' id='word_1_186' title='bbox 636 1892 656 1911; x_wconf 84' lang='lat'>»</span> 
     </span>
    </p>

    <p class='ocr_par' dir='ltr' id='par_1_3' title="bbox 341 1938 1736 2634">
     <span class='ocr_line' id='line_1_24' title="bbox 408 1938 1726 2004; baseline -0.006 -15"><span class='ocrx_word' id='word_1_187' title='bbox 408 1944 491 1989; x_wconf 84' lang='lat' dir='ltr'>lll.</span> <span class='ocrx_word' id='word_1_188' title='bbox 518 1943 573 1987; x_wconf 86' lang='lat' dir='ltr'>Et</span> <span class='ocrx_word' id='word_1_189' title='bbox 590 1940 710 2004; x_wconf 88' lang='lat' dir='ltr'>quod</span> <span class='ocrx_word' id='word_1_190' title='bbox 728 1939 860 2002; x_wconf 88' lang='lat' dir='ltr'>paulo</span> <span class='ocrx_word' id='word_1_191' title='bbox 880 1951 981 2003; x_wconf 81' lang='lat' dir='ltr'>post</span> <span class='ocrx_word' id='word_1_192' title='bbox 999 1939 1104 1995; x_wconf 85' lang='lat' dir='ltr'>dixi,</span> <span class='ocrx_word' id='word_1_193' title='bbox 1127 1944 1355 1985; x_wconf 79' lang='lat' dir='ltr'>Nostrum</span> <span class='ocrx_word' id='word_1_194' title='bbox 1374 1949 1445 1984; x_wconf 82' lang='lat' dir='ltr'>est</span> <span class='ocrx_word' id='word_1_195' title='bbox 1466 1938 1590 1983; x_wconf 80' lang='lat' dir='ltr'>enim</span> <span class='ocrx_word' id='word_1_196' title='bbox 1626 1953 1726 1982; x_wconf 84' lang='lat' dir='ltr'>cre-</span> 
     </span>
     <span class='ocr_line' id='line_1_25' title="bbox 345 2007 1727 2066; baseline -0.006 -7"><span class='ocrx_word' id='word_1_197' title='bbox 345 2016 452 2059; x_wconf 70' lang='lat' dir='ltr'>clere</span> <span class='ocrx_word' id='word_1_198' title='bbox 470 2023 516 2057; x_wconf 82' lang='lat' dir='ltr'>et</span> <span class='ocrx_word' id='word_1_199' title='bbox 530 2011 658 2066; x_wconf 73' lang='lat' dir='ltr'>velle,</span> <span class='ocrx_word' id='word_1_200' title='bbox 682 2010 806 2055; x_wconf 73' lang='lat' dir='ltr'>illius</span> <span class='ocrx_word' id='word_1_201' title='bbox 824 2022 984 2055; x_wconf 75' lang='lat' dir='ltr'>autem</span> <span class='ocrx_word' id='word_1_202' title='bbox 1004 2010 1120 2055; x_wconf 74' lang='lat' dir='ltr'>clare</span> <span class='ocrx_word' id='word_1_203' title='bbox 1143 2009 1443 2055; x_wconf 76' lang='lat' dir='ltr'>credentibus</span> <span class='ocrx_word' id='word_1_204' title='bbox 1465 2019 1511 2053; x_wconf 81' lang='lat' dir='ltr'>et</span> <span class='ocrx_word' id='word_1_205' title='bbox 1534 2007 1727 2053; x_wconf 77' lang='lat' dir='ltr'>volemi-</span> 
     </span>
     <span class='ocr_line' id='line_1_26' title="bbox 346 2080 1728 2145; baseline -0.005 -16"><span class='ocrx_word' id='word_1_206' title='bbox 346 2086 430 2130; x_wconf 63' lang='grc' dir='ltr'>[ηις</span> <span class='ocrx_word' id='word_1_207' title='bbox 448 2082 737 2145; x_wconf 61' lang='lat' dir='ltr'>simultatem</span> <span class='ocrx_word' id='word_1_208' title='bbox 761 2081 878 2125; x_wconf 78' lang='lat' dir='ltr'>bene</span> <span class='ocrx_word' id='word_1_209' title='bbox 897 2080 1127 2144; x_wconf 71' lang='lat' dir='ltr'>operandi</span> <span class='ocrx_word' id='word_1_210' title='bbox 1147 2098 1237 2144; x_wconf 79' lang='lat' dir='ltr'>per</span> <span class='ocrx_word' id='word_1_211' title='bbox 1257 2084 1485 2143; x_wconf 78' lang='lat' dir='ltr'>Spiritum</span> <span class='ocrx_word' id='word_1_212' title='bbox 1498 2090 1728 2132; x_wconf 74' lang='lat' dir='ltr'>sanetum,</span> 
     </span>
     <span class='ocr_line' id='line_1_27' title="bbox 341 2150 1726 2219; baseline -0.005 -20"><span class='ocrx_word' id='word_1_213' title='bbox 341 2170 591 2219; x_wconf 74' lang='lat' dir='ltr'>perquem</span> <span class='ocrx_word' id='word_1_214' title='bbox 628 2152 841 2197; x_wconf 77' lang='lat' dir='ltr'>clzarc&#39;lczs</span> <span class='ocrx_word' id='word_1_215' title='bbox 879 2150 1161 2213; x_wconf 64' lang='lat' dir='ltr'>clq&#39;ffc&#39;tlzdz&#39;car</span> <span class='ocrx_word' id='word_1_216' title='bbox 1191 2153 1238 2196; x_wconf 79' lang='grc' dir='ltr'><em>ιή</em></span> <span class='ocrx_word' id='word_1_217' title='bbox 1275 2150 1499 2197; x_wconf 80' lang='lat' dir='ltr'>cordibus</span> <span class='ocrx_word' id='word_1_218' title='bbox 1533 2153 1726 2203; x_wconf 81' lang='lat' dir='ltr'>nostris,</span> 
     </span>
     <span class='ocr_line' id='line_1_28' title="bbox 351 2219 1729 2286; baseline -0.005 -14"><span class='ocrx_word' id='word_1_219' title='bbox 351 2243 500 2272; x_wconf 78' lang='lat' dir='ltr'>verum</span> <span class='ocrx_word' id='word_1_220' title='bbox 521 2235 582 2270; x_wconf 84' lang='lat' dir='ltr'>est</span> <span class='ocrx_word' id='word_1_221' title='bbox 608 2222 805 2286; x_wconf 81' lang='lat' dir='ltr'>quidem,</span> <span class='ocrx_word' id='word_1_222' title='bbox 830 2221 903 2268; x_wconf 85' lang='lat' dir='ltr'>sed</span> <span class='ocrx_word' id='word_1_223' title='bbox 922 2221 1070 2268; x_wconf 88' lang='lat' dir='ltr'>eadem</span> <span class='ocrx_word' id='word_1_224' title='bbox 1091 2221 1257 2282; x_wconf 78' lang='lat' dir='ltr'>regula,</span> <span class='ocrx_word' id='word_1_225' title='bbox 1279 2232 1320 2267; x_wconf 86' lang='lat' dir='ltr'>et</span> <span class='ocrx_word' id='word_1_226' title='bbox 1338 2232 1573 2284; x_wconf 88' lang='lat' dir='ltr'>utrumque</span> <span class='ocrx_word' id='word_1_227' title='bbox 1594 2219 1729 2283; x_wconf 86' lang='lat' dir='ltr'>ipsius</span> 
     </span>
     <span class='ocr_line' id='line_1_29' title="bbox 351 2293 1729 2360; baseline -0.005 -17"><span class='ocrx_word' id='word_1_228' title='bbox 351 2309 429 2352; x_wconf 79' lang='lat' dir='ltr'>est,</span> <span class='ocrx_word' id='word_1_229' title='bbox 471 2296 576 2360; x_wconf 84' lang='lat' dir='ltr'>quia</span> <span class='ocrx_word' id='word_1_230' title='bbox 609 2295 701 2357; x_wconf 79' lang='lat' dir='ltr'>ipse</span> <span class='ocrx_word' id='word_1_231' title='bbox 728 2303 954 2356; x_wconf 77' lang='lat' dir='ltr'>praeparat</span> <span class='ocrx_word' id='word_1_232' title='bbox 977 2293 1247 2339; x_wconf 85' lang='lat' dir='ltr'>voluntatem</span> <span class='ocrx_word' id='word_1_233' title='bbox 1276 2312 1287 2347; x_wconf 89' lang='lat'>;</span> <span class='ocrx_word' id='word_1_234' title='bbox 1311 2304 1352 2338; x_wconf 88' lang='lat' dir='ltr'>et</span> <span class='ocrx_word' id='word_1_235' title='bbox 1375 2303 1611 2355; x_wconf 86' lang='lat' dir='ltr'>utrumque</span> <span class='ocrx_word' id='word_1_236' title='bbox 1633 2307 1729 2336; x_wconf 81' lang='lat' dir='ltr'>nos-</span> 
     </span>
     <span class='ocr_line' id='line_1_30' title="bbox 354 2361 1731 2428; baseline -0.004 -15"><span class='ocrx_word' id='word_1_237' title='bbox 354 2381 488 2422; x_wconf 87' lang='lat' dir='ltr'>trum,</span> <span class='ocrx_word' id='word_1_238' title='bbox 528 2366 633 2428; x_wconf 86' lang='lat' dir='ltr'>quia</span> <span class='ocrx_word' id='word_1_239' title='bbox 668 2381 755 2410; x_wconf 86' lang='lat' dir='ltr'>nou</span> <span class='ocrx_word' id='word_1_240' title='bbox 796 2365 845 2409; x_wconf 87' lang='lat' dir='ltr'>fit</span> <span class='ocrx_word' id='word_1_241' title='bbox 871 2364 951 2409; x_wconf 83' lang='lat' dir='ltr'>nisi</span> <span class='ocrx_word' id='word_1_242' title='bbox 976 2363 1226 2410; x_wconf 85' lang='lat' dir='ltr'>volentibus</span> <span class='ocrx_word' id='word_1_243' title='bbox 1261 2363 1404 2409; x_wconf 84' lang='lat' dir='ltr'>nobis.</span> <span class='ocrx_word' id='word_1_244' title='bbox 1439 2365 1499 2409; x_wconf 88' lang='lat' dir='ltr'>Ac</span> <span class='ocrx_word' id='word_1_245' title='bbox 1535 2379 1614 2426; x_wconf 87' lang='lat' dir='ltr'>per</span> <span class='ocrx_word' id='word_1_246' title='bbox 1643 2361 1731 2407; x_wconf 90' lang='lat' dir='ltr'>hoc</span> 
     </span>
     <span class='ocr_line' id='line_1_31' title="bbox 344 2435 1732 2503; baseline -0.003 -21"><span class='ocrx_word' id='word_1_247' title='bbox 344 2438 472 2503; x_wconf 59' lang='lat' dir='ltr'>quod</span> <span class='ocrx_word' id='word_1_248' title='bbox 499 2438 627 2483; x_wconf 88' lang='lat' dir='ltr'>etiam</span> <span class='ocrx_word' id='word_1_249' title='bbox 651 2446 798 2498; x_wconf 78' lang='lat' dir='ltr'>postea</span> <span class='ocrx_word' id='word_1_250' title='bbox 814 2435 919 2492; x_wconf 84' lang='lat' dir='ltr'>dixi,</span> <span class='ocrx_word' id='word_1_251' title='bbox 950 2436 1204 2494; x_wconf 69' lang='lat' dir='ltr'>Quc&#39;avelle</span> <span class='ocrx_word' id='word_1_252' title='bbox 1222 2438 1584 2499; x_wconf 75' lang='lat' dir='ltr'>possumusnc&#39;sz‘</span> <span class='ocrx_word' id='word_1_253' title='bbox 1599 2450 1732 2479; x_wconf 79' lang='lat' dir='ltr'>voce-</span> 
     </span>
     <span class='ocr_line' id='line_1_32' title="bbox 354 2505 1736 2568; baseline -0.006 -14"><span class='ocrx_word' id='word_1_254' title='bbox 354 2526 473 2564; x_wconf 75' lang='lat' dir='ltr'>mur,</span> <span class='ocrx_word' id='word_1_255' title='bbox 497 2518 543 2552; x_wconf 75' lang='lat' dir='ltr'>et</span> <span class='ocrx_word' id='word_1_256' title='bbox 563 2524 669 2552; x_wconf 77' lang='lat' dir='ltr'>cum</span> <span class='ocrx_word' id='word_1_257' title='bbox 687 2518 797 2568; x_wconf 73' lang='lat' dir='ltr'>post</span> <span class='ocrx_word' id='word_1_258' title='bbox 813 2511 1100 2552; x_wconf 68' lang='lat' dir='ltr'>vocationem</span> <span class='ocrx_word' id='word_1_259' title='bbox 1125 2507 1424 2562; x_wconf 69' lang='lat' dir='ltr'>voluerimus,</span> <span class='ocrx_word' id='word_1_260' title='bbox 1442 2522 1534 2551; x_wconf 79' lang='lat' dir='ltr'>non</span> <span class='ocrx_word' id='word_1_261' title='bbox 1558 2505 1736 2565; x_wconf 75' lang='lat' dir='ltr'>sufficit</span> 
     </span>
     <span class='ocr_line' id='line_1_33' title="bbox 351 2577 1732 2634; baseline -0.006 -8"><span class='ocrx_word' id='word_1_262' title='bbox 351 2580 568 2626; x_wconf 72' lang='lat' dir='ltr'>voluntas</span> <span class='ocrx_word' id='word_1_263' title='bbox 585 2588 745 2623; x_wconf 76' lang='lat' dir='ltr'>nostra</span> <span class='ocrx_word' id='word_1_264' title='bbox 766 2589 813 2623; x_wconf 81' lang='lat' dir='ltr'>et</span> <span class='ocrx_word' id='word_1_265' title='bbox 830 2595 991 2624; x_wconf 77' lang='lat' dir='ltr'>cursus</span> <span class='ocrx_word' id='word_1_266' title='bbox 1004 2589 1175 2634; x_wconf 80' lang='lat' dir='ltr'>noster,</span> <span class='ocrx_word' id='word_1_267' title='bbox 1191 2580 1283 2623; x_wconf 81' lang='lat' dir='ltr'>nisi</span> <span class='ocrx_word' id='word_1_268' title='bbox 1302 2583 1428 2624; x_wconf 76' lang='lat' dir='ltr'>Deus</span> <span class='ocrx_word' id='word_1_269' title='bbox 1447 2587 1492 2622; x_wconf 84' lang='lat' dir='ltr'>et</span> <span class='ocrx_word' id='word_1_270' title='bbox 1508 2577 1619 2622; x_wconf 75' lang='lat' dir='ltr'>vires</span> <span class='ocrx_word' id='word_1_271' title='bbox 1632 2590 1732 2619; x_wconf 84' lang='lat' dir='ltr'>cur-</span> 
     </span>
    </p>
   </div>
   <div class='ocr_carea' id='block_1_3' title="bbox 404 2658 1340 2704">
    <p class='ocr_par' dir='ltr' id='par_1_4' title="bbox 404 2658 1340 2704">
     <span class='ocr_line' id='line_1_34' title="bbox 404 2658 1340 2704; baseline -0.003 -11"><span class='ocrx_word' id='word_1_272' title='bbox 404 2665 414 2685; x_wconf 83' lang='lat'>¹</span> <span class='ocrx_word' id='word_1_273' title='bbox 428 2666 520 2693; x_wconf 78' lang='lat' dir='ltr'>Rom.</span> <span class='ocrx_word' id='word_1_274' title='bbox 536 2671 581 2699; x_wconf 70' lang='lat' dir='ltr'>xl,</span> <span class='ocrx_word' id='word_1_275' title='bbox 602 2662 688 2693; x_wconf 86' lang='lat'>5.—</span> <span class='ocrx_word' id='word_1_276' title='bbox 704 2658 719 2681; x_wconf 86' lang='lat'><strong>2</strong></span> <span class='ocrx_word' id='word_1_277' title='bbox 741 2672 748 2690; x_wconf 86' lang='lat'>1</span> <span class='ocrx_word' id='word_1_278' title='bbox 774 2662 851 2695; x_wconf 85' lang='lat' dir='ltr'>Cor.</span> <span class='ocrx_word' id='word_1_279' title='bbox 872 2672 932 2700; x_wconf 66' lang='grc' dir='ltr'>ΧΠ,</span> <span class='ocrx_word' id='word_1_280' title='bbox 952 2663 984 2693; x_wconf 84' lang='grc'>6.</span> <span class='ocrx_word' id='word_1_281' title='bbox 1005 2678 1047 2685; x_wconf 89' lang='grc'>--</span> <span class='ocrx_word' id='word_1_282' title='bbox 1063 2658 1076 2683; x_wconf 80' lang='lat'>3</span> <span class='ocrx_word' id='word_1_283' title='bbox 1092 2659 1207 2704; x_wconf 71' lang='lat' dir='ltr'>Ephes.</span> <span class='ocrx_word' id='word_1_284' title='bbox 1224 2672 1269 2701; x_wconf 65' lang='lat' dir='ltr'>vr,</span> <span class='ocrx_word' id='word_1_285' title='bbox 1287 2661 1340 2691; x_wconf 76' lang='lat'>23.</span> 
     </span>
    </p>
   </div>
  </div>
 </body>
</html>
