1769 3235
354 244 415 291 82
765 260 799 288 s,
843 257 1085 288 aueusrim
1120 256 1299 287 Episcoi
1307 257 1321 286 1

358 322 581 382 »justitiae
604 321 684 367 Dei
711 339 799 367 non
837 332 938 367 sunt
976 320 1206 381 subjecti1.
1236 342 1256 363 »
1298 319 1377 365 Dei
1413 321 1579 384 quippe
1619 320 1726 367 dixit
1760 331 1769 376 {l

350 392 590 453 J'ustitiam,
620 408 729 455 quae
757 392 927 437 homini
958 408 1006 437 ex
1038 393 1129 438 Deo
1152 401 1239 446 est3
1277 406 1397 435 suam
1430 408 1556 445 vero,
1593 406 1769 454 quam
1760 425 1769 455 ,41

354 472 515 525 putant
536 462 618 508 sibi
643 461 835 508 sufficere
860 461 914 507 ad
941 461 1139 507 facienda
1167 460 1369 506 mandata
1393 461 1482 507 sine
1504 461 1725 520 adjutorio
1759 460 1769 518 ἐξ

353 541 395 577 et
418 532 534 583 dono
557 535 676 591 eJus‚
701 532 777 594 qui
794 533 950 590 Legem
975 530 1109 577 dedit.
1142 531 1218 576 His
1244 541 1384 575 autem
1408 530 1565 576 similes
1590 540 1721 587 sunt,
1759 531 1769 598 {i

350 602 429 665 qui
466 618 565 647 eum
606 602 894 664 profiteantur
932 617 973 646 se
1012 617 1098 646 esse
1123 600 1418 656 Christianos,
1459 599 1543 662 ipsi
1577 600 1726 659 gratiae
1759 603 1769 654 {1⁴

352 671 519 716 Christi
554 670 615 716 sic
647 670 930 717 adversantur
950 707 961 726 ‚
1000 680 1048 715 ut
1086 687 1127 715 se
1161 669 1366 715 humanis
1387 669 1556 715 viribus
1579 669 1726 715 divina
1758 686 1769 734 ¹³,

347 740 588 786 existiment
618 740 801 804 implere
825 740 1029 786 mandata
1048 762 1057 795 3
1082 757 1132 786 ac
1153 740 1214 785 sic
1231 741 1360 786 etiam
1381 739 1461 803 ipsi
1483 739 1726 799 ignorantes
1759 739 1769 788 ³²

347 809 653 870 Deijustitium
672 847 682 864 ‚
710 821 752 856 et
772 827 892 856 suam
914 810 1105 856 volentes
1130 810 1391 855 constituere
1410 845 1420 865 ‚
1447 808 1628 869 Justitiae
1645 809 1726 855 Dei
1757 802 1769 859 -i

345 897 435 926 non
474 892 575 927 sunt
608 881 817 941 subjecti,
847 892 889 926 et
912 898 999 927 non
1024 880 1199 944 quidem
1238 880 1439 933 nomine,
1478 878 1551 924 sed
1582 889 1723 925 tamen
1757 866 1769 941 ‘l

345 966 491 996 errore
515 950 762 1010 Juda'izant.
790 951 887 996 Hoc
907 967 1039 1011 genus
1066 950 1297 996 hominum
1327 950 1471 1012 capita
1495 949 1579 994 sibi
1599 950 1724 995 inve-
1767 947 1769 963 ¹

343 1032 466 1066 nerat
492 1020 717 1080 Pelagium
738 1031 779 1066 et
801 1020 1074 1071 Coelesfflum,
1096 1019 1332 1082 impietatis
1354 1018 1486 1078 huJ'us
1501 1029 1724 1065 assertores
1756 1037 1769 1072 ς

344 1091 591 1137 acerrimos.
620 1090 707 1146 Qui
728 1089 890 1136 recenti
904 1089 1075 1149 judicio
1098 1089 1176 1134 Dei
1196 1105 1274 1152 per
1294 1088 1518 1149 diligentes
1544 1098 1585 1134 et
1611 1088 1723 1134 fide-
1756 1103 1769 1127 κ

340 1158 401 1206 les
423 1177 565 1206 servos
589 1163 679 1220 ejus
696 1160 826 1206 etiam
850 1160 1070 1206 catholica
1091 1159 1398 1205 communione
1419 1157 1580 1221 privati
1599 1168 1718 1214 sunt,
1756 1160 1769 1210 ,J

345 1240 388 1276 et
407 1241 592 1294 propter
610 1248 685 1276 cor
707 1231 991 1294 impoenitens
1016 1229 1163 1276 adhuc
1180 1230 1224 1276 in
1237 1246 1313 1275 sua
1333 1228 1611 1275 damnatione
1627 1245 1722 1292 per·
1754 1227 1769 1273 ῥ’

344 1311 517 1347 Sistunt.

401 1370 525 1417 VIII.
559 1371 752 1434 Qusquis
770 1371 827 1416 ab
860 1371 942 1417 isto
974 1371 1137 1417 carnali
1159 1381 1201 1416 et
1237 1370 1435 1426 animali,
1467 1381 1594 1434 atque
1622 1369 1721 1417 ideo
1754 1375 1769 1429 ζιι

334 1457 425 1487 non
459 1441 676 1487 immerito
713 1441 1046 1504 reprehensibili
1078 1452 1207 1504 atque
1231 1439 1472 1486 damnabili
1500 1439 1721 1500 judaismo
1753 1450 1769 1498 t·

332 1527 421 1557 esse
442 1513 601 1575 quaerit
623 1510 788 1556 alienus
803 1547 814 1566 ‚
842 1528 930 1557 non
949 1511 1086 1557 solum
1111 1521 1272 1557 veteres
1290 1510 1384 1556 illas
1402 1510 1720 1556 observationes
1753 1501 1769 1554 3*

341 1598 364 1627 a
392 1598 435 1627 se
459 1580 600 1626 facere
626 1580 756 1626 debet
776 1580 958 1637 alienas,
982 1599 1082 1645 quae
1100 1585 1192 1641 jam
1226 1580 1415 1627 revelato
1442 1580 1718 1626 Testamento
1751 1566 1756 1627 i

336 1650 483 1707 Novo,
504 1662 652 1714 postea
679 1667 813 1713 quam
834 1663 1045 1696 venerunt
1065 1669 1134 1707 ea,
1157 1667 1256 1714 quae
1276 1668 1354 1714 per
1379 1649 1475 1695 illas
1497 1649 1719 1709 significa·
1752 1647 1755 1693 l

335 1720 503 1766 bantur
527 1737 614 1766 esse
636 1720 783 1766 futura
800 1757 810 1776 ‚
837 1722 992 1784 procul
1008 1721 1146 1767 dubio
1167 1738 1254 1766 esse
1273 1719 1523 1766 necessariae
1541 1719 1719 1765 destite-
1751 1743 1755 1784 ς

334 1801 465 1847 runt,
490 1802 540 1837 ut
558 1809 645 1838 non
662 1791 949 1851 Judiceturin
976 1794 1078 1839 cibo
1105 1804 1146 1838 et
1174 1800 1311 1856 potu,
1342 1802 1383 1837 et
1419 1792 1464 1837 in
1483 1801 1607 1854 parte
1629 1791 1716 1838 diei
1750 1789 1755 1842 i

332 1861 426 1909 festi
447 1872 489 1907 et
513 1863 750 1908 neomenias
778 1873 820 1909 et
842 1864 1150 1920 sabbatorum,
1178 1862 1297 1926 quod
1323 1872 1385 1908 est
1407 1862 1564 1907 umbra
1588 1861 1717 1908 futu-
1750 1892 1755 1920 f

332 1933 543 1978 rorum2:
573 1933 854 1978 verumetiam
895 1933 996 1990 illa,
1031 1951 1134 1997 quae
1174 1933 1220 1979 in
1254 1935 1366 1993 Lege
1399 1933 1459 1978 ita
1492 1943 1714 1996 praecepta
1750 1931 1754 1978 ὲ

332 2013 436 2048 sunt
455 2039 465 2057 ‚
499 2013 548 2047 ut
566 2003 737 2049 valeant
755 2003 809 2048 ad
830 2003 1130 2050 informandos
1153 2020 1292 2049 mores
1307 2002 1518 2057 fidelium,
1545 2002 1610 2066 (id
1631 2014 1712 2061 est,

334 2084 383 2120 ut
418 2073 679 2133 abnegantes
717 2073 1008 2137 impietatem,
1051 2085 1092 2120 et
1128 2074 1354 2120 saeculares
1391 2073 1678 2136 cupiditates-³
1702 2111 1714 2131 ,
1748 2135 1750 2139 ,

333 2154 625 2206 temperanter
648 2154 690 2189 et
700 2147 813 2204 juste
832 2155 874 2190 et
897 2145 967 2208 pie
999 2145 1196 2191 vivamus
1216 2145 1262 2190 in
1284 2144 1371 2189 hoc
1394 2144 1553 2190 saeculo
1568 2181 1579 2200 ‚
1598 2144 1716 2191 unde
1748 2152 1751 2194 ἒ

333 2224 395 2261 est
420 2214 549 2259 etiam
586 2214 673 2260 hoc
711 2215 830 2278 quod
869 2233 916 2261 ex
951 2217 1064 2275 Lege
1102 2215 1282 2261 maxime
1313 2213 1714 2260 commendandum
1747 2233 1751 2258 .’

331 2286 457 2347 elegit
478 2285 733 2349 Apostolus
773 2287 911 2332 «Non
942 2285 1285 2350 concupisces&
1308 2307 1328 2327 n
1355 2296 1396 2331 et
1422 2301 1715 2349 quaecumque
1747 2311 1750 2315 ·

333 2358 387 2404 de
412 2360 503 2403 Deo
525 2367 568 2401 et
586 2357 783 2419 proximo
805 2356 1026 2417 diligendo
1051 2358 1140 2403 sine
1166 2357 1264 2403 ullis
1287 2355 1436 2417 figuris
1464 2371 1714 2402 sacramen·
1746 2366 1749 2390 ὲ

331 2440 475 2476 torum
501 2438 826 2492 praempiuntur
840 2445 885 2474 m
902 2429 1010 2489 lege,
1038 2429 1082 2474 in
1097 2429 1262 2493 quibus
1280 2427 1456 2474 duobus
1478 2432 1711 2492 praeceptis
1745 2415 1748 2473 i

378 2531 512 2561 ¹Rom.
545 2538 588 2566 x,
616 2530 646 2558 3
673 2544 716 2552 -
746 2525 761 2550 2
791 2527 909 2560 Coloss
939 2539 993 2570 11,
1031 2529 1082 2560 16.
1108 2545 1151 2553 -
1187 2525 1201 2551 ³
1231 2528 1297 2562 Tit.
1331 2539 1385 2570 ιι
1423 2538 1477 2562 12.
1507 2525 1700 2563 —⁴Rom.

328 2583 675 2626 v11,7,etExod,xx‚
699 2584 751 2615 13.
