1769 3235
358 262 444 310 138
770 277 803 308 s.
849 275 1092 308 mensum
1128 277 1330 309 EPISCOPt

347 359 525 402 regnum
550 360 636 390 esse
667 343 952 408 promissum,
982 360 1115 407 quam
1143 344 1353 390 fallaciter
1380 344 1609 391 dicebatur
1633 345 1719 392 cito
1755 327 1760 395 l

348 428 433 458 esse
453 425 699 461 venturum.
729 413 817 471 Qui
836 423 976 459 autem
1002 414 1186 460 credunt
1215 415 1330 479 quod
1352 415 1568 461 secundus
1587 417 1718 472 dicit,
1755 396 1760 480 l

351 483 515 530 tardius
535 485 769 530 Dominum
801 501 886 529 esse
903 495 1132 530 venturum
1148 522 1158 540 ,
1181 486 1214 530 si
1243 485 1397 530 falsum
1417 485 1549 530 fuerit
1566 486 1724 531 inven-
1756 488 1759 542 ξ

353 564 447 599 tum
466 555 592 600 citius
619 555 807 600 Domino
832 555 1051 610 veniente,
1075 556 1195 601 nullo
1219 555 1348 600 modo
1365 556 1442 619 qui
1466 556 1503 600 ei
1528 555 1727 601 credide-
1755 548 1765 619 ξ

353 634 452 669 rant
486 624 783 670 turbabuntur
818 624 862 669 in
904 624 1016 680 fide,
1051 624 1124 670 sed
1166 625 1393 687 inopinato
1431 624 1590 685 gaudio
1623 641 1727 688 per·
1755 630 1759 660 ἒ

353 692 570 741 fruentur.
1755 679 1769 732 ξ’

421 764 534 812 LlV.
565 766 848 828 Quapropter
868 765 945 828 qui
970 764 1079 810 dicit
1104 764 1342 810 Dominum
1371 764 1498 810 citius
1517 781 1603 810 esse
1624 781 1732 810 ven-
1756 759 1769 814 li

359 845 524 892 turum,
549 837 787 900 optabilius
812 836 1026 899 loquitur,
1046 835 1117 881 sed
1135 835 1424 899 periculosius
1447 835 1623 881 fallitur.
1642 835 1734 881 Uti-
1755 832 1769 904 {i

358 923 458 951 nam
479 923 578 966 ergo
597 907 651 951 sit
670 924 817 952 verum
839 926 849 960 ;
876 906 979 969 quia
1003 906 1083 951 erit
1105 905 1350 961 molestum,
1380 907 1413 952 si
1448 923 1536 951 non
1561 906 1641 951 erit
1660 922 1730 952 ve·
1756 924 1769 956 i

359 993 473 1023 rum.
499 977 587 1032 Oui
619 988 759 1022 autem
783 977 891 1022 dicit
920 976 1154 1022 Dominum
1179 976 1347 1021 tardius
1371 994 1460 1023 esse
1484 987 1738 1033 venturum,
1755 979 1769 1025 ll

359 1058 401 1091 et
425 1058 566 1092 tamen
585 1047 740 1103 credit,
762 1058 923 1110 sperat,
960 1059 1075 1093 amat
1109 1051 1201 1107 ers
1243 1047 1326 1092 adv
1332 1058 1501 1103 cutum,
1547 1047 1759 1133 profecto}

360 1117 414 1162 de
439 1117 638 1162 tarditate
661 1122 752 1178 ers
776 1118 942 1164 etiamsi
963 1117 1145 1173 fallitur,
1166 1117 1349 1163 feliciter
1372 1086 1551 1165 fallitur.
1583 1110 1758 1173 Habe-l

360 1188 429 1234 bit
450 1189 562 1233 enim
591 1192 792 1248 majorem
815 1189 1086 1252 patientiam,
1120 1189 1153 1233 si
1190 1189 1275 1234 boc
1312 1189 1370 1234 ita
1395 1189 1504 1240 erit;
1528 1184 1758 1248 majorem}

361 1258 576 1313 laetitiam,
599 1259 735 1305 sinon
753 1260 845 1306 erit.
880 1264 943 1306 Ac
968 1277 1045 1323 per
1066 1260 1153 1305 hoc
1174 1260 1228 1305 ab
1244 1260 1319 1315 eis,
1344 1260 1420 1323 qui
1444 1260 1634 1319 diligunt
1654 1249 1758 1312 mai-i

363 1330 680 1375 nifestationem
710 1331 901 1385 Domini,
929 1331 1000 1376 ille
1028 1331 1205 1376 auditui
1223 1331 1424 1387 suavius,
1452 1331 1521 1376 isti
1527 1297 1759 1380 ”credituri

368 1402 518 1457 tutius,
546 1401 632 1456 (tui
657 1412 798 1446 autem
816 1402 922 1464 quid
945 1401 1104 1447 horum
1123 1403 1177 1446 sit
1196 1418 1346 1447 verum
1370 1419 1568 1462 ignorate
1582 1418 1623 1446 se
1635 1389 1758 1446 con-l

368 1472 531 1520 fitetur.
570 1472 680 1516 illud
706 1483 846 1535 optat,
881 1472 969 1517 hoc
997 1472 1171 1527 tolerat,
1201 1471 1247 1517 in
1283 1471 1404 1517 nullo
1428 1489 1574 1517 corum
1607 1481 1718 1516 errat
1726 1438 1758 1545 ‚l

367 1543 468 1606 quia
493 1523 604 1587 nihil
633 1560 781 1588 eoium
803 1553 881 1588 aut
905 1542 1091 1588 affirmat
1117 1553 1190 1587 aut
1221 1553 1360 1602 negat.
1394 1543 1590 1588 Obsecro
1608 1552 1663 1595 te,
1694 1548 1757 1608 ut}

367 1629 435 1657 me
458 1613 586 1658 talem
626 1631 714 1658 nou
740 1631 942 1677 spernas;
982 1614 1084 1677 quia
1116 1624 1157 1658 et
1188 1630 1266 1673 ego
1305 1624 1347 1659 te
1370 1612 1504 1673 diligo
1544 1612 1589 1658 id
1625 1612 1757 1675 δίἣν-Ι

366 1694 555 1728 mantem
575 1684 695 1747 quod
725 1701 876 1730 verum
907 1701 993 1729 esse
1027 1684 1242 1739 desidero,
1271 1695 1313 1729 et
1341 1694 1461 1729 tanto
1480 1684 1614 1743 magis
1640 1683 1742 1729 nolo

363 1753 552 1810 fallaris,
575 1767 742 1818 quanto
779 1756 913 1816 magis
947 1772 1043 1801 amo
1066 1756 1186 1820 quod
1220 1755 1470 1818 polliceris?
1503 1765 1545 1800 et
1579 1764 1756 1835 quanto¹

367 1826 503 1885 magis
521 1825 648 1871 video
675 1825 970 1889 periculosum
1005 1827 1038 1871 si
1066 1826 1240 1873 falleris,
1275 1827 1340 1871 Da
1369 1826 1537 1872 veniam
1568 1827 1602 1870 si
1642 1830 1756 1872 oue-l

368 1912 488 1940 rosus
510 1893 575 1940 fui
595 1897 754 1942 sinetis
779 1897 974 1942 sensibus
1000 1897 1095 1943 tuis.
1144 1897 1321 1953 Quanto
1341 1896 1453 1942 enim
1473 1896 1611 1941 rarius
1634 1912 1755 1972 pro-‚

367 1965 502 2021 venit,
527 1977 645 2012 tanto
670 1984 736 2013 me
770 1978 913 2013 tecum
953 1967 1100 2014 saltem
1136 1984 1217 2031 per
1238 1967 1400 2014 litteras
1436 1966 1559 2031 loqui
1581 1953 1755 2046 (Ιίυῑίιιεξ

370 2036 614 2084 delecttvit.

1755 13 1760 59 i

1755 68 1759 149 ἒ

1756 227 1759 258 Ι

1756 285 1760 313 Ι
