1769 3235
527 285 737 316 EPISTOLA
775 289 954 319 ccxxxi.
1345 276 1430 323 301

67 370 300 420 parvorum
337 352 404 400 vel
429 351 715 398 mediocrium
739 353 996 412 gaudiorum
1021 357 1298 414 jucunditate
1332 376 1437 422 per-

65 425 190 473 fundi
212 428 230 470 Ρ

129 496 200 541 VI.
244 495 356 552 Quia
389 495 520 555 igitur
548 512 635 540 non
669 497 795 558 potui
831 497 973 542 verbis
993 498 1207 561 explicare
1228 513 1433 563 quantam

63 567 390 615 delectationem
416 566 470 612 de
494 565 578 611 tuis
605 565 757 612 litteris
779 567 986 629 ceperim,
1020 569 1136 613 unde
1157 587 1222 616 me
1241 571 1435 621 delecta-

63 638 225 692 verint,
254 637 357 691 dixi,
380 639 472 696 jam
495 635 614 699 quod
634 636 810 700 nequivi
832 637 931 682 satis
951 638 1110 692 dicere,
1127 639 1172 684 id
1193 652 1270 698 est,
1299 661 1436 707 quan-

61 719 154 754 tum
189 707 527 763 delectaverint,
571 706 653 752 tibi
688 707 1012 767 conjiciendum
1047 708 1258 773 relinquo.
1302 716 1433 764 Sume

60 781 224 843 itaque,
249 779 309 824 mi
334 778 422 834 fili,
459 795 596 835 sume,
628 779 694 823 vir
713 779 826 824 bone
849 790 888 825 et
910 797 995 825 non
1021 779 1063 824 in
1089 784 1332 843 superficie,
1361 788 1435 834 sed

59 851 103 897 in
128 850 375 896 Christiana
396 849 609 895 charitate
637 849 884 896 Christiane
906 870 917 904 ;
957 867 1076 896 sume
1093 887 1103 905 ,
1144 851 1322 916 inquam
1341 893 1352 912 ,
1381 858 1432 904 li-

60 923 161 969 bros
179 957 189 972 ‚
214 938 322 984 quos
351 919 602 966 desiderasti
625 958 635 975 ,
662 921 992 968 Confessionum
1015 938 1206 968 mearum
1236 942 1247 968 :
1278 926 1341 971 ibi
1368 946 1435 975 me

58 993 244 1056 inspice.
276 1009 327 1037 ne
351 1009 418 1037 me
434 991 583 1037 laudes
603 991 714 1037 ultra
736 1009 867 1056 quam
892 1010 1018 1046 sunu
1051 992 1114 1037 ibi
1144 1011 1231 1039 non
1260 996 1352 1042 aliis
1379 1000 1432 1046 de

60 1080 126 1108 me
146 1063 273 1108 crede
291 1100 300 1114 ,
324 1062 395 1108 sed
418 1062 546 1117 mihi3
571 1062 633 1107 ibi
663 1079 729 1107 me
755 1063 928 1108 attende
946 1100 956 1117 ,
981 1062 1135 1108 etvide
1153 1065 1259 1126 quid
1277 1066 1431 1116 fuerim

58 1134 100 1180 in
124 1152 191 1179 me
207 1135 318 1197 ipso,
342 1151 420 1197 per
437 1133 680 1196 meipsum3
701 1143 742 1177 et
767 1134 800 1178 si
825 1133 931 1196 quid
951 1133 993 1178 in
1017 1151 1082 1178 ine
1104 1136 1179 1180 tibi
1201 1136 1431 1199 placuerit,

57 1204 184 1250 lauda
202 1205 266 1250 ibi
289 1220 484 1259 mecum,
509 1219 637 1266 quem
663 1202 830 1249 laudari
847 1204 964 1249 volui
985 1203 1038 1249 de
1056 1221 1148 1258 me;
1168 1223 1307 1270 neque
1320 1211 1434 1257 enim

57 1294 138 1323 me.
172 1276 389 1332 Quoniam
413 1275 504 1338 ipse
522 1273 625 1319 fecit
648 1291 742 1330 nos,
768 1285 808 1320 et
831 1293 918 1321 non
943 1275 1025 1338 ipsi
1054 1292 1159 1329 nos;
1190 1295 1266 1324 nos
1289 1292 1433 1328 autem

55 1346 384 1410 perdideramus
409 1363 501 1401 nos,
532 1344 605 1390 sed
633 1345 707 1408 qui
732 1345 859 1401 fecit,
885 1345 1047 1391 refecit.
1075 1346 1186 1392 Cum
1213 1360 1353 1396 autem
1370 1352 1433 1399 ihi

55 1435 123 1463 me
142 1417 354 1463 inveneris
374 1437 384 1470 ;
407 1434 479 1461 ora
505 1433 587 1479 pro
610 1433 678 1461 me
704 1435 755 1462 ne
775 1416 993 1471 deficiam,
1017 1417 1090 1462 sed
1110 1419 1335 1481 perficiam
1356 1439 1432 1469 ora

55 1488 116 1535 fili
140 1526 150 1544 ,
178 1506 269 1534 ora.
296 1489 444 1534 Sentio
463 1487 569 1551 quid
594 1487 756 1541 dicam,
790 1489 879 1534 scio
904 1488 1009 1552 quid
1030 1500 1204 1552 petam;
1241 1509 1327 1538 non
1351 1494 1429 1541 tibi

55 1559 253 1605 videatur
273 1559 498 1618 indignum
519 1596 529 1614 ,
555 1569 597 1604 et
616 1559 739 1621 quasi
767 1559 881 1605 ultra
903 1559 1055 1605 merita
1075 1571 1161 1606 tua.
1189 1561 1430 1612 Fraudabis

54 1648 121 1677 me
145 1648 301 1691 magno
323 1629 559 1690 adjutorio,
589 1629 729 1675 sinon
755 1630 920 1678 feceris.
962 1632 1060 1676 Non
1087 1631 1226 1677 solum
1253 1644 1322 1690 tu,
1355 1637 1428 1683 sed

53 1703 177 1748 etiam
203 1719 350 1747 omnes
367 1701 441 1764 qui
460 1719 505 1747 ex
529 1718 600 1747 ore
622 1712 694 1747 tuo
713 1701 964 1758 dilexerint,
986 1713 1104 1747 orate
1122 1720 1203 1765 pro
1223 1721 1289 1750 me
1309 1723 1320 1751 t
1344 1707 1429 1755 hoc

53 1773 109 1819 eis
132 1790 198 1819 me
223 1772 419 1836 petivisse
442 1771 587 1817 indica
603 1809 613 1827 ,
638 1782 680 1817 et
698 1773 731 1817 si
754 1773 941 1818 multum
968 1772 1093 1818 nobis
1111 1773 1427 1837 tribuitis.jus—

52 1844 150 1890 sisse
170 1862 246 1890 nos
270 1844 504 1889 existimate
520 1843 641 1907 quod
677 1845 867 1907 petimus
887 1881 898 1895 ,
923 1854 964 1889 et
984 1854 1127 1888 tamen
1152 1843 1252 1890 date
1273 1858 1427 1909 peten-

53 1916 197 1969 tibus,
245 1915 311 1960 vel
346 1915 644 1977 obtemperate
673 1915 949 1974 jubentibus.
989 1915 1124 1960 Orate
1159 1932 1239 1978 pro
1280 1919 1422 1967 nobis.

51 1989 164 2048 Lege
187 1987 370 2032 Litteras
406 1986 575 2030 divinas
593 2023 603 2040 ,
641 1997 682 2031 et
719 1986 909 2031 invenies
934 1986 1051 2049 ipsos
1081 1986 1232 2032 arietes
1259 2001 1425 2039 nostros

52 2057 284 2121 Apostolos
319 2056 490 2120 petiisse
515 2056 600 2102 hoc
624 2074 646 2101 a
676 2057 775 2102 filiis
801 2058 887 2102 suis
905 2094 916 2111 ,
945 2057 1031 2103 sive
1059 2058 1316 2121 praecepisse
1342 2080 1424 2110 au-

52 2128 267 2174 ditoribus
291 2128 390 2174 suis.
422 2128 513 2187 Ego
531 2137 645 2173 certe
670 2127 875 2190 quoniam
898 2126 984 2173 hoc
1013 2146 1034 2172 a
1063 2145 1129 2172 me
1163 2129 1317 2191 petiisti
1339 2149 1422 2195 pro

54 2210 112 2254 te,
142 2215 355 2264 quantum
392 2197 572 2253 faciam,
608 2197 724 2243 videt
761 2198 836 2261 qui
876 2197 1100 2252 exaudiat,
1139 2199 1214 2261 qui
1247 2201 1424 2250 videbat

51 2271 151 2334 quia
175 2281 216 2315 et
237 2280 336 2314 ante
353 2268 581 2315 faciebam.
613 2268 697 2314 Sed
722 2268 854 2314 redde
883 2270 1011 2314 etiam
1039 2268 1082 2313 in
1104 2268 1188 2313 hac
1220 2287 1264 2315 re
1287 2271 1424 2320 dilee-

53 2341 177 2386 tionis
214 2340 368 2385 vicem.
416 2339 643 2401 Praepositi
676 2340 801 2384 vestri
841 2356 1012 2394 sumus,
1059 2356 1154 2398 grex
1204 2340 1280 2386 Dei
1306 2345 1418 2392 estis.

51 2411 330 2458 Considerate
354 2419 396 2454 et
418 2409 560 2454 videte
584 2409 778 2473 pericula
802 2420 947 2455 nostra
975 2412 1138 2468 majora
1174 2426 1259 2456 esse
1293 2430 1424 2476 quam

51 2494 187 2530 vestra
204 2519 214 2537 ,
243 2492 284 2526 et
309 2490 428 2525 orate
453 2497 532 2543 pro
553 2481 692 2527 nobis.
724 2481 819 2526 Hoc
845 2481 959 2526 enim
983 2490 1024 2525 et
1058 2480 1183 2525 nobis
1215 2484 1425 2533 condecet

50 2566 92 2601 et
107 2554 255 2609 vobis,
288 2563 335 2598 ut
354 2552 515 2597 bonam
550 2552 757 2598 rationem
788 2552 841 2597 de
867 2551 992 2597 vobis
1019 2549 1252 2599 reddamus
1285 2568 1429 2619 pasto-

54 2643 151 2672 rum
176 2623 402 2688 principi,
437 2632 479 2667 et
515 2623 711 2669 omnium
752 2634 948 2669 nostrum
988 2620 1154 2684 capiti,
1184 2625 1432 2693 pariterque
