1769 3235
0 0 26 132 Ἰ

19 187 22 213 ι

18 236 21 292 ὲ

17 300 21 338 2

0 495 18 643 ’ἒ

0 1600 5 1690 j

505 273 715 303 EPISTOLA
752 274 965 303 ccxxvm.
1331 261 1414 305 281

17 346 19 349 ’
50 341 224 396 scribis,
249 356 302 385 ne
324 348 476 384 contra
498 338 674 383 Domini
697 351 968 402 praeceptum
990 340 1057 386 vel
1083 341 1325 404 exemplum
1352 341 1420 387 fa-

51 429 142 460 cere
160 410 365 464 nitamur,
387 408 464 454 ubi
487 407 741 468 fugiendum
763 426 848 454 esse
872 409 924 455 de
945 410 1117 456 civitate
1135 411 1179 456 in
1199 411 1418 458 civitatem

50 491 206 529 monet.
248 478 495 525 Recolimus
533 478 647 523 enim
684 479 816 524 verba
846 479 1030 525 dicentis
1049 517 1059 535 ‚
1087 502 1107 521 «
1140 482 1253 526 Cum
1279 493 1422 527 autem

50 574 71 595 ))
93 560 405 615 persequentur
430 565 503 593 vos
528 549 570 592 in
603 548 776 593 civitate
810 549 889 594 ista
908 586 919 604 ,
947 549 1080 609 fugite
1114 550 1159 595 in
1196 550 1322 596 aliam
1342 550 1375 598 1.
1403 571 1423 592 >³

0 648 14 662 ,ι
52 621 158 679 Quis
189 631 330 665 autem
357 618 502 664 credat
534 619 590 663 ita
626 618 714 664 hoc
745 619 981 664 Dominum
1018 620 1110 665 fieri
1138 620 1320 665 voluisse
1340 657 1350 675 ,
1375 631 1424 666 ut

49 691 283 739 necessario
318 690 582 743 ministerio,
619 689 708 734 sine
736 706 824 752 quo
860 690 1002 734 vivere
1028 702 1274 753 nequeunt,
1301 690 1426 735 dese-

50 772 201 808 rantur
222 776 364 820 greges
384 797 393 811 ‚
417 776 524 822 quos
551 776 627 804 suo
649 759 855 818 sanguine
875 759 1176 821 comparavit?
1200 759 1428 822 Numquid

51 833 135 878 hoc
154 830 257 876 fecit
284 831 392 892 ipse,
417 829 593 892 quando
616 829 894 892 portantibus
912 828 1168 892 parentibus
1192 829 1235 873 in
1261 831 1428 892 ,Egyp-

51 914 141 950 tum
165 901 374 965 parvulus
398 901 510 961 sugit
528 902 562 955 ⁶2,
594 901 671 964 qui
694 901 893 946 nundum
917 900 1116 946 ecclesias
1135 917 1427 960 congregave-

49 983 115 1020 rat
143 1010 154 1029 ‚
195 988 302 1036 quas
345 971 401 1016 ab
440 989 489 1017 eo
526 972 713 1017 desertas
750 971 880 1017 fuisse
924 971 1156 1017 dicamus‘.³
1198 971 1427 1034 Numquid

51 1043 228 1108 quando
274 1042 507 1105 Apostolus
544 1042 708 1088 Paulus
732 1080 742 1098 ‚
787 1061 840 1088 ne
877 1043 1000 1089 illum
1039 1042 1430 1105 comprehenderet

49 1113 250 1161 inimicus
272 1130 346 1176 per
374 1113 602 1158 fenestram
622 1113 666 1158 in
686 1124 834 1176 sporta
852 1113 1091 1159 submissus
1120 1122 1182 1158 est
1197 1111 1233 1168 3,
1262 1123 1303 1157 et
1326 1113 1431 1158 effu-

49 1186 109 1245 git
141 1200 294 1229 manus
317 1187 430 1243 ejus,
465 1183 629 1228 deserta
661 1194 723 1228 est
746 1201 846 1246 quae
874 1184 935 1228 ibi
955 1194 1046 1228 erat
1070 1183 1248 1229 ecclesia
1278 1200 1429 1229 neces-

49 1254 157 1301 sario
180 1253 416 1298 ministerio
435 1290 444 1308 ‚
467 1263 508 1298 et
529 1271 616 1299 non
646 1253 701 1298 ab
721 1253 813 1298 aliis
836 1253 1046 1298 fratribus
1067 1252 1231 1298 ibidem
1261 1253 1427 1298 consti-

49 1325 151 1371 tutis
167 1323 287 1386 quod
305 1324 539 1386 oportebat
553 1323 781 1387 impletum
798 1335 860 1369 est
877 1327 895 1369 ἶ)
916 1323 986 1368 Eis
1000 1325 1167 1387 quippe
1183 1323 1431 1369 volentibus

48 1395 132 1440 hoc
168 1393 403 1456 Apostolus
434 1392 623 1450 fecerat,
651 1404 698 1439 ut
723 1411 764 1439 se
795 1394 939 1457 ipsum
970 1403 1157 1438 servaret
1194 1392 1426 1448 Ecclesiae,

49 1481 174 1528 quem
217 1463 397 1527 proprie
431 1474 684 1526 persecutor
724 1464 796 1510 ille
835 1464 1075 1527 quaerebat.
1120 1463 1299 1508 Faciant
1331 1480 1432 1523 ergo

49 1535 156 1582 servi
181 1536 371 1591 Christi,
412 1536 599 1581 ministri
632 1536 753 1581 verbi
787 1546 827 1582 et
864 1535 1122 1582 sacramenti
1158 1538 1276 1595 eius,
1311 1534 1431 1598 quod

48 1606 260 1671 praecepit
294 1606 382 1651 sive
415 1607 624 1669 permisit.
670 1607 856 1666 Fugiant
894 1606 1073 1651 omnino
1098 1604 1152 1650 de
1177 1604 1351 1650 civitate
1384 1605 1430 1651 in

49 1677 264 1723 civitatem
287 1714 295 1731 ‚
323 1677 502 1740 quando
528 1694 677 1723 eorum
701 1677 932 1741 quisquam
968 1675 1212 1740 specialiter
1240 1694 1262 1721 a
1280 1693 1430 1737 perse-

50 1747 276 1794 cutoribus
301 1747 531 1810 quaeritur,
557 1758 603 1792 ut
625 1747 680 1792 ab
700 1747 805 1803 aliis,
831 1748 906 1811 qui
938 1765 1021 1792 non
1043 1747 1100 1791 ita
1126 1747 1427 1810 requiruntur,

49 1835 135 1863 non
164 1817 385 1863 deseratur
421 1817 612 1863 Ecclesia
633 1855 642 1873 ,
668 1816 740 1862 secl
761 1817 989 1880 praebeant
1021 1817 1185 1861 cibaria
1215 1817 1429 1863 conservis

49 1889 132 1933 suis
152 1925 162 1943 ‚
188 1905 296 1950 quos
323 1887 446 1934 aliter
465 1889 606 1933 vivere
632 1905 720 1933 non
748 1905 873 1951 posse
900 1898 1128 1934 noverunt.
1153 1889 1264 1932 Cum
1287 1898 1429 1933 autem

50 1960 243 2005 omnium
268 1996 277 2014 ‚
314 1958 457 2015 idest,
491 1961 734 2022 episcorum
754 1996 764 2014 ,
792 1959 1051 2005 clericorum
1072 1970 1112 2003 et
1138 1958 1350 2004 laicorum
1371 1969 1433 2004 est

49 2046 281 2075 commune
316 2029 560 2092 periculum
582 2067 593 2085 ,
629 2029 676 2075 hi
714 2029 787 2093 qui
820 2029 912 2074 aliis
942 2029 1164 2089 indigent,
1197 2046 1285 2074 non
1306 2028 1431 2075 dese-

0 2101 1 2106 *
50 2111 198 2146 rantur
218 2101 274 2145 ab
297 2100 365 2145 his
384 2101 543 2163 quibus
564 2100 769 2159 indigent.
799 2101 885 2145 Aut
904 2101 1041 2160 igitur
1066 2099 1121 2144 ad
1144 2099 1242 2144 loca
1263 2099 1429 2144 munita

49 2188 192 2217 omnes
212 2182 444 2224 transeant3
466 2182 540 2216 aut
560 2171 636 2234 qui
654 2171 823 2216 habent
841 2169 1089 2216 remanendi
1112 2170 1426 2225 necessitatem,

49 2259 136 2288 non
161 2242 464 2306 relinquantur
484 2243 539 2287 ab
567 2242 625 2288 eis
643 2279 653 2297 ‚
682 2259 760 2305 per
783 2258 891 2306 quos
916 2241 1092 2286 illorum
1118 2251 1178 2285 est
1204 2240 1430 2286 ecclesias-

51 2314 135 2359 tica
165 2313 410 2377 supplenda
446 2314 672 2359 necessitas
697 2351 708 2369 ‚
752 2323 800 2358 ut
834 2323 908 2358 aut
942 2312 1106 2375 pariter
1136 2311 1318 2367 vivant,
1358 2323 1432 2358 aut

51 2384 212 2448 pariter
234 2385 463 2440 sufferant,
493 2383 613 2446 quod
637 2401 706 2429 eos
734 2382 1045 2447 paterfamilias
1073 2381 1188 2427 volet
1207 2383 1392 2446 perpeti.

114 2455 198 2502 Ill.
226 2454 357 2512 Quod
393 2455 426 2500 si
456 2454 710 2514 contigerit,
737 2464 785 2500 ut
820 2454 907 2500 sive
932 2453 1005 2498 alii
1029 2452 1197 2509 minus,
1234 2452 1308 2499 alii
1332 2471 1428 2499 ma-

48 2529 140 2587 jus,
166 2526 254 2572 sive
277 2543 424 2572 omnes
447 2526 674 2590 aequaliter
693 2525 915 2589 patiantur
939 2523 1017 2588 qui
1039 2540 1189 2570 eorum
1219 2523 1327 2583 sint,
1350 2525 1427 2588 qui

100 2609 110 2631 ¹
127 2609 241 2642 Matth.
262 2621 294 2648 x,
310 2611 366 2643 23.
380 2627 424 2633 —-—
438 2608 452 2630 ²
469 2609 517 2643 Id.
537 2620 573 2648 11,
593 2615 706 2647 ¹4·-
722 2605 737 2631 3
754 2620 771 2640 2
787 2610 862 2643 Cor.
879 2619 930 2649 ³11,
950 2609 1003 2639 33.
