1769 3235
424 315 821 349 RETRACTATIONUM
857 318 945 349 Lm.
989 319 1018 349 1.
1339 302 1402 364 ,49
1420 317 1433 349 ι

70 382 310 432 catholicos
333 383 586 431 divinorum
612 384 934 448 eloquiorum.
961 385 1045 432 Sed
1066 386 1339 449 ubicumque
1360 385 1448 432 hoc

66 454 183 510 dixi,
225 454 379 501 dixisse
410 469 478 499 me
510 453 686 500 nollem.
732 456 884 500 Postea
915 455 1084 519 quippe
1118 456 1210 502 vidi
1238 472 1325 502 non
1362 470 1450 502 esse

67 524 301 570 dicendum
323 561 333 579 ‚
377 523 578 586 quamvis
615 524 822 578 nonnulla
864 527 1003 587 possit
1048 527 1215 572 ratione
1253 526 1442 573 defendi.

68 594 176 639 Item
201 594 320 657 quod
342 592 446 648 dixi,
478 595 668 640 Nullius
703 596 828 639 enim
847 598 953 651 fere
975 598 1264 642 conscientia
1290 600 1447 641 Deum

60 677 221 729 potest
245 664 425 721 odisse,
458 682 544 710 non
569 665 695 710 video
723 665 851 711 fuisse
882 666 1133 719 dicendum.
1176 667 1310 713 Multi
1334 667 1447 712 enim

67 746 167 782 sunt
190 735 242 780 de
263 736 426 798 quibus
446 736 657 799 scriptum
679 746 740 781 est
767 753 778 781 ι
805 736 1059 799 «Superbia
1081 753 1228 782 eorum
1249 737 1324 800 qui
1347 737 1448 782 ode-

69 815 208 851 »runt
233 805 316 852 te1.
347 827 367 846 »

133 876 210 922 IX.
267 875 364 921 Alio
400 876 498 921 loco
542 877 588 921 in
628 894 678 922 co
719 877 838 940 quod
877 876 991 932 dixi,
1035 877 1096 922 ob
1142 877 1229 922 lzoc
1276 876 1452 921 (livisse

69 947 358 1002 Dominum,
389 968 409 987 α
453 946 624 993 Sufficit
658 947 744 993 diei
783 947 948 993 malitia
984 950 1088 992 sua²
1113 977 1123 1002 9
1148 967 1169 987 ))
1198 950 1309 1009 quia
1329 946 1456 991 cibos

68 1034 252 1062 sumere
286 1017 466 1079 urgebit
493 1022 595 1080 ipsa
633 1021 887 1064 necessitas
909 1036 1051 1082 quam
1063 1029 1320 1081 propterea
1356 1034 1454 1060 mcc-

71 1087 223 1132 lt‘tc'cmz
271 1093 570 1133 nominatam
626 1090 858 1142 arbitror,
912 1093 1028 1152 quin
1064 1088 1275 1151 poenalis
1320 1087 1457 1132 nobis

70 1169 163 1213 est,
189 1163 393 1220 pertinet
425 1163 549 1203 enim
576 1158 642 1203 acl
683 1159 811 1204 hanc
834 1159 1155 1221 fmgc'litatem
1181 1174 1330 1221 quam
1350 1174 1457 1219 pec—

68 1229 223 1274 cando
249 1231 519 1284 meruimus,
549 1247 637 1275 non
665 1230 832 1276 attendi
856 1231 986 1276 etiam
1019 1229 1174 1293 primis
1198 1227 1456 1280 hominibus

71 1298 171 1344 data
194 1298 324 1345 fuisse
338 1299 384 1345 in
403 1299 607 1362 paradiso
628 1301 824 1364 corporis
842 1301 1060 1355 alimenta,
1083 1309 1313 1361 antequam
1332 1299 1457 1343 istam

72 1369 225 1415 mortis
246 1385 424 1433 poenam
454 1370 682 1433 peccando
707 1372 976 1418 meruissent.
1003 1371 1076 1417 Sic
1099 1371 1215 1415 enim
1235 1379 1357 1414 erant
1378 1369 1461 1414 im-

73 1439 274 1485 mmtales
302 1440 346 1485 in
382 1457 567 1503 corpore
590 1441 788 1487 nondum
826 1441 1043 1505 spiritali,
1078 1439 1151 1485 sed
1186 1439 1386 1493 animali,
1412 1451 1460 1485 ut

74 1510 285 1556 tamenin
316 1511 531 1570 eJ'usmodi
562 1511 890 1558 immortalitate
913 1510 1222 1574 corporalibus
1247 1508 1460 1554 alimentis

74 1590 312 1628 uterentur.
344 1581 455 1626 Item
475 1581 593 1644 quod
611 1582 698 1628 dixi
718 1620 728 1636 ‚
751 1604 771 1624 «
791 1583 939 1639 Quam
964 1582 1048 1628 sibi
1068 1582 1186 1626 Deus
1213 1579 1340 1638 elegit
1361 1579 1459 1639 glo-

77 1651 268 1698 »riosam
288 1651 527 1698 Ecclesiam
551 1690 560 1706 ‚
586 1670 673 1698 non
698 1653 938 1700 habentem
969 1651 1186 1699 maculam
1211 1667 1352 1713 neque
1379 1666 1456 1695 ru—

77 1744 97 1764 »
121 1739 217 1782 gam
233 1722 268 1777 ³,
293 1744 313 1765 >›
338 1739 425 1767 non
457 1723 555 1769 ideo
580 1723 697 1781 dixi,
728 1724 830 1788 quia
855 1741 973 1771 nunc
994 1741 1041 1769 ex
1072 1721 1192 1767 omni
1222 1731 1345 1783 parte
1364 1723 1456 1779 jam

76 1792 174 1838 talis
191 1803 281 1848 est,
305 1793 505 1856 quamvis
525 1793 578 1839 ad
597 1794 684 1840 hoe
705 1794 841 1841 electa
860 1812 948 1840 non
976 1793 1274 1846 dubitaretur,
1298 1801 1346 1835 ut
1365 1789 1461 1835 talis

76 1864 131 1909 sit
150 1863 328 1927 quando
359 1864 563 1910 Christus
587 1868 843 1929 apparuerit
873 1867 961 1912 vita
987 1869 1078 1925 ejus
1102 1881 1112 1909 2
1145 1874 1248 1908 tunc
1281 1863 1395 1907 enim
1417 1871 1459 1906 et

77 1935 170 1997 ipsa
189 1951 292 1980 cum
307 1934 383 1980 illo
408 1936 640 1998 apparebit
660 1937 706 1981 in
730 1936 896 1996 gloria:
921 1947 1104 2000 propter
1128 1950 1258 1996 quam
1278 1931 1458 1993 gloriam

79 2005 198 2051 dicta
238 2015 301 2050 est
342 2005 533 2051 Eccle>ia
558 2005 756 2066 gloriosa.
807 2008 916 2053 Item
952 2005 1072 2070 quod
1108 2003 1324 2051 Dominus
1362 2002 1454 2056 ait,

82 2098 102 2118 «
124 2074 261 2121 Petite
280 2111 290 2129 ‚
317 2085 359 2119 et
381 2076 604 2139 accipietis
625 2098 636 2132 ;
667 2077 852 2140 quaerite
875 2115 885 2133 ‚
911 2088 952 2123 et
977 2075 1230 2127 invenietis3
1256 2072 1427 2136 pulsate
1446 2109 1456 2127 ‚

83 2168 103 2189 »
125 2157 167 2192 et
190 2145 408 2209 aperietur
442 2147 596 2192 vobis*
613 2185 624 2203 ‚
648 2169 665 2189 ›>
702 2151 880 2210 operose
905 2147 1083 2212 quidem
1119 2145 1198 2190 tria
1241 2144 1320 2189 ista
1350 2141 1459 2206 quid

82 2217 194 2263 inter
217 2234 258 2262 se
287 2216 486 2262 differant
517 2218 821 2280 exponendum
849 2217 1031 2281 putavi,
1059 2216 1131 2261 sed
1161 2214 1288 2273 longe
1308 2212 1461 2258 melius

85 2287 139 2334 ad
176 2287 531 2334 instantissimam
572 2288 826 2351 petitionem
868 2288 1014 2333 omnia
1059 2285 1320 2331 referuntur.
1365 2283 1463 2328 Hoc

85 2359 253 2421 quippe
274 2358 486 2413 ostendit,
510 2359 586 2405 ubi
611 2359 762 2405 eodem
789 2360 922 2405 verbo
945 2368 1103 2404 cuncta
1128 2354 1366 2409 conclusit,
1390 2353 1463 2398 di-

87 2446 185 2474 cens
201 2465 212 2484 ,
244 2451 262 2470 ι(
289 2429 466 2484 Quanto
486 2430 618 2489 magis
646 2434 774 2476 Pater
796 2440 932 2476 vester
951 2429 1028 2493 qui
1057 2430 1103 2473 in
1126 2425 1246 2473 coelis
1267 2436 1329 2471 est
1349 2462 1359 2481 ,
1382 2424 1465 2470 da-

140 2554 147 2574 ¹
183 2555 277 2584 Forte
291 2554 373 2596 apud
394 2554 604 2585 Athan.2sium
626 2555 655 2585 in
677 2555 823 2596 Exposit,
856 2553 947 2593 fidei,
977 2558 1006 2584 et
1036 2550 1254 2594 Epiplianium
1280 2548 1312 2580 in
1342 2547 1467 2581 Africo-

88 2613 168 2642 rato.
202 2626 243 2632 -—
276 2608 291 2630 ²
317 2610 402 2644 Psal.
423 2621 527 2642 Lxxm
545 2637 554 2653 ,
582 2621 637 2641 22.
668 2628 711 2635 -
737 2608 751 2633 3
782 2608 897 2642 Matth.
920 2619 963 2648 η,
992 2608 1046 2644 34.
1072 2625 1115 2631 —-
1133 2602 1148 2627 ⁴
1165 2603 1284 2648 Ephes.
1301 2614 1331 2643 v,
1352 2615 1465 2643 27.—

89 2662 103 2687 ⁵
116 2663 236 2698 Matth.
256 2675 319 2704 vu,
340 2676 370 2704 7.
