1769 3235
321 269 412 326 452
738 283 773 312 s.
818 281 1059 312 AUGUSTINI
1096 282 1301 312 Errscom

321 365 431 411 quos
454 347 602 393 eadem
622 346 858 410 disputatio
874 348 1058 410 peperit,
1084 346 1292 410 appellati
1314 357 1429 403 sunt,
1456 346 1508 393 de
1526 349 1694 393 Libero
1742 362 1745 374 ¹

324 420 533 465 arbz'lrc'o.
566 420 768 475 Quorum
797 419 1036 464 secundum
1062 430 1103 464 et
1137 420 1309 464 tertium
1343 419 1388 463 in
1417 418 1580 469 Africa,
1602 423 1695 479 jam

327 489 458 535 etiam
478 489 831 552 Hippone-regio
852 489 1078 552 Presbyter
1092 489 1332 546 ordinatus,
1351 489 1463 535 sicut
1485 501 1589 535 tunc
1608 507 1695 553 po-
1748 492 1751 498 ’

324 571 413 616 tui,
444 571 688 606 terminaw.

389 631 450 677 ΙΙ.
478 630 529 675 111
548 629 617 675 1115
642 629 766 675 libris
789 629 848 675 ita
874 630 1011 676 multa
1031 630 1203 675 disserta
1242 640 1358 686 sunt,
1391 641 1438 676 ut
1460 630 1699 677 incidentes
1740 662 1745 686 ς

324 700 550 746 nonnullae
570 701 846 763 quaestiones‚
871 718 978 764 quas
1000 700 1064 745 vel
1082 700 1268 746 enodare
1287 718 1375 746 non
1398 712 1614 764 poteram,
1631 701 1700 747 vel
1743 712 1746 763 ξ

322 770 499 831 longam
539 771 944 816 sermocinationem
981 770 1025 815 in
1051 770 1255 832 praesenti
1292 772 1603 834 requirebant,
1640 772 1700 818 ita
1740 782 1746 799 ³

325 841 615 898 differrentur,
638 851 686 886 ut
710 858 757 886 ex
783 851 964 902 utraque
989 851 1128 903 parte,
1159 841 1226 886 vel
1250 858 1297 886 ex
1314 841 1516 886 omnibus
1533 858 1700 887 earum·
1740 871 1743 885 ,-

322 912 420 958 dem
437 912 725 975 quaestionum
747 910 965 973 partibus,
989 911 1034 955 in
1048 911 1208 974 quibus
1225 928 1312 956 non
1333 911 1576 974 apparebat
1592 911 1700 975 quid
1745 933 1750 974 ³2

320 984 467 1046 potius
482 991 736 1041 congrueret
760 981 947 1036 veritati,
966 980 1020 1025 ad
1041 981 1126 1026 1106
1144 991 1288 1026 tamen
1307 981 1579 1027 ratiocinatio
1605 999 1702 1028 nos·
1747 1030 1749 1035 ,

320 1064 387 1098 tra
411 1051 763 1106 concluderetur,
793 1061 841 1096 ut
868 1050 1066 1113 quolibet
1106 1068 1257 1096 eorum
1287 1067 1436 1097 verum
1456 1062 1580 1107 esset,
1601 1051 1702 1097 lau—

322 1121 493 1168 dandus
518 1121 782 1176 crederetur,
810 1120 878 1166 vel
902 1121 1031 1166 etiam
1057 1121 1355 1166 ostenderetur
1382 1123 1509 1168 Deus.
1553 1122 1702 1185 Prop-

317 1203 382 1239 ter
395 1209 465 1238 eos
480 1192 647 1256 quippe
672 1191 913 1255 disputatio
931 1191 1003 1237 illa
1028 1202 1226 1255 suscepta
1249 1202 1326 1247 est,
1348 1192 1425 1256 qui
1457 1203 1631 1252 negant,
1655 1209 1703 1237 ex
1742 1199 1765 1249 ζ’

318 1263 458 1310 libero
478 1263 715 1309 voluntatis
746 1263 926 1308 arbitrio
944 1263 1048 1308 mali
1075 1263 1282 1323 originem
1311 1263 1431 1318 duci,
1463 1274 1506 1308 et
1539 1264 1698 1315 Deum,

324 1334 358 1379 si
381 1333 442 1379 ita
462 1343 541 1389 est,
564 1343 801 1378 creatorem
820 1332 1018 1377 omnium
1044 1343 1299 1378 naturarum
1324 1332 1596 1396 culpandum
1616 1350 1703 1379 esse

323 1402 623 1449 contendunt:
651 1420 700 1448 eo
727 1402 857 1448 modo
885 1402 1077 1448 volentes
1097 1402 1336 1449 secundum
1363 1419 1450 1449 suae
1467 1403 1704 1467 impietatis
1745 1408 1756 1454 s:

323 1490 510 1519 errorem
539 1473 806 1536 (Manichaei
826 1473 941 1518 enim
971 1473 1095 1534 sunt)
1118 1473 1439 1519 immutabilem
1465 1473 1703 1537 quamdam
1755 1496 1758 1509 ν

316 1554 359 1590 61;
389 1545 480 1589 Ι)60
507 1553 767 1589 coaeternam
793 1542 1069 1588 introducere
1095 1542 1197 1588 mali
1220 1554 1437 1590 naturam.
1469 1544 1533 1589 De
1568 1544 1704 1603 gratia
1753 1566 1758 1582 ε

319 1632 422 1661 vero
443 1615 539 1671 Dei,
564 1631 650 1677 qua
681 1630 778 1659 suos
801 1613 959 1659 electos
993 1613 1054 1659 sic
1084 1613 1428 1677 praedestinavit,
1460 1625 1700 1668 uteorum,
1748 1631 1749 1634 ¹

321 1685 399 1749 qui
425 1686 514 1746 jam
547 1685 592 1729 in
619 1684 677 1729 eis
696 1694 881 1729 utuntur
901 1683 1037 1730 libero
1054 1684 1254 1740 arbitrio,
1270 1685 1362 1748 ipse
1381 1685 1508 1730 etiam
1530 1702 1704 1749 praepa·
1750 1705 1752 1711 ·

323 1765 389 1801 ret
418 1754 678 1809 voluntates,
707 1754 820 1799 nihil
844 1754 888 1799 in
913 1754 981 1799 his
1006 1754 1130 1799 libris
1151 1753 1423 1817 disputatum
1449 1766 1508 1800 est
1523 1766 1707 1819 propter
1747 1762 1750 1767 ‘

320 1826 409 1871 hoc
426 1826 654 1889 proposita
674 1823 927 1887 quaestione.
961 1825 1050 1870 Ubi
1071 1835 1212 1870 autem
1228 1825 1384 1871 incidit
1405 1825 1526 1872 locus
1549 1837 1595 1872 ut
1616 1826 1706 1872 hu—
1750 1863 1752 1869 .

318 1902 392 1958 jus
416 1897 565 1956 gratiae
593 1896 713 1941 fieret
737 1896 1111 1950 commemoratio,
1145 1907 1413 1943 transeunter
1437 1915 1706 1943 commemo—

323 1978 417 2013 rata
431 1977 519 2020 est3
555 1983 641 2010 non
667 1965 790 2028 quasi
817 1966 920 2011 inde
939 1977 1149 2026 ageretur,
1171 1983 1351 2030 operosa
1376 1967 1707 2014 ratiocinatione
1746 1994 1747 2017 ;

325 2038 514 2084 defensa.
559 2036 691 2082 Aliud
721 2047 781 2082 est
809 2038 921 2082 enim
956 2054 1167 2101 quaerere,
1212 2038 1327 2084 unde
1349 2040 1403 2085 sit
1442 2038 1605 2084 malurn
1631 2076 1642 2093 ,
1667 2049 1709 2084 et
1745 2039 1765 2099 'A

328 2107 448 2155 aliud
469 2118 531 2153 est
560 2124 770 2170 quaerere,
815 2107 930 2152 unde
964 2108 1166 2154 redeatur
1198 2108 1251 2154 ad
1271 2108 1522 2172 pristinum,
1566 2108 1633 2155 vel
1653 2107 1708 2154 ad

328 2183 467 2239 majus
485 2177 763 2240 perveniatur
794 2177 976 2225 bonum.

396 2248 478 2294 ΠΙ.
510 2247 796 2310 Quapropter
819 2249 919 2293 novi
941 2249 1137 2296 haeretici
1161 2249 1399 2310 Pelagiani,
1427 2251 1504 2314 qui
1523 2251 1709 2297 liberum
1768 2310 1769 2314 Ἰ

331 2322 393 2367 516
418 2333 611 2366 asserunt
639 2320 875 2366 voluntatis
900 2322 1127 2368 arbitrium
1148 2361 1157 2370 .
1187 2335 1235 2369 ut
1260 2323 1407 2383 gratiae
1432 2324 1511 2369 Dei
1532 2341 1619 2369 non
1640 2341 1708 2369 16-
1746 2343 1769 2362 *ff

333 2392 535 2454 linquant
561 2390 706 2435 locum
730 2428 740 2447 ‚
777 2391 1134 2455 quandoquidem
1169 2411 1258 2438 eam
1291 2393 1527 2440 secundum
1559 2395 1710 2440 merita
1746 2398 1766 2434 ’ἱ

335 2473 480 2508 nostra
497 2461 591 2506 dari
616 2474 824 2517 asserunt,
848 2479 934 2507 non
958 2480 999 2508 se
1022 2463 1252 2517 extollant,
1283 2465 1406 2526 quasi
1436 2481 1586 2510 eorum
1610 2481 1710 2524 ege-

331 2533 414 2578 rim
440 2548 615 2577 causam
646 2549 657 2576 :
698 2533 801 2595 quia
825 2532 963 2578 multa
1011 2534 1056 2579 in
1085 2535 1154 2579 his
1191 2533 1314 2579 libris
1337 2533 1424 2579 dixi
1458 2552 1540 2598 pro
1570 2535 1709 2580 libero

332 2601 542 2658 arbitrio,
567 2617 669 2664 quae
691 2601 808 2648 illius
842 2602 1152 2666 disputationis
1185 2621 1314 2650 causa
1352 2606 1570 2668 possebat.
1612 2605 1711 2652 Dixi
1761 2627 1769 2638 ἰ
