1769 3235
299 212 385 258 136
537 211 546 221 “
723 229 758 259 s.
800 229 1043 261 Auensrml
1082 231 1284 263 EPlsc0P1

294 294 487 340 Ecclesia
514 294 679 358 quippe
698 305 800 340 tunc
833 307 1071 342 assumetur
1091 297 1134 343 in
1156 298 1314 357 gloria,
1341 296 1520 360 quando
1544 296 1666 343 dice-

296 376 368 410 tur
390 383 400 410 :
426 365 628 421 «Venite,
649 365 868 411 benedicti
888 369 1028 413 Patris
1047 369 1150 426 mei,
1169 369 1380 431 percipite
1393 385 1570 427 regnum
1586 367 1621 412 1:
1646 388 1667 409 »

293 445 335 479 et
356 446 497 481 tamen
520 447 724 499 tanquam
744 436 906 482 factum
930 436 1078 484 fuisset
1097 439 1265 486 dictum
1292 449 1381 494 est,
1411 437 1530 500 quod
1551 447 1667 483 certo

295 506 516 552 sciebatur
543 506 756 552 futurum.

360 578 435 623 LI.
469 577 610 622 Multo
650 578 792 622 minus
833 578 1081 625 mirandum
1116 591 1177 625 est
1214 579 1335 643 quod
1365 578 1491 624 etiam
1523 576 1667 623 verbis

292 649 518 709 praesentis
537 648 742 711 temporis
766 665 865 694 usus
887 661 950 695 est
974 651 1017 695 in
1037 667 1109 706 eo,
1141 649 1261 714 quod
1282 648 1404 695 illum
1429 647 1666 694 identidem

293 716 444 762 dixisse
482 720 727 764 memorasti
758 736 767 763 :
796 721 1025 782 «Propter
1057 737 1210 783 spem,
1249 736 1348 782 quae
1386 718 1572 781 reposita
1606 728 1667 763 est

294 808 314 827 >2
338 787 465 833 nobis
482 825 492 844 ,
517 806 650 851 quam
672 799 769 833 ante
790 789 968 835 audistis
987 790 1033 834 in
1050 790 1184 835 verbo
1208 789 1399 835 veritatis
1416 788 1663 847 Evangelii,

293 880 313 899 ›>
339 859 458 920 quod
486 858 660 904 advenit
685 859 728 904 in
749 876 847 907 vos.
875 861 987 904 sicut
1006 860 1107 905 etin
1131 860 1249 905 omni
1274 859 1440 905 mundo
1465 869 1526 903 est
1546 857 1667 903 sruc-

294 950 314 970 ›>
343 930 511 974 tilicans
543 940 584 974 et
617 930 859 985 crescens²‚
884 951 902 970 »
933 931 1130 992 quamvis
1165 929 1446 989 Evangelium
1471 929 1667 974 nondum

291 999 506 1044 mundum
544 1000 719 1044 tenebat
753 1000 1001 1045 universum
1039 1018 1048 1044 ε
1085 1000 1159 1045 sed
1190 999 1458 1045 fructificare
1486 999 1595 1045 illud
1625 1000 1668 1045 in

292 1070 491 1114 universo
534 1069 696 1114 mundo
735 1069 841 1114 dixit
884 1081 926 1114 et
962 1087 1177 1126 crescere,
1208 1081 1255 1115 ut
1289 1071 1349 1115 ita
1381 1069 1666 1129 significaret,

293 1155 519 1202 quousque
539 1138 685 1184 suisset
709 1139 1017 1186 fructificando
1040 1152 1080 1185 et
1097 1140 1329 1186 crescendo
1351 1151 1598 1186 venturum.
1627 1139 1672 1184 Si

292 1226 391 1268 ergo
422 1209 525 1254 latet
548 1209 727 1272 quando
757 1211 948 1255 Ecclesia
973 1209 1268 1256 fructificante
1299 1221 1427 1273 atque
1456 1219 1673 1255 crescente

297 1281 520 1325 universus
554 1281 732 1324 omnino
760 1297 782 1324 a
811 1281 919 1326 mari
941 1297 1076 1343 usque
1104 1280 1159 1325 ad
1186 1297 1302 1326 mare
1325 1280 1442 1326 orbis
1465 1279 1673 1342 implebi-

293 1362 381 1408 tur,
415 1350 569 1414 procul
599 1350 738 1404 dubio
765 1350 869 1396 latet
898 1351 1074 1414 quando
1106 1352 1204 1396 finis
1233 1352 1341 1405 erit;
1380 1361 1477 1396 ante
1509 1351 1675 1414 quippe

296 1439 381 1467 non
402 1433 496 1468 erit.

358 1496 459 1541 LII.
492 1495 548 1539 [t
571 1505 714 1539 autem
734 1495 811 1539 tibi
838 1506 1042 1558 tanquam
1069 1507 1219 1542 sancto
1234 1496 1404 1541 homini
1427 1496 1504 1541 Dei
1527 1506 1568 1540 et
1587 1495 1677 1540 sin-

296 1566 517 1612 cerissimo
535 1566 661 1610 fratri
686 1567 875 1628 aperiam
903 1567 1062 1612 dehac
1082 1567 1319 1630 quaestione
1345 1566 1451 1629 quid
1477 1566 1675 1615 sentiam,

296 1654 415 1683 error
434 1636 613 1700 quidem
638 1637 681 1682 in
707 1648 892 1700 utroque
915 1638 1119 1684 vitandus
1153 1649 1237 1693 est,
1263 1648 1477 1701 quantum
1515 1637 1571 1682 ab
1593 1637 1680 1681 ho·-

299 1709 413 1754 mine
438 1708 565 1753 vitari
591 1718 753 1770 potest,
784 1709 871 1753 sive
890 1709 1018 1754 citius
1051 1710 1139 1755 sive
1170 1709 1363 1763 tardius,
1391 1725 1523 1772 quam
1551 1707 1679 1752 futu-

296 1797 393 1825 rum
431 1790 520 1834 est,
556 1779 772 1824 Dominus
810 1790 1017 1825 venturus
1054 1797 1140 1826 esse
1176 1780 1380 1826 credatur
1415 1798 1426 1824 ε
1466 1778 1539 1823 sed
1572 1778 1681 1824 mihi

300 1851 534 1914 quisquam
555 1867 643 1894 non
663 1849 836 1895 videtur
851 1868 991 1896 errare
1005 1888 1015 1907 ‚
1034 1868 1134 1897 cum
1157 1851 1321 1915 aliquid
1341 1850 1503 1896 nescire
1523 1867 1564 1895 se
1582 1850 1680 1904 scit,

305 1921 379 1966 sed
407 1937 508 1966 cum
534 1938 575 1966 se
597 1931 728 1983 putat
751 1921 860 1967 scire
883 1922 1002 1984 quod
1024 1923 1172 1970 nescit.
1198 1924 1516 1968 Removeamus
1539 1921 1684 1983 itaque

304 1991 357 2037 de
383 1991 525 2037 medio
547 2009 716 2037 servum
737 1991 857 2036 illum
876 1992 1039 2038 malum
1058 2031 1068 2045 ,
1097 1993 1174 2055 qui
1192 1993 1341 2038 dicens
1360 1993 1406 2038 in
1429 1991 1559 2037 corde
1576 2007 1652 2036 suo
1671 2008 1681 2035 :

308 2085 327 2104 α
351 2064 518 2108 Moram
537 2061 642 2107 facit
670 2063 884 2107 Dominus
911 2081 1031 2109 meus
1052 2063 1244 2119 venire³‚
1268 2086 1287 2104 »
1312 2062 1565 2108 dominatur
1581 2079 1686 2107 con-

302 2135 431 2180 servis
456 2135 543 2178 suis
561 2170 571 2186 ‚
590 2144 632 2177 et
651 2133 830 2178 ebriosis
850 2134 1127 2180 convivando
1152 2134 1358 2180 miscetur
1384 2151 1395 2177 z
1416 2134 1493 2178 iste
1517 2133 1685 2195 quippe

306 2203 465 2268 procul
490 2203 627 2249 dubio
653 2203 830 2248 Domini
856 2204 919 2249 sui
935 2204 1029 2249 odit
1043 2205 1294 2250 adventum.
1318 2203 1418 2259 Quo
1435 2220 1554 2248 servo
1575 2201 1688 2247 malo

309 2284 476 2320 remoto
494 2311 504 2329 ‚
532 2273 848 2319 constituamus
877 2284 973 2319 ante
1004 2275 1152 2320 oculos
1189 2287 1270 2320 tres
1302 2290 1442 2319 servos
1466 2273 1605 2318 bonos
1629 2271 1691 2317 fa-

307 2343 472 2389 miliam
497 2343 764 2388 dominicam
799 2342 1027 2403 diligenter
1061 2345 1291 2408 sobrieque
1323 2354 1582 2397 tractantes,
1611 2341 1684 2387 ad-

308 2424 488 2460 ventum
533 2414 711 2459 Domini
752 2414 818 2459 sui
859 2414 1053 2460 sitienter
1089 2415 1380 2461 desiderantes
1407 2450 1418 2469 ‚
1461 2412 1690 2472 vigilanter

352 2517 360 2538 ¹
392 2514 509 2546 Matth.
538 2526 598 2545 xxv
617 2541 625 2555 ,
663 2516 717 2551 32.
759 2533 799 2538 --
824 2512 839 2535 2
868 2513 989 2545 Coloss.
1028 2526 1039 2544 1
1061 2541 1069 2556 ‚
1104 2515 1135 2545 5.
1167 2532 1210 2538 -
1240 2511 1254 2537 3
1282 2511 1400 2545 Matth.
1429 2523 1529 2553 xxiv,
1559 2511 1622 2548 48,
1658 2515 1690 2541 et

305 2575 382 2604 Luc.
411 2581 485 2605 xxx,
515 2571 574 2606 45.
