1769 3235
323 227 417 286 466
743 239 778 269 s.
820 236 1065 269 Aususnm
1099 236 1303 269 EPISCOPI

325 405 1445 425 mssffQOsnmmwffmmmmtoe-mmmmmfflss
1455 406 1701 420 mmmm

837 526 1013 570 CAPUT
1045 525 1161 570 XIII.

631 652 697 695 De
728 666 833 693 vera
865 650 1093 708 Religion-3
1127 648 1237 690 liber
1267 665 1394 692 unus.

379 795 415 842 I.
446 795 574 841 TUNC
598 794 730 840 etiam
753 796 813 840 cle
835 812 950 840 vera
984 794 1222 856 Relc'gione
1243 792 1410 838 librum
1434 793 1587 856 scripsi
1609 829 1619 850 ‚
1649 792 1694 839 in

319 881 407 930 quo
429 865 732 929 multipliciter
756 876 798 910 et
833 864 1127 926 copiosissime
1150 863 1403 927 disputatur
1424 900 1433 919 ,
1465 879 1602 908 unum
1627 879 1702 910 ve-

317 952 416 981 rum
451 936 620 991 Deum,
657 934 822 990 idest,
861 934 1120 979 Trinitatem
1141 971 1151 989 ‚
1180 935 1354 979 Patrem
1393 943 1435 977 et
1473 933 1633 978 Filium
1663 944 1704 979 et

318 1005 534 1068 Spiritum
568 1015 767 1050 sanctum
806 1004 1011 1064 religione
1046 1022 1147 1050 vera
1171 1003 1403 1050 colendum
1439 1021 1449 1049 ε
1477 1015 1518 1049 et
1540 1014 1705 1067 quanta

318 1075 614 1122 misericordia
640 1079 731 1134 ejus
748 1111 758 1131 ‚
782 1092 862 1138 per
881 1075 1165 1138 temporalem
1195 1074 1563 1138 dispensationem
1595 1091 1704 1119 con—

320 1162 436 1191 cessa
457 1145 511 1190 sit
534 1145 790 1190 hominibus
811 1145 1061 1191 Christiana
1085 1145 1234 1204 religio
1255 1181 1264 1199 ‚
1294 1161 1395 1207 quae
1431 1161 1530 1190 vera
1558 1144 1706 1204 religio

326 1226 390 1260 est
411 1251 422 1270 ,
442 1225 485 1259 et
511 1214 566 1260 ad
586 1213 784 1260 eumdem
810 1214 978 1260 cultum
1006 1215 1084 1260 Dei
1104 1213 1475 1277 quemadmodum
1500 1224 1554 1258 sit
1571 1213 1705 1260 homo

321 1283 510 1347 quadam
532 1284 621 1330 vita
647 1301 724 1329 sua
741 1283 1028 1347 coaptandUS.
1060 1284 1245 1329 Maxime
1262 1295 1406 1329 tamen
1428 1294 1580 1330 eontra
1597 1284 1707 1330 duas

319 1364 496 1400 naturas
517 1353 873 1400 Maniehaeorum
897 1353 1012 1398 liber
1031 1353 1106 1399 hic
1131 1353 1342 1416 loquitur.

389 1427 449 1472 ΙΙ.
483 1425 533 1470 In
564 1424 653 1469 hoe
683 1422 798 1469 libro
825 1423 1020 1487 quodam
1044 1423 1142 1469 loco
1165 1441 1174 1468 :
1204 1445 1223 1465 «
1242 1427 1313 1469 Sir
1332 1460 1342 1478 ‚
1377 1423 1558 1487 inquam
1577 1461 1588 1480 ‚
1620 1425 1707 1469 tc'bc'

325 1496 658 1554 manifestum,
712 1505 858 1557 atque
911 1505 1187 1557 perceptum
1244 1494 1423 1539 nullum
1446 1531 1457 1550 ,
1506 1511 1707 1540 errorem

325 1571 383 1612 in*
398 1566 618 1629 religione
642 1581 739 1609 6336
754 1569 988 1626 poluisse,
1015 1569 1061 1609 3ί
1081 1569 1242 1609 anima
1259 1581 1352 1627 pro
1381 1567 1486 1610 Deo
1507 1582 1594 1610 suo
1612 1583 1704 1610 non

323 1636 498 1682 coleret
516 1638 732 1680 animam
753 1670 764 1691 ‚
788 1645 875 1679 auc
896 1651 1064 1698 corpus
1083 1672 1093 1691 ,
1122 1644 1207 1679 αιιί
1225 1635 1578 1696 plzancasmata
1598 1653 1699 1681 sua.

323 1708 408 1755 Hic
428 1709 612 1754 animam
634 1724 715 1770 pro
744 1706 943 1753 universa
964 1717 1162 1753 creatura
1187 1707 1456 1771 incorporali
1475 1709 1602 1771 posui
1621 1725 1709 1755 non

326 1779 509 1843 loquens
540 1794 659 1824 more
687 1778 1035 1841 Scripturarum‚
1059 1795 1160 1841 quae
1183 1780 1370 1824 animam
1389 1817 1399 1836 ‚
1423 1780 1600 1843 quando
1620 1798 1710 1826 non

329 1849 539 1896 translato
578 1848 714 1895 verbo
749 1859 959 1905 utuntur,
994 1850 1139 1894 nescio
1170 1860 1319 1894 utrum
1358 1849 1493 1896 velint
1528 1850 1710 1913 intelligi

333 1921 417 1967 nisi
449 1936 543 1965 eam
565 1955 576 1975 ‚
603 1935 692 1981 qua
723 1919 878 1965 vivunt
901 1919 1104 1964 animalia
1127 1920 1328 1965 mortalia
1347 1957 1357 1976 ‚
1400 1920 1445 1966 in
1471 1922 1633 1984 quibus
1658 1928 1709 1970 ‘et

332 1991 532 2039 homines
552 2000 680 2046 sunt,
711 1990 907 2053 quandiu
925 1990 1127 2036 mortales
1147 2003 1261 2038 sunt.
1283 1991 1420 2037 Paulo
1445 2003 1542 2055 post
1566 2004 1710 2040 autem

335 2061 537 2108 eumdem
561 2077 732 2106 sensum
751 2060 903 2106 melius
929 2078 1022 2106 sum
1042 2061 1305 2125 breviusque
1333 2063 1607 2126 complexus,
1632 2065 1711 2111 ubi

337 2131 457 2178 dixi:
487 2134 598 2177 Non
627 2148 735 2194 ergo
762 2142 988 2176 creatura:
1001 2138 1164 2193 potc'zcs
1193 2150 1341 2195 quam
1381 2136 1590 2179 Creatori
1610 2152 1710 2180 ser-

339 2217 542 2253 mamas,
582 2217 667 2245 nec
699 2218 1032 2246 etalzescalmls
1053 2219 1101 2245 m
1127 2219 1208 2265 cog
1188 2203 1481 2248 oi'zatcombas
1512 2209 1706 2262 nostris,

338 2282 385 2318 ec
401 2275 608 2345 pelsecta
636 2272 748 2335 relig
729 2276 800 2317 ›lo
826 2283 907 2318 (msc
939 2271 1193 2316 Creaturam
1220 2273 1386 2336 quippe
1417 2290 1503 2319 uno
1535 2277 1711 2323 nomine

337 2342 599 2404 utramque,
630 2341 675 2387 id
700 2353 761 2387 est
777 2341 1047 2406 ,spiritalem
1069 2359 1242 2405 corpor
1232 2344 1426 2407 demque
1450 2345 1704 2405 significavi.

337 2415 489 2460 Restat
512 2412 633 2475 quod
657 2413 720 2458 ibi
743 2380 864 2470 dixi,
891 2424 975 2459 aut
994 2414 1349 2478 phantasmata
1379 2433 1502 2461 sua:
1531 2430 1712 2481 propter

334 2481 457 2548 quod
504 2483 582 2529 hic
617 2483 728 2543 dixi,
763 2502 848 2531 nec
882 2501 1214 2532 evanescamus
1258 2491 1306 2532 in
1349 2489 1712 2550 cogitationibus
1766 2548 1769 2557 1

336 2553 520 2601 nostris.
