1769 3235
515 285 727 317 EPISTOLA
763 286 908 316 cxcrx.
1329 289 1414 334 ως)

46 356 262 403 secutione
282 354 526 400 vincantur.
567 352 665 397 Sive
693 351 738 396 in
772 368 956 414 corpore
986 368 1092 408 suo,
1118 353 1162 398 in
1194 370 1281 417 quo
1304 354 1422 401 sedet

47 426 100 472 ad
120 426 332 472 dexteram
362 423 503 469 Patris
521 460 532 478 ‚
558 422 603 467 in
624 437 711 484 quo
731 421 860 466 etiam
884 432 1080 467 mortuus
1099 436 1160 468 est
1180 460 1190 480 ,
1217 435 1258 470 et
1280 442 1417 471 resur-

46 497 175 552 rexit,
204 506 246 541 et
278 494 467 540 ascendit
498 495 541 538 in
568 492 754 548 coelum,
790 491 1027 536 secundum
1065 494 1181 554 quod
1205 495 1419 557 scriptum

47 578 106 614 est
127 567 171 612 in
196 567 381 612 Actibus
407 563 713 628 Apostolorum
735 599 745 617 ‚
776 583 795 603 α
818 563 895 607 Hls
922 562 1049 607 dictis
1070 564 1206 610 nubes
1232 567 1422 629 suscepit

48 660 68 680 »
89 654 188 683 eum
207 674 217 693 ‚
245 648 287 682 et
306 636 504 682 sublatus
532 645 595 680 est
618 634 674 678 ab
698 632 755 678 eis
771 631 805 678 ¹1.
828 654 848 674 ›>
873 633 927 676 Et
950 632 1050 695 quia
1071 633 1159 679 illic
1182 635 1309 680 etiam
1331 636 1420 682 dic-

49 719 141 754 tum
166 717 227 752 est
253 708 308 752 ab
330 706 503 766 Angelis
519 742 529 761 ,
560 726 580 746 c<
601 704 672 750 Sic
696 704 837 748 veniet
859 703 1228 766 quemadmodum
1256 706 1423 753 vidistis

49 801 70 822 »
88 795 186 824 eum
214 789 386 823 euntem
412 777 457 822 in
477 775 669 822 coelum²
686 812 697 831 ‚
723 794 744 815 »
783 775 937 819 merito
961 774 1203 821 credendus
1223 789 1284 822 est
1303 814 1313 833 ‚
1337 795 1427 823 non

49 848 186 894 solum
210 849 254 893 in
276 848 427 894 eodem
447 863 647 909 corpore,
673 844 953 890 verumetiam
980 845 1023 889 in
1046 846 1164 891 nube
1186 858 1391 892 venturus
1412 865 1422 891 :

52 919 257 982 quoniam
289 918 350 964 sic
382 917 525 964 veniet
551 917 661 962 sicut
687 915 822 967 abiit,
859 925 899 960 et
934 916 1070 961 nubes
1102 933 1200 961 eum
1238 919 1428 981 suscepit

53 990 300 1036 abeuntem.

113 1060 257 1106 XLII.
289 1058 373 1104 Sed
398 1059 557 1104 horum
579 1058 766 1104 duorum
791 1057 896 1121 quid
920 1058 992 1103 hic
1014 1057 1160 1120 potius
1179 1058 1427 1119 eligendum

56 1130 131 1186 sit,
149 1129 346 1189 judicare
375 1128 550 1174 difficile
576 1139 650 1174 est.
679 1128 935 1191 Promptior
956 1127 1134 1192 quidem
1165 1145 1308 1174 sensus
1338 1140 1427 1185 est,

54 1212 102 1246 ut
122 1200 306 1262 quisque
331 1216 431 1244 cum
455 1198 642 1244 audierit
668 1197 734 1243 vel
757 1197 933 1257 legerit,
967 1220 985 1239 «
1004 1202 1060 1243 Et
1082 1209 1187 1244 tunc
1210 1198 1427 1245 videbunt

55 1293 75 1313 »
97 1270 254 1316 Filium
274 1269 464 1315 hominis
475 1269 715 1314 venientem
739 1269 784 1312 in
805 1269 923 1313 nube
940 1285 1039 1314 cum
1052 1279 1262 1331 potestate
1278 1286 1433 1330 magna

51 1363 71 1384 »
94 1352 135 1387 et
158 1344 399 1400 majestate,
420 1363 434 1379 »
465 1339 609 1402 ipsum
634 1354 811 1402 prorsus
828 1338 1018 1401 accipiat
1039 1343 1130 1397 ejus
1151 1338 1386 1384 adventum
1412 1376 1424 1395 ‚

56 1429 141 1458 non
167 1428 246 1474 per
271 1409 506 1456 Ecclesiam
525 1447 535 1466 ‚
559 1408 632 1455 sed
656 1426 732 1472 per
756 1425 797 1454 se
815 1409 960 1471 ipsum
980 1446 990 1463 ,
1020 1409 1197 1472 quando
1226 1419 1433 1455 venturus

55 1493 114 1527 est
133 1482 188 1527 ad
211 1481 331 1527 vivos
349 1492 391 1526 et
413 1491 610 1525 mortuos
631 1479 909 1539 Judicandos.
937 1479 1021 1524 Sed
1043 1480 1251 1541 quoniam
1278 1480 1434 1544 Scrip-

58 1563 166 1598 turae
185 1551 432 1598 scrutandae
450 1562 551 1596 sunt
569 1588 580 1607 ‚
598 1568 678 1596 nec
698 1567 847 1595 earum
873 1551 1102 1613 superficie
1122 1549 1330 1596 debemus
1349 1568 1434 1596 esse

57 1624 248 1670 contenti
268 1661 277 1678 ‚
304 1639 404 1686 quae
423 1621 476 1667 ad
499 1621 845 1668 exercitationem
874 1633 1063 1667 nostram
1089 1622 1146 1666 ita
1167 1621 1432 1668 modificatae

55 1706 154 1741 sunt
173 1732 183 1750 ,
214 1705 260 1739 ut
278 1693 404 1739 altius
429 1710 470 1738 se
495 1693 713 1756 penetrari
733 1692 896 1747 velint‚
923 1692 1152 1752 diligenter
1175 1703 1275 1737 sunt
1299 1693 1432 1755 inspi-

57 1764 208 1811 cienda
228 1764 466 1828 sequentia.
488 1765 603 1808 Cum
621 1763 733 1809 enim
759 1762 931 1808 dixisset
951 1781 959 1806 :
979 1784 997 1803 α
1021 1764 1073 1806 Et
1095 1773 1198 1806 tunc
1218 1762 1433 1808 videbunt

55 1858 75 1878 »
96 1836 254 1882 Filium
272 1835 464 1881 hominis
478 1834 718 1879 venientem
732 1834 775 1878 in
793 1833 909 1878 nube
922 1850 1021 1878 cum
1041 1843 1255 1895 potestate
1273 1850 1425 1893 magna

54 1929 75 1951 »
94 1918 135 1953 et
169 1912 417 1967 majestate3
440 1927 460 1947 n
495 1904 694 1964 adjunxit
740 1914 868 1966 atque
912 1904 1000 1949 ait.
1030 1903 1146 1948 «His
1171 1914 1310 1948 autem
1338 1905 1429 1950 fieri

55 2000 76 2020 »
95 1975 642 2041 incipientibus‚respicite
662 1985 703 2020 et
726 1974 864 2019 levate
881 1974 1026 2037 capita
1048 1984 1202 2029 vestra,
1225 1975 1433 2037 quoniam

55 2071 75 2092 »
92 2049 420 2112 appropinquat
443 2046 685 2109 redemptio
712 2056 865 2091 vestra.
897 2048 951 2090 Et
973 2045 1080 2089 dixit
1107 2044 1191 2089 illis
1218 2045 1427 2091 similitu—

55 2141 76 2163 »
97 2120 242 2165 dinem
266 2137 276 2163 :
303 2118 454 2164 Videte
474 2115 706 2162 ficulneam
727 2126 768 2160 et
792 2132 940 2160 omnes
965 2115 1163 2170 arbores,
1189 2131 1289 2160 cum
1322 2134 1430 2179 pro-

56 2193 266 2239 »ducunt
296 2193 389 2249 jam
421 2206 469 2234 ex
500 2205 540 2233 se
562 2187 781 2237 fructum.
810 2187 925 2233 scitis
955 2187 1162 2249 quoniam
1194 2204 1336 2249 prope
1367 2200 1429 2234 est

58 2287 79 2310 »
97 2275 218 2310 aestas
239 2280 249 2307 :
271 2262 331 2307 ita
353 2271 394 2306 et
419 2277 493 2305 vos
512 2276 612 2305 cum
640 2258 832 2304 videritis
868 2258 966 2303 haee
991 2257 1105 2312 fieri,
1141 2257 1292 2303 scitote
1312 2276 1427 2323 quo-

58 2361 80 2383 »
101 2337 214 2383 niam
234 2350 372 2398 prope
388 2343 430 2377 et
446 2347 626 2391 regnum
653 2329 781 2376 Dei-⁹³.
813 2350 833 2371 ›>
857 2330 970 2374 Dum
996 2345 1095 2388 ergo
1116 2328 1224 2374 dicit
1246 2347 1256 2374 ι
1279 2351 1298 2371 «
1314 2335 1429 2377 Cum

57 2431 79 2453 >›
99 2406 291 2454 videritis
312 2404 410 2449 haec
434 2403 552 2458 fieri3
569 2422 588 2442 υ
615 2417 715 2464 quae
734 2399 973 2459 intelligere
992 2399 1231 2462 poterimus
1247 2437 1256 2455 ,
1280 2401 1361 2446 nisi
1382 2420 1429 2449 ea

58 2496 157 2544 quae
180 2493 313 2540 supra
332 2482 671 2520 commemorata
701 2474 837 2516 sunt?
862 2471 913 2515 ln
945 2469 1014 2515 his
1036 2480 1098 2515 est
1127 2481 1267 2516 autem
1300 2473 1430 2519 etiam

58 2549 175 2617 quod
195 2548 281 2594 ait:
309 2568 328 2587 (ι
351 2545 406 2590 Et
429 2554 538 2589 tunc
559 2541 775 2588 videbunt
795 2540 953 2586 Filium
984 2540 1173 2587 hominis
1188 2542 1430 2590 venientem

107 2633 207 2668 lAet.
234 2642 262 2669 1,
278 2641 312 2671 9.
329 2646 372 2652 -—
392 2625 505 2661 21bid.
526 2637 638 2659 11.—
657 2622 671 2647 3
687 2628 764 2659 Luc.
781 2635 847 2663 xxi,
868 2625 922 2655 28.

219 2699 402 2731 cxtvln.
1275 2699 1304 2747 9
