1769 3235
443 244 868 290 ammoni-lenm,
909 250 997 281 Lm.
1040 253 1072 282 1.
1363 242 1456 304 437

44 298 48 371 f
85 320 154 356 tor
174 319 215 355 ct
234 309 449 363 conditor,
474 311 749 358 sicutbcatus
769 314 1016 377 Cyprianus
1030 334 1118 363 non
1143 330 1374 367 cunctatus
1392 333 1455 369 est

0 437 3 440 ‚
42 374 45 410 Ῑ
84 379 253 426 dicere:
277 403 296 422 «
320 383 428 427 Nam
444 397 542 426 cum
565 397 726 443 corpus
748 400 770 428 e
792 394 918 440 terra,
941 386 1142 448 spiritum
1160 389 1457 450 possideamus

40 459 43 514 ξ
84 472 106 493 >>
123 451 287 507 ecoelo,
309 452 392 515 ipsi
417 463 526 497 terra
543 462 584 497 et
595 452 756 498 coelum
776 455 958 502 sumus1.
977 478 997 498 »
1020 459 1074 502 Et
1096 458 1141 503 in
1161 459 1275 505 libro
1296 462 1451 508 Eccle-

37 577 40 589 ‚
82 521 220 568 siastae
253 524 464 586 scriptum
483 533 546 568 est
579 540 590 567 z
625 523 852 586 «Spiritus
870 538 1110 573 revertatur
1123 528 1177 574 ad
1200 534 1356 589 Deum,
1377 533 1455 594 qui

0 589 2 595 ’
35 611 37 660 j
83 591 240 637 »dedit
265 593 387 638 illum
411 595 442 639 ².
475 614 495 636 >³
521 593 654 649 Quod
683 595 832 658 utique
866 596 926 640 sic
957 596 1285 657 intelligendum
1308 612 1387 657 est,
1412 613 1460 647 ut

34 680 35 727 j
80 679 165 708 non
183 664 402 709 resistatur
417 664 621 727 Apostolo
640 663 822 719 dicenti,
846 664 1042 711 nondum
1059 678 1179 713 natos
1197 669 1309 714 nihil
1323 670 1455 729 egisse

26 744 35 761 ·
78 733 184 778 boni
211 744 284 779 aut
307 734 408 779 mali
431 734 463 781 3.
497 735 596 780 Sine
611 735 905 781 controversia
923 752 1023 796 ergo
1037 738 1242 800 quaedam
1260 740 1455 800 origina-

80 803 132 849 lis
155 806 268 864 regio
289 804 572 850 beatitudinis
596 806 743 856 animi,
772 807 886 852 Deus
908 806 999 869 ipse
1034 819 1114 864 est,
1149 810 1224 872 qui
1250 826 1347 855 eum
1368 828 1458 857 non

29 887 30 891 ’
80 874 254 938 quidem
268 875 321 920 de
341 893 382 920 se
396 876 490 939 ipso
508 877 673 935 genuit,
687 877 759 922 sed
778 877 832 922 de
850 878 969 923 nulla
991 895 1035 923 re
1056 878 1137 924 alia
1156 878 1374 936 condidit,
1400 882 1454 926 si-

26 965 27 970 *
80 955 155 990 cut
180 945 379 991 condidit
410 963 570 1009 corpus
590 964 612 992 e
638 958 766 993 terra.
810 948 921 993 Nam
960 949 1079 1012 quod
1106 949 1256 995 attinet
1285 949 1341 995 ad
1366 954 1457 1010 eJ‘us

24 1011 27 1038 '⁴
80 1014 307 1074 originem,
336 1033 422 1079 qua
445 1017 494 1061 fit
515 1027 561 1062 ut
578 1017 688 1062 sitin
715 1034 916 1080 corpore,
935 1029 1085 1065 utrum
1108 1019 1161 1065 de
1180 1019 1255 1065 illo
1280 1036 1369 1066 uno
1390 1021 1460 1078 sit,

79 1085 153 1147 qui
178 1086 365 1147 primum
386 1097 556 1132 creatus
587 1098 665 1140 est,
689 1088 868 1151 quando
890 1089 1029 1134 factus
1049 1100 1110 1135 est
1133 1090 1268 1135 homo
1290 1091 1334 1135 in
1362 1091 1460 1136 ani-

80 1172 192 1200 mam
210 1157 378 1209 vivam3
426 1175 477 1202 an
525 1158 719 1203 similiter
740 1159 797 1204 ita
825 1160 933 1204 fiant
964 1160 1143 1220 singulis
1177 1160 1354 1221 singuli,
1379 1178 1459 1207 nec

80 1235 186 1271 tune
206 1227 414 1282 sciebam,
441 1244 518 1273 nec
546 1228 693 1274 adhuc
714 1229 818 1276 scio.

149 1296 223 1343 lV.
263 1299 313 1342 In
341 1297 456 1343 libro
490 1299 614 1343 tertio
637 1335 647 1352 ,
675 1302 727 1343 Sc·
747 1298 867 1361 qm'cl
887 1299 1008 1344 milei
1032 1301 1256 1344 videatur
1278 1304 1460 1363 (suoeris,

77 1366 256 1431 inquam
279 1406 288 1422 ‚
327 1375 375 1414 z'n
415 1381 571 1414 mente
604 1370 814 1414 arbitror
849 1387 948 1415 esse
985 1387 1222 1415 summum
1256 1371 1462 1415 lzomc'm's

80 1438 266 1484 bonum.
291 1439 441 1485 Verius
465 1439 661 1484 dixissem
681 1476 691 1494 ‚
721 1442 770 1484 ιή
795 1444 912 1486 Deo.
944 1441 1045 1503 Ipso
1065 1441 1179 1485 enim
1205 1457 1326 1486 mens
1347 1439 1462 1486 frui-

79 1519 173 1563 tur,
203 1521 251 1555 ut
274 1511 401 1555 beata
433 1510 511 1566 sit,
544 1520 750 1573 tanquam
779 1527 949 1556 summo
968 1511 1086 1556 bono
1111 1527 1203 1557 suo.
1232 1510 1322 1556 Nec
1347 1510 1457 1557 mihi

76 1580 183 1626 illud
212 1581 354 1644 placet
377 1581 496 1644 quod
523 1581 609 1626 dixi
634 1600 644 1627 :
681 1586 849 1645 Liquet
875 1580 1095 1643 dejerare
1114 1599 1212 1645 per
1234 1598 1376 1627 omne
1395 1580 1463 1626 cli-

80 1657 249 1698 vinum.
277 1653 382 1697 ltem
407 1652 526 1715 quod
547 1652 635 1698 dixi
655 1652 709 1698 de
741 1652 1038 1707 Academicis,
1069 1652 1172 1715 quia
1194 1668 1346 1698 verum
1378 1667 1463 1697 no-

77 1734 250 1779 verant,
268 1728 394 1785 cujus
417 1724 555 1770 simile
585 1724 870 1787 appellabant
890 1723 1142 1779 verisimile,
1164 1723 1296 1786 idque
1312 1723 1456 1786 ipsum

77 1794 304 1841 verisimile
340 1794 557 1858 appellavi
601 1795 757 1839 falsum
777 1831 788 1850 ‚
829 1793 950 1858 quod
980 1793 1323 1856 approbabant,
1350 1791 1461 1838 duas

77 1865 135 1911 ob
169 1882 317 1911 causas
342 1883 426 1911 non
453 1875 568 1910 recte
598 1864 767 1910 dictum
797 1875 858 1910 est
882 1882 892 1909 :
922 1864 988 1910 vel
1006 1863 1125 1928 quod
1150 1863 1305 1909 falsum
1332 1872 1455 1915 esset,

75 1935 196 2000 quod
231 1936 377 2000 aliquo
417 1935 549 1982 modo
580 1945 687 1981 esset
731 1935 867 1980 simile
908 1934 1096 1994 alicujus
1126 1933 1245 1987 veri,
1278 1932 1383 1996 quia
1412 1932 1459 1978 in

76 2024 228 2067 genere
247 2024 324 2053 suo
344 2017 386 2053 et
413 2006 501 2053 hoc
524 2023 675 2053 verum
699 2016 762 2052 est
785 2023 796 2051 ε
826 2004 892 2052 vel
907 2005 1027 2069 quod
1046 2004 1356 2068 approbabant
1378 2002 1459 2049 ista

76 2077 180 2124 falsa
202 2115 213 2134 ‚
249 2095 349 2142 quae
373 2078 592 2124 vocabant
622 2076 891 2134 verisimilia,
920 2093 1019 2123 cum
1049 2076 1110 2122 illi
1148 2074 1259 2121 nihil
1290 2091 1459 2138 appro-

76 2148 255 2204 barent,
296 2159 339 2194 et
377 2148 641 2194 affirmarent
666 2147 777 2193 nihil
804 2147 1050 2211 approbare
1086 2147 1339 2209 sapientem.
1372 2143 1459 2191 Sed

76 2218 180 2282 quia
206 2219 290 2265 hoc
307 2219 451 2283 ipsum
471 2218 701 2264 verisimile
715 2219 845 2264 etiam
865 2215 1098 2281 probabile
1118 2214 1459 2278 nuncupabant,

77 2289 184 2335 hinc
218 2289 378 2335 factum
415 2300 477 2334 est
509 2300 558 2335 ut
581 2289 666 2334 hoc
704 2287 757 2334 de
792 2287 877 2333 illis
912 2286 1117 2333 dicerem.
1147 2287 1263 2330 Laus
1285 2299 1463 2348 quoque

76 2358 168 2424 ipsa
186 2397 196 2417 ‚
227 2378 314 2425 qua
338 2361 562 2407 Platonem
582 2359 650 2406 vel
675 2358 924 2405 Platonicos
951 2374 1024 2403 seu
1046 2355 1329 2402 Academicos
1349 2353 1460 2418 phi-

77 2427 285 2495 losophos
318 2442 486 2477 tantum
514 2430 670 2487 extuli,
711 2439 925 2493 quantum
952 2427 1113 2492 impios
1138 2425 1340 2473 homines
1371 2440 1464 2470 non

77 2503 295 2566 oportuit,
319 2521 407 2550 non
425 2502 647 2549 immerito
667 2501 776 2548 mibi
802 2499 1029 2565 displicuit
1053 2517 1064 2544 :
1089 2495 1333 2563 praesertim
1350 2510 1462 2560 quo-

129 2586 139 2607 ¹
158 2587 256 2637 Cypr.
277 2586 334 2620 lib.
356 2587 395 2620 de
413 2589 504 2620 Orat.
524 2590 619 2621 Dom.
640 2603 680 2611 —
696 2584 712 2608 2
728 2585 835 2618 Eccle.
854 2595 914 2627 κη,
934 2595 967 2623 7.
981 2600 1027 2609 —
1040 2579 1056 2606 3
1073 2585 1168 2616 Rom.
1187 2591 1234 2620 xx,
1252 2591 1307 2620 ,1¹-
