1769 3235
348 302 641 349 claudicabat.
684 301 788 346 Erat
825 302 940 346 enim
979 319 1124 349 rerum
1162 302 1467 349 tantummodo
1499 303 1721 351 humana-

344 390 470 425 rum3
498 388 585 416 non
618 371 747 416 etiam
770 370 1018 417 divinarum
1033 410 1044 429 ‚
1079 373 1276 436 quamvis
1300 389 1400 418 cum
1420 374 1721 421 benevolentia

347 453 389 488 et
412 443 627 487 charitate
645 441 896 491 consensio..

407 514 466 559 ll.
492 514 546 557 Et
566 523 714 575 postea
733 529 863 575 quam
886 512 959 559 illa
979 530 1136 577 cupere
1156 515 1318 571 destiti,
1348 525 1393 561 tu
1417 514 1594 579 quidem
1613 532 1743 578 per-¹

340 593 558 629 severante
585 582 887 628 benevolentia
907 620 917 639 ‚
954 584 1119 629 salvum
1153 602 1219 630 me
1249 602 1334 630 esse
1355 585 1562 648 cupiebas
1582 585 1719 631 salute

341 653 544 709 mortali,
568 663 609 697 et
626 667 674 697 ea
692 669 831 698 rerum
852 655 1139 716 prosperitate
1154 654 1321 699 felicem
1339 691 1349 710 ‚
1372 671 1506 718 quam
1526 654 1718 700 mundus

341 734 492 787 optare
516 722 752 770 consuevit.
784 724 838 767 Et
855 727 947 782 jam
974 723 1034 768 sic
1060 723 1203 786 itaque
1230 724 1499 787 aliquantum
1523 724 1605 769 tibi
1629 734 1719 769 erat

340 811 512 840 mecum
536 810 678 839 rerum
700 793 995 839 humanarum
1017 794 1226 840 benevola
1251 805 1292 840 et
1317 794 1451 839 chara
1476 794 1711 840 consensio.
1744 795 1749 853 ξ

343 867 472 911 Nunc
493 881 593 911 vero
612 874 826 926 quantum
851 863 903 907 de
930 874 969 908 te
989 863 1155 922 gaudeo
1172 901 1182 919 ‚
1209 865 1371 927 quibus
1393 863 1601 927 explicem
1626 881 1720 910 ver·
1744 854 1750 902 ἱ

340 935 409 982 his
422 972 432 991 ‚
450 934 628 998 quando
646 950 743 978 eum
762 949 892 995 quem
911 949 1089 996 quoquo
1105 935 1235 979 modo
1254 935 1392 980 habui
1408 934 1485 979 diu
1498 935 1687 979 amicum
1704 970 1717 990 ‚
1745 903 1752 998 l

341 1005 485 1050 habeo
511 1008 604 1063 jam
631 1020 780 1049 verum
809 1005 1012 1049 amicum.
1053 1005 1242 1050 Accessit
1267 1006 1381 1050 enim
1416 1004 1544 1050 etiam
1576 1020 1721 1049 rerum
1746 1010 1752 1067 ξ

342 1073 563 1118 consensio
593 1072 866 1125 divinarum3
903 1073 1108 1134 quoniam
1140 1074 1216 1136 qui
1241 1091 1412 1119 mecum
1442 1073 1721 1135 temporalem
1748 1071 1754 1126 ἰ

340 1144 474 1189 vitam
497 1141 720 1205 quondam
744 1141 1064 1200 jucundissima
1088 1144 1356 1203 benignitate
1387 1143 1575 1198 duxisti,
1604 1159 1724 1188 nunc
1749 1135 1757 1189 ἒ

340 1229 416 1276 spe
440 1212 541 1259 vitae
570 1222 745 1256 aeternae
777 1228 952 1257 mecum
977 1229 1063 1258 esse
1087 1213 1276 1277 coepisti.
1310 1213 1444 1259 Modo
1464 1229 1564 1257 vero
1595 1212 1722 1257 etiam
1749 1196 1756 1272 i

342 1283 396 1329 de
419 1283 548 1329 rebus
568 1282 771 1327 humanis
802 1282 914 1327 inter
943 1299 1021 1327 nos
1053 1283 1171 1329 nulla
1196 1284 1401 1329 dissensio
1429 1293 1517 1340 est,
1554 1283 1631 1348 qui
1656 1299 1724 1327 eas
1750 1273 1757 1363 l

341 1370 487 1400 rerum
519 1353 766 1399 divinarum
792 1352 1039 1412 cognitione
1070 1371 1300 1416 pensamus
1318 1391 1328 1406 ‚
1357 1371 1410 1399 ne
1436 1353 1536 1416 plus
1563 1352 1621 1397 eis
1642 1353 1725 1397 tri-
1752 1365 1757 1374 ’

341 1425 530 1470 buamus
546 1459 556 1478 ,
575 1439 706 1487 quam
733 1421 888 1466 modus
910 1439 1056 1467 earum
1072 1423 1305 1483 justissime
1320 1423 1536 1487 postulat3
1560 1439 1639 1468 nec
1655 1439 1725 1467 eas

343 1495 390 1541 in
413 1494 557 1561 aliquo
577 1502 832 1555 contemptu
851 1491 1119 1552 abjiciendo,
1148 1495 1342 1540 Creatori
1363 1510 1511 1540 earum
1537 1492 1724 1537 Domino
1760 1474 1769 1552 l

342 1581 487 1611 rerum
504 1562 744 1609 coelestium
764 1572 893 1625 atque
916 1563 1178 1608 terrestrium
1196 1562 1640 1623 faciamusinjuriam.
1659 1562 1726 1606 Ita
1766 1568 1769 1614 ἦ

344 1635 396 1681 fit
419 1644 467 1679 ut
487 1634 598 1678 inter
622 1648 730 1695 quos
755 1632 915 1677 amicos
939 1649 1028 1677 non
1052 1643 1114 1678 est
1133 1650 1277 1679 rerum
1305 1633 1526 1679 consensio
1549 1631 1725 1678 divina·
1767 1622 1769 1640 ⁸

343 1721 466 1761 rum,
493 1719 573 1748 nec
591 1702 885 1747 humanarum
907 1701 1037 1764 plena
1062 1720 1147 1748 esse
1171 1704 1307 1766 possit
1330 1721 1380 1749 ac
1403 1720 1516 1750 vera.
1550 1703 1727 1747 Necesse
1764 1754 1769 1760 .

346 1786 408 1821 est
443 1774 557 1820 enim
593 1772 795 1820 utjaliter
828 1789 961 1835 quam
990 1783 1166 1835 oportet
1197 1773 1391 1820 humana
1418 1772 1625 1828 aestimet,
1650 1771 1728 1835 qui
1767 1825 1769 1831 A

348 1845 498 1894 divina
522 1843 788 1898 contemnit,
813 1860 896 1889 nec
928 1842 1149 1889 bominem
1178 1854 1292 1889 recte
1327 1844 1504 1904 diligere
1527 1842 1723 1898 noverit,
1768 1848 1769 1853 ’

348 1916 545 1979 quisquis
563 1931 661 1960 eum
682 1931 769 1959 non
790 1913 933 1973 diligit
951 1914 1028 1977 qui
1041 1913 1264 1959 hominem
1282 1913 1399 1960 fecit.
1415 1911 1625 1958 ”Proinde
1639 1928 1728 1956 non
1766 1918 1769 1967 j

349 1987 450 2033 dico
474 2003 592 2032 nunc
605 1985 714 2031 mihi
738 1984 909 2047 plenius
929 1985 1093 2030 amicus
1116 2001 1158 2029 es
1174 2021 1184 2040 ‚
1206 1985 1282 2047 qui
1307 2002 1397 2030 eras
1416 2001 1463 2029 ex
1480 1992 1629 2047 parte3
1654 1980 1726 2027 sed

349 2069 564 2120 quantum
580 2055 689 2101 ratio
707 2054 875 2100 indicat
891 2091 901 2110 ,
927 2071 1006 2100 nec
1029 2072 1076 2100 ex
1100 2065 1226 2118 parte
1245 2072 1360 2111 eras,
1390 2052 1568 2118 quando
1585 2068 1664 2097 nec
1681 2051 1729 2096 in
1761 2057 1769 2130 ᾗ

348 2128 479 2174 rebus
505 2127 711 2172 humanis
733 2142 902 2172 mecum
924 2125 1159 2171 amicitiam
1183 2142 1325 2171 veram
1350 2124 1540 2170 tenebas
1563 2124 1727 2169 Rerum
1762 2131 1769 2203 f

350 2198 519 2267 quippe
543 2196 818 2252 divinarum,
847 2212 893 2241 ex
919 2195 1081 2259 quibus
1107 2205 1220 2240 recte
1245 2195 1439 2240 humana
1471 2202 1725 2256 pensantur,

351 2268 493 2314 socius
523 2267 635 2313 mihi
667 2265 866 2312 nondum
896 2282 1011 2322 eras,
1051 2265 1136 2311 sive
1160 2264 1338 2330 quando
1371 2281 1450 2310 nec
1473 2264 1564 2325 ipse
1593 2262 1639 2307 in
1670 2261 1729 2306 eis
1763 2279 1769 2330 ξ

350 2356 467 2384 eram
485 2376 494 2394 ‚
519 2339 607 2383 sive
626 2348 773 2400 postea
800 2353 931 2402 quam
951 2353 1028 2395 ego
1052 2352 1120 2380 eas
1141 2346 1381 2398 utcumque
1406 2349 1554 2398 sapere
1573 2331 1692 2396 coepi
1711 2367 1723 2388 ‚
1764 2334 1769 2387 ξ

355 2428 377 2456 a
393 2410 556 2477 quibus
583 2418 629 2454 tu
653 2408 779 2468 longe
805 2407 1089 2453 abhorrebas.
1764 2392 1769 2422 ς

420 2481 504 2526 ΙΙΙ.
535 2479 647 2525 Nolo
669 2489 811 2524 autem
841 2493 1111 2532 succenseas,
1136 2492 1216 2522 nec
1242 2475 1322 2521 tibi
1350 2474 1549 2522 videatur
1572 2472 1730 2518 absur-

355 2553 460 2600 dum
478 2588 491 2610 ,
518 2550 640 2619 quod
666 2549 742 2596 illo
762 2559 957 2613 tempore
979 2564 1081 2595 cum
1111 2546 1159 2593 in
1175 2563 1285 2595 vana
1302 2545 1439 2610 hujus
1466 2542 1624 2591 mundi
1644 2558 1729 2590 aes-
1767 2559 1769 2609 ἦ

1728 0 1735 95 l

344 223 437 270 38ss
774 236 810 266 s·
852 235 1097 268 AUGUSTINI
1133 237 1337 269 Episcopi
1732 199 1743 531 ιι
