<?xml version="1.0" encoding="UTF-8"?>
<!DOCTYPE html PUBLIC "-//W3C//DTD XHTML 1.0 Transitional//EN"
    "http://www.w3.org/TR/xhtml1/DTD/xhtml1-transitional.dtd">
<html xmlns="http://www.w3.org/1999/xhtml" xml:lang="en" lang="en">
 <head>
  <title>
</title>
<meta http-equiv="Content-Type" content="text/html;charset=utf-8" />
  <meta name='ocr-system' content='tesseract 3.04.00' />
  <meta name='ocr-capabilities' content='ocr_page ocr_carea ocr_par ocr_line ocrx_word'/>
</head>
<body>
  <div class='ocr_page' id='page_1' title='image "./operaomniaaccura41auguuoft/operaomniaaccura41auguuoft_0284.png"; bbox 0 0 1769 3235; ppageno 0'>
   <div class='ocr_carea' id='block_1_1' title="bbox 313 251 1277 298">
    <p class='ocr_par' dir='ltr' id='par_1_1' title="bbox 313 251 1277 298">
     <span class='ocr_line' id='line_1_1' title="bbox 313 251 1277 298; baseline 0.002 -2"><span class='ocrx_word' id='word_1_1' title='bbox 313 251 404 297; x_wconf 74' lang='lat' dir='ltr'>26ss</span> <span class='ocrx_word' id='word_1_2' title='bbox 717 266 751 295; x_wconf 81' lang='lat' dir='ltr'>S.</span> <span class='ocrx_word' id='word_1_3' title='bbox 794 264 1033 297; x_wconf 68' lang='lat' dir='ltr'>Auotsri-Ni</span> <span class='ocrx_word' id='word_1_4' title='bbox 1078 267 1277 298; x_wconf 73' lang='lat' dir='ltr'>smscom</span> 
     </span>
    </p>
   </div>
   <div class='ocr_carea' id='block_1_2' title="bbox 1733 101 1769 3235">
    <p class='ocr_par' dir='ltr' id='par_1_2' title="bbox 1733 101 1769 3235">
     <span class='ocr_line' id='line_1_2' title="bbox 1733 101 1769 3235; baseline 0 0"><span class='ocrx_word' id='word_1_5' title='bbox 1733 101 1769 3235; x_wconf 95' lang='lat' dir='ltr'> </span> 
     </span>
    </p>
   </div>
   <div class='ocr_carea' id='block_1_3' title="bbox 314 330 1769 2658">
    <p class='ocr_par' dir='ltr' id='par_1_3' title="bbox 314 330 1769 2658">
     <span class='ocr_line' id='line_1_3' title="bbox 314 330 1680 396; baseline 0.002 -20"><span class='ocrx_word' id='word_1_6' title='bbox 314 331 500 384; x_wconf 87' lang='lat' dir='ltr'>dientia3</span> <span class='ocrx_word' id='word_1_7' title='bbox 528 332 715 394; x_wconf 85' lang='lat' dir='ltr'>priorem</span> <span class='ocrx_word' id='word_1_8' title='bbox 740 330 894 376; x_wconf 86' lang='lat' dir='ltr'>volunt</span> <span class='ocrx_word' id='word_1_9' title='bbox 917 331 1209 378; x_wconf 78' lang='lat' dir='ltr'>obedientiam</span> <span class='ocrx_word' id='word_1_10' title='bbox 1228 350 1314 379; x_wconf 88' lang='lat' dir='ltr'>esse</span> <span class='ocrx_word' id='word_1_11' title='bbox 1328 349 1458 396; x_wconf 88' lang='lat' dir='ltr'>quam</span> <span class='ocrx_word' id='word_1_12' title='bbox 1484 334 1680 393; x_wconf 85' lang='lat' dir='ltr'>gratiam,</span> 
     </span>
     <span class='ocr_line' id='line_1_4' title="bbox 314 399 1769 472; baseline 0.003 -27"><span class='ocrx_word' id='word_1_13' title='bbox 314 412 362 446; x_wconf 87' lang='lat' dir='ltr'>ut</span> <span class='ocrx_word' id='word_1_14' title='bbox 381 401 554 446; x_wconf 88' lang='lat' dir='ltr'>initium</span> <span class='ocrx_word' id='word_1_15' title='bbox 582 400 730 446; x_wconf 81' lang='lat' dir='ltr'>salutis</span> <span class='ocrx_word' id='word_1_16' title='bbox 749 419 861 447; x_wconf 82' lang='lat' dir='ltr'>exeo</span> <span class='ocrx_word' id='word_1_17' title='bbox 889 403 964 465; x_wconf 92' lang='lat' dir='ltr'>qui</span> <span class='ocrx_word' id='word_1_18' title='bbox 985 403 1174 449; x_wconf 81' lang='lat' dir='ltr'>salvatur</span> <span class='ocrx_word' id='word_1_19' title='bbox 1194 441 1204 460; x_wconf 86' lang='lat'><strong><em>‚</em></strong></span> <span class='ocrx_word' id='word_1_20' title='bbox 1232 421 1319 448; x_wconf 90' lang='lat' dir='ltr'>non</span> <span class='ocrx_word' id='word_1_21' title='bbox 1355 421 1402 448; x_wconf 81' lang='lat' dir='ltr'>ex</span> <span class='ocrx_word' id='word_1_22' title='bbox 1430 421 1479 449; x_wconf 92' lang='lat' dir='ltr'>eo</span> <span class='ocrx_word' id='word_1_23' title='bbox 1507 404 1687 451; x_wconf 87' lang='lat' dir='ltr'>creden-</span> <span class='ocrx_word' id='word_1_24' title='bbox 1748 399 1769 472; x_wconf 45' lang='grc' dir='ltr'>ᾖ]</span> 
     </span>
     <span class='ocr_line' id='line_1_5' title="bbox 314 472 1688 534; baseline 0.003 -17"><span class='ocrx_word' id='word_1_25' title='bbox 314 472 420 517; x_wconf 86' lang='lat' dir='ltr'>dum</span> <span class='ocrx_word' id='word_1_26' title='bbox 458 473 509 516; x_wconf 86' lang='lat' dir='ltr'>sit</span> <span class='ocrx_word' id='word_1_27' title='bbox 549 483 661 517; x_wconf 86' lang='lat' dir='ltr'>stare</span> <span class='ocrx_word' id='word_1_28' title='bbox 692 472 768 534; x_wconf 91' lang='lat' dir='ltr'>qui</span> <span class='ocrx_word' id='word_1_29' title='bbox 801 472 967 528; x_wconf 81' lang='lat' dir='ltr'>salvat,</span> <span class='ocrx_word' id='word_1_30' title='bbox 1008 483 1049 518; x_wconf 86' lang='lat' dir='ltr'>et</span> <span class='ocrx_word' id='word_1_31' title='bbox 1071 474 1269 519; x_wconf 81' lang='lat' dir='ltr'>voluntas</span> <span class='ocrx_word' id='word_1_32' title='bbox 1303 473 1494 519; x_wconf 84' lang='lat' dir='ltr'>hominis</span> <span class='ocrx_word' id='word_1_33' title='bbox 1528 473 1688 522; x_wconf 84' lang='lat' dir='ltr'>divinae</span> 
     </span>
     <span class='ocr_line' id='line_1_6' title="bbox 315 542 1769 607; baseline 0.003 -21"><span class='ocrx_word' id='word_1_34' title='bbox 315 542 465 602; x_wconf 84' lang='lat' dir='ltr'>gratiae</span> <span class='ocrx_word' id='word_1_35' title='bbox 484 542 567 587; x_wconf 88' lang='lat' dir='ltr'>sibi</span> <span class='ocrx_word' id='word_1_36' title='bbox 588 542 730 605; x_wconf 84' lang='lat' dir='ltr'>pariat</span> <span class='ocrx_word' id='word_1_37' title='bbox 753 558 879 606; x_wconf 84' lang='lat' dir='ltr'>opem</span> <span class='ocrx_word' id='word_1_38' title='bbox 899 580 910 599; x_wconf 92' lang='lat'>‚</span> <span class='ocrx_word' id='word_1_39' title='bbox 932 560 1017 588; x_wconf 86' lang='lat' dir='ltr'>uon</span> <span class='ocrx_word' id='word_1_40' title='bbox 1032 545 1169 604; x_wconf 83' lang='lat' dir='ltr'>gratia</span> <span class='ocrx_word' id='word_1_41' title='bbox 1190 545 1273 590; x_wconf 88' lang='lat' dir='ltr'>sibi</span> <span class='ocrx_word' id='word_1_42' title='bbox 1290 543 1526 591; x_wconf 84' lang='lat' dir='ltr'>humanam</span> <span class='ocrx_word' id='word_1_43' title='bbox 1547 545 1689 605; x_wconf 81' lang='lat' dir='ltr'>subji-</span> <span class='ocrx_word' id='word_1_44' title='bbox 1749 571 1769 607; x_wconf 68' lang='lat'>3¹</span> 
     </span>
     <span class='ocr_line' id='line_1_7' title="bbox 316 613 1751 659; baseline -0.001 -1"><span class='ocrx_word' id='word_1_45' title='bbox 316 613 404 658; x_wconf 86' lang='lat' dir='ltr'>ciat</span> <span class='ocrx_word' id='word_1_46' title='bbox 423 613 708 659; x_wconf 83' lang='lat' dir='ltr'>voluntatem.</span> <span class='ocrx_word' id='word_1_47' title='bbox 738 634 758 654; x_wconf 82' lang='lat'>›&gt;</span> <span class='ocrx_word' id='word_1_48' title='bbox 1750 619 1751 623; x_wconf 78' lang='grc'>’</span> 
     </span>
     <span class='ocr_line' id='line_1_8' title="bbox 386 679 1753 748; baseline 0.001 -17"><span class='ocrx_word' id='word_1_49' title='bbox 386 685 483 731; x_wconf 86' lang='lat' dir='ltr'>Vll.</span> <span class='ocrx_word' id='word_1_50' title='bbox 515 706 535 725; x_wconf 77' lang='grc' dir='ltr'>α</span> <span class='ocrx_word' id='word_1_51' title='bbox 563 684 695 741; x_wconf 85' lang='lat' dir='ltr'>Quod</span> <span class='ocrx_word' id='word_1_52' title='bbox 728 701 829 730; x_wconf 83' lang='lat' dir='ltr'>cuin</span> <span class='ocrx_word' id='word_1_53' title='bbox 853 686 1223 748; x_wconf 80' lang='lat' dir='ltr'>perversissimum</span> <span class='ocrx_word' id='word_1_54' title='bbox 1257 702 1344 730; x_wconf 83' lang='lat' dir='ltr'>esse</span> <span class='ocrx_word' id='word_1_55' title='bbox 1377 685 1590 732; x_wconf 86' lang='lat' dir='ltr'>revelante</span> <span class='ocrx_word' id='word_1_56' title='bbox 1613 684 1694 733; x_wconf 88' lang='lat' dir='ltr'>Dei</span> <span class='ocrx_word' id='word_1_57' title='bbox 1751 679 1753 682; x_wconf 35' lang='lat'>⁵</span> 
     </span>
     <span class='ocr_line' id='line_1_9' title="bbox 320 752 1753 811; baseline 0.001 -13"><span class='ocrx_word' id='word_1_58' title='bbox 320 753 631 811; x_wconf 81' lang='lat' dir='ltr'>misericordia,</span> <span class='ocrx_word' id='word_1_59' title='bbox 650 765 692 800; x_wconf 87' lang='lat' dir='ltr'>et</span> <span class='ocrx_word' id='word_1_60' title='bbox 709 755 943 802; x_wconf 85' lang='lat' dir='ltr'>instruente</span> <span class='ocrx_word' id='word_1_61' title='bbox 962 773 1037 802; x_wconf 88' lang='lat' dir='ltr'>nos</span> <span class='ocrx_word' id='word_1_62' title='bbox 1053 767 1126 801; x_wconf 77' lang='lat' dir='ltr'>tua</span> <span class='ocrx_word' id='word_1_63' title='bbox 1139 755 1409 801; x_wconf 84' lang='lat' dir='ltr'>beatitudine</span> <span class='ocrx_word' id='word_1_64' title='bbox 1426 755 1691 810; x_wconf 85' lang='lat' dir='ltr'>noverimus;</span> <span class='ocrx_word' id='word_1_65' title='bbox 1751 752 1753 764; x_wconf 65' lang='lat'><strong><em>⁴</em></strong></span> 
     </span>
     <span class='ocr_line' id='line_1_10' title="bbox 318 824 1741 888; baseline 0.001 -19"><span class='ocrx_word' id='word_1_66' title='bbox 318 841 546 888; x_wconf 82' lang='lat' dir='ltr'>possumus</span> <span class='ocrx_word' id='word_1_67' title='bbox 565 825 743 888; x_wconf 88' lang='lat' dir='ltr'>quidem</span> <span class='ocrx_word' id='word_1_68' title='bbox 766 825 820 871; x_wconf 90' lang='lat' dir='ltr'>ad</span> <span class='ocrx_word' id='word_1_69' title='bbox 838 843 925 871; x_wconf 91' lang='lat' dir='ltr'>non</span> <span class='ocrx_word' id='word_1_70' title='bbox 946 825 1209 871; x_wconf 74' lang='lat' dir='ltr'>credendum</span> <span class='ocrx_word' id='word_1_71' title='bbox 1237 842 1322 871; x_wconf 88' lang='lat' dir='ltr'>esse</span> <span class='ocrx_word' id='word_1_72' title='bbox 1342 836 1602 882; x_wconf 75' lang='lat' dir='ltr'>constantes,</span> <span class='ocrx_word' id='word_1_73' title='bbox 1622 824 1696 872; x_wconf 79' lang='lat' dir='ltr'>sed.</span> <span class='ocrx_word' id='word_1_74' title='bbox 1739 874 1741 879; x_wconf 23' lang='lat'><strong>⁴</strong></span> 
     </span>
     <span class='ocr_line' id='line_1_11' title="bbox 322 894 1769 959; baseline 0.001 -19"><span class='ocrx_word' id='word_1_75' title='bbox 322 894 376 940; x_wconf 90' lang='lat' dir='ltr'>ad</span> <span class='ocrx_word' id='word_1_76' title='bbox 395 895 699 941; x_wconf 85' lang='lat' dir='ltr'>auctoritatem</span> <span class='ocrx_word' id='word_1_77' title='bbox 720 895 821 940; x_wconf 82' lang='lat' dir='ltr'>talia</span> <span class='ocrx_word' id='word_1_78' title='bbox 842 896 1116 941; x_wconf 86' lang='lat' dir='ltr'>sentientium</span> <span class='ocrx_word' id='word_1_79' title='bbox 1142 913 1229 941; x_wconf 92' lang='lat' dir='ltr'>non</span> <span class='ocrx_word' id='word_1_80' title='bbox 1250 913 1396 941; x_wconf 89' lang='lat' dir='ltr'>sumus</span> <span class='ocrx_word' id='word_1_81' title='bbox 1420 912 1544 958; x_wconf 85' lang='lat' dir='ltr'>pares</span> <span class='ocrx_word' id='word_1_82' title='bbox 1562 913 1573 940; x_wconf 73' lang='grc' dir='ltr'>ε</span> <span class='ocrx_word' id='word_1_83' title='bbox 1595 895 1698 959; x_wconf 86' lang='lat' dir='ltr'>quia</span> <span class='ocrx_word' id='word_1_84' title='bbox 1753 924 1769 957; x_wconf 55' lang='lat' dir='ltr'>y</span> 
     </span>
     <span class='ocr_line' id='line_1_12' title="bbox 320 965 1698 1030; baseline 0.002 -20"><span class='ocrx_word' id='word_1_85' title='bbox 320 965 509 1011; x_wconf 87' lang='lat' dir='ltr'>multum</span> <span class='ocrx_word' id='word_1_86' title='bbox 534 983 610 1011; x_wconf 83' lang='lat' dir='ltr'>nos</span> <span class='ocrx_word' id='word_1_87' title='bbox 628 976 669 1011; x_wconf 89' lang='lat' dir='ltr'>et</span> <span class='ocrx_word' id='word_1_88' title='bbox 692 966 793 1012; x_wconf 81' lang='lat' dir='ltr'>vitae</span> <span class='ocrx_word' id='word_1_89' title='bbox 824 967 985 1012; x_wconf 84' lang='lat' dir='ltr'>meritis</span> <span class='ocrx_word' id='word_1_90' title='bbox 1007 966 1296 1023; x_wconf 83' lang='lat' dir='ltr'>antecellunt,</span> <span class='ocrx_word' id='word_1_91' title='bbox 1323 977 1365 1012; x_wconf 92' lang='lat' dir='ltr'>et</span> <span class='ocrx_word' id='word_1_92' title='bbox 1388 967 1522 1030; x_wconf 80' lang='lat' dir='ltr'>aliqui</span> <span class='ocrx_word' id='word_1_93' title='bbox 1549 983 1698 1014; x_wconf 88' lang='lat' dir='ltr'>eorum</span> 
     </span>
     <span class='ocr_line' id='line_1_13' title="bbox 323 1034 1696 1100; baseline 0.002 -21"><span class='ocrx_word' id='word_1_94' title='bbox 323 1034 480 1098; x_wconf 83' lang='lat' dir='ltr'>adepto</span> <span class='ocrx_word' id='word_1_95' title='bbox 518 1053 657 1098; x_wconf 85' lang='lat' dir='ltr'>nuper</span> <span class='ocrx_word' id='word_1_96' title='bbox 685 1053 853 1081; x_wconf 89' lang='lat' dir='ltr'>summo</span> <span class='ocrx_word' id='word_1_97' title='bbox 888 1036 1121 1083; x_wconf 80' lang='lat' dir='ltr'>sacerdotii</span> <span class='ocrx_word' id='word_1_98' title='bbox 1148 1037 1316 1082; x_wconf 85' lang='lat' dir='ltr'>honore</span> <span class='ocrx_word' id='word_1_99' title='bbox 1344 1037 1696 1100; x_wconf 84' lang='lat' dir='ltr'>supereminent:</span> 
     </span>
     <span class='ocr_line' id='line_1_14' title="bbox 324 1104 1755 1171; baseline 0.003 -22"><span class='ocrx_word' id='word_1_100' title='bbox 324 1121 402 1150; x_wconf 91' lang='lat' dir='ltr'>nec</span> <span class='ocrx_word' id='word_1_101' title='bbox 428 1104 551 1151; x_wconf 84' lang='lat' dir='ltr'>facile</span> <span class='ocrx_word' id='word_1_102' title='bbox 569 1107 799 1169; x_wconf 81' lang='lat' dir='ltr'>quisquam</span> <span class='ocrx_word' id='word_1_103' title='bbox 823 1118 983 1170; x_wconf 81' lang='lat' dir='ltr'>praeter</span> <span class='ocrx_word' id='word_1_104' title='bbox 1002 1124 1167 1171; x_wconf 85' lang='lat' dir='ltr'>paucos</span> <span class='ocrx_word' id='word_1_105' title='bbox 1186 1107 1390 1170; x_wconf 84' lang='lat' dir='ltr'>perfectae</span> <span class='ocrx_word' id='word_1_106' title='bbox 1406 1108 1554 1168; x_wconf 83' lang='lat' dir='ltr'>gratiae</span> <span class='ocrx_word' id='word_1_107' title='bbox 1573 1108 1701 1154; x_wconf 90' lang='lat' dir='ltr'>intre·</span> <span class='ocrx_word' id='word_1_108' title='bbox 1754 1118 1755 1167; x_wconf 67' lang='lat' dir='ltr'>J</span> 
     </span>
     <span class='ocr_line' id='line_1_15' title="bbox 324 1171 1755 1241; baseline 0.004 -22"><span class='ocrx_word' id='word_1_109' title='bbox 324 1174 452 1237; x_wconf 88' lang='lat' dir='ltr'>pidos</span> <span class='ocrx_word' id='word_1_110' title='bbox 477 1186 706 1229; x_wconf 82' lang='lat' dir='ltr'>amatores,</span> <span class='ocrx_word' id='word_1_111' title='bbox 733 1187 854 1223; x_wconf 83' lang='lat' dir='ltr'>tanto</span> <span class='ocrx_word' id='word_1_112' title='bbox 878 1178 1151 1241; x_wconf 85' lang='lat' dir='ltr'>superiorum</span> <span class='ocrx_word' id='word_1_113' title='bbox 1181 1177 1553 1240; x_wconf 82' lang='lat' dir='ltr'>disputationibus</span> <span class='ocrx_word' id='word_1_114' title='bbox 1578 1194 1702 1225; x_wconf 91' lang='lat' dir='ltr'>ausus</span> <span class='ocrx_word' id='word_1_115' title='bbox 1752 1171 1755 1186; x_wconf 69' lang='lat'>¹</span> 
     </span>
     <span class='ocr_line' id='line_1_16' title="bbox 323 1246 1755 1311; baseline 0.003 -22"><span class='ocrx_word' id='word_1_116' title='bbox 323 1255 387 1290; x_wconf 86' lang='lat' dir='ltr'>est</span> <span class='ocrx_word' id='word_1_117' title='bbox 419 1246 649 1292; x_wconf 84' lang='lat' dir='ltr'>contraire.</span> <span class='ocrx_word' id='word_1_118' title='bbox 687 1247 748 1292; x_wconf 81' lang='lat' dir='ltr'>Ex</span> <span class='ocrx_word' id='word_1_119' title='bbox 781 1264 869 1310; x_wconf 88' lang='lat' dir='ltr'>quo</span> <span class='ocrx_word' id='word_1_120' title='bbox 894 1265 981 1293; x_wconf 91' lang='lat' dir='ltr'>non</span> <span class='ocrx_word' id='word_1_121' title='bbox 1012 1247 1151 1293; x_wconf 89' lang='lat' dir='ltr'>solum</span> <span class='ocrx_word' id='word_1_122' title='bbox 1180 1248 1245 1293; x_wconf 78' lang='lat' dir='ltr'>liis</span> <span class='ocrx_word' id='word_1_123' title='bbox 1266 1249 1342 1311; x_wconf 90' lang='lat' dir='ltr'>qui</span> <span class='ocrx_word' id='word_1_124' title='bbox 1380 1265 1451 1294; x_wconf 90' lang='lat' dir='ltr'>eos</span> <span class='ocrx_word' id='word_1_125' title='bbox 1482 1247 1668 1294; x_wconf 90' lang='lat' dir='ltr'>audiunt</span> <span class='ocrx_word' id='word_1_126' title='bbox 1687 1284 1700 1305; x_wconf 94' lang='lat'><strong>,</strong></span> <span class='ocrx_word' id='word_1_127' title='bbox 1750 1246 1755 1257; x_wconf 56' lang='lat'><strong>¹</strong></span> 
     </span>
     <span class='ocr_line' id='line_1_17' title="bbox 326 1316 1755 1380; baseline 0.003 -21"><span class='ocrx_word' id='word_1_128' title='bbox 326 1317 608 1361; x_wconf 81' lang='lat' dir='ltr'>verumetiam</span> <span class='ocrx_word' id='word_1_129' title='bbox 635 1316 738 1379; x_wconf 88' lang='lat' dir='ltr'>ipsis</span> <span class='ocrx_word' id='word_1_130' title='bbox 758 1318 834 1380; x_wconf 93' lang='lat' dir='ltr'>qui</span> <span class='ocrx_word' id='word_1_131' title='bbox 854 1317 1093 1363; x_wconf 85' lang='lat' dir='ltr'>audiuntur</span> <span class='ocrx_word' id='word_1_132' title='bbox 1108 1355 1117 1373; x_wconf 94' lang='lat'>‚</span> <span class='ocrx_word' id='word_1_133' title='bbox 1145 1333 1246 1362; x_wconf 79' lang='lat' dir='ltr'>cuin</span> <span class='ocrx_word' id='word_1_134' title='bbox 1265 1317 1554 1378; x_wconf 84' lang='lat' dir='ltr'>dignitatibus</span> <span class='ocrx_word' id='word_1_135' title='bbox 1570 1318 1706 1364; x_wconf 89' lang='lat' dir='ltr'>crevit</span> <span class='ocrx_word' id='word_1_136' title='bbox 1753 1319 1755 1326; x_wconf 57' lang='lat'><strong><em>⁴</em></strong></span> 
     </span>
     <span class='ocr_line' id='line_1_18' title="bbox 326 1385 1706 1448; baseline 0.003 -18"><span class='ocrx_word' id='word_1_137' title='bbox 326 1385 575 1448; x_wconf 81' lang='lat' dir='ltr'>periculum</span> <span class='ocrx_word' id='word_1_138' title='bbox 594 1424 604 1442; x_wconf 85' lang='lat'><strong>,</strong></span> <span class='ocrx_word' id='word_1_139' title='bbox 630 1386 737 1432; x_wconf 89' lang='lat' dir='ltr'>dum</span> <span class='ocrx_word' id='word_1_140' title='bbox 767 1398 808 1433; x_wconf 91' lang='lat' dir='ltr'>et</span> <span class='ocrx_word' id='word_1_141' title='bbox 833 1387 993 1433; x_wconf 90' lang='lat' dir='ltr'>multos</span> <span class='ocrx_word' id='word_1_142' title='bbox 1011 1388 1250 1433; x_wconf 85' lang='lat' dir='ltr'>reverentia</span> <span class='ocrx_word' id='word_1_143' title='bbox 1272 1405 1441 1445; x_wconf 88' lang='lat' dir='ltr'>eorum,</span> <span class='ocrx_word' id='word_1_144' title='bbox 1469 1399 1543 1434; x_wconf 89' lang='lat' dir='ltr'>aut</span> <span class='ocrx_word' id='word_1_145' title='bbox 1563 1388 1706 1435; x_wconf 89' lang='lat' dir='ltr'>inutili</span> 
     </span>
     <span class='ocr_line' id='line_1_19' title="bbox 327 1455 1707 1514; baseline 0.003 -14"><span class='ocrx_word' id='word_1_146' title='bbox 327 1455 510 1501; x_wconf 80' lang='lat' dir='ltr'>cohibet</span> <span class='ocrx_word' id='word_1_147' title='bbox 533 1456 702 1502; x_wconf 89' lang='lat' dir='ltr'>silentio</span> <span class='ocrx_word' id='word_1_148' title='bbox 718 1494 729 1513; x_wconf 89' lang='lat'><strong>,</strong></span> <span class='ocrx_word' id='word_1_149' title='bbox 757 1467 830 1503; x_wconf 86' lang='lat' dir='ltr'>aut</span> <span class='ocrx_word' id='word_1_150' title='bbox 851 1458 1069 1504; x_wconf 91' lang='lat' dir='ltr'>incurioso</span> <span class='ocrx_word' id='word_1_151' title='bbox 1092 1457 1215 1504; x_wconf 83' lang='lat' dir='ltr'>ducit</span> <span class='ocrx_word' id='word_1_152' title='bbox 1240 1476 1431 1514; x_wconf 87' lang='lat' dir='ltr'>assensu,</span> <span class='ocrx_word' id='word_1_153' title='bbox 1451 1470 1495 1506; x_wconf 90' lang='lat' dir='ltr'>et</span> <span class='ocrx_word' id='word_1_154' title='bbox 1517 1458 1707 1505; x_wconf 66' lang='lat' dir='ltr'>salubera</span> 
     </span>
     <span class='ocr_line' id='line_1_20' title="bbox 326 1525 1708 1593; baseline 0.004 -23"><span class='ocrx_word' id='word_1_155' title='bbox 326 1525 487 1571; x_wconf 80' lang='lat' dir='ltr'>riinuin</span> <span class='ocrx_word' id='word_1_156' title='bbox 520 1527 625 1589; x_wconf 86' lang='lat' dir='ltr'>ipsis</span> <span class='ocrx_word' id='word_1_157' title='bbox 654 1527 854 1585; x_wconf 84' lang='lat' dir='ltr'>videtur,</span> <span class='ocrx_word' id='word_1_158' title='bbox 890 1528 1011 1592; x_wconf 91' lang='lat' dir='ltr'>quod</span> <span class='ocrx_word' id='word_1_159' title='bbox 1033 1546 1144 1593; x_wconf 90' lang='lat' dir='ltr'>pene</span> <span class='ocrx_word' id='word_1_160' title='bbox 1169 1529 1330 1576; x_wconf 87' lang='lat' dir='ltr'>nullius</span> <span class='ocrx_word' id='word_1_161' title='bbox 1362 1529 1708 1576; x_wconf 86' lang='lat' dir='ltr'>contradictione</span> 
     </span>
     <span class='ocr_line' id='line_1_21' title="bbox 326 1597 1708 1664; baseline 0.004 -24"><span class='ocrx_word' id='word_1_162' title='bbox 326 1597 677 1659; x_wconf 85' lang='lat' dir='ltr'>reprehenditur.</span> <span class='ocrx_word' id='word_1_163' title='bbox 717 1599 842 1645; x_wconf 73' lang='lat' dir='ltr'>[nde</span> <span class='ocrx_word' id='word_1_164' title='bbox 873 1599 978 1663; x_wconf 83' lang='lat' dir='ltr'>quia</span> <span class='ocrx_word' id='word_1_165' title='bbox 997 1600 1045 1645; x_wconf 88' lang='lat' dir='ltr'>in</span> <span class='ocrx_word' id='word_1_166' title='bbox 1078 1600 1169 1646; x_wconf 89' lang='lat' dir='ltr'>istis</span> <span class='ocrx_word' id='word_1_167' title='bbox 1208 1600 1455 1661; x_wconf 84' lang='lat' dir='ltr'>Pelagianae</span> <span class='ocrx_word' id='word_1_168' title='bbox 1480 1599 1708 1664; x_wconf 83' lang='lat' dir='ltr'>pravitatis</span> 
     </span>
     <span class='ocr_line' id='line_1_22' title="bbox 325 1667 1709 1734; baseline 0.003 -23"><span class='ocrx_word' id='word_1_169' title='bbox 325 1667 517 1731; x_wconf 83' lang='lat' dir='ltr'>reliquiis</span> <span class='ocrx_word' id='word_1_170' title='bbox 537 1685 622 1713; x_wconf 91' lang='lat' dir='ltr'>non</span> <span class='ocrx_word' id='word_1_171' title='bbox 645 1669 877 1716; x_wconf 89' lang='lat' dir='ltr'>mediocris</span> <span class='ocrx_word' id='word_1_172' title='bbox 896 1669 1141 1717; x_wconf 82' lang='lat' dir='ltr'>virulentiae</span> <span class='ocrx_word' id='word_1_173' title='bbox 1161 1670 1275 1717; x_wconf 88' lang='lat' dir='ltr'>fibra</span> <span class='ocrx_word' id='word_1_174' title='bbox 1295 1671 1504 1723; x_wconf 79' lang='lat' dir='ltr'>nutritur,</span> <span class='ocrx_word' id='word_1_175' title='bbox 1525 1671 1558 1717; x_wconf 90' lang='lat' dir='ltr'>si</span> <span class='ocrx_word' id='word_1_176' title='bbox 1580 1671 1709 1734; x_wconf 87' lang='lat' dir='ltr'>prin-</span> 
     </span>
     <span class='ocr_line' id='line_1_23' title="bbox 324 1738 1709 1801; baseline 0.002 -17"><span class='ocrx_word' id='word_1_177' title='bbox 324 1738 490 1801; x_wconf 89' lang='lat' dir='ltr'>cipium</span> <span class='ocrx_word' id='word_1_178' title='bbox 511 1739 660 1786; x_wconf 86' lang='lat' dir='ltr'>salutis</span> <span class='ocrx_word' id='word_1_179' title='bbox 685 1741 796 1786; x_wconf 82' lang='lat' dir='ltr'>male</span> <span class='ocrx_word' id='word_1_180' title='bbox 816 1741 862 1786; x_wconf 88' lang='lat' dir='ltr'>in</span> <span class='ocrx_word' id='word_1_181' title='bbox 880 1740 1062 1787; x_wconf 88' lang='lat' dir='ltr'>homine</span> <span class='ocrx_word' id='word_1_182' title='bbox 1082 1741 1328 1788; x_wconf 83' lang='lat' dir='ltr'>collocatur</span> <span class='ocrx_word' id='word_1_183' title='bbox 1346 1763 1357 1796; x_wconf 77' lang='grc' dir='ltr'><strong>ς</strong></span> <span class='ocrx_word' id='word_1_184' title='bbox 1396 1743 1428 1788; x_wconf 89' lang='lat' dir='ltr'>si</span> <span class='ocrx_word' id='word_1_185' title='bbox 1454 1742 1617 1788; x_wconf 83' lang='lat' dir='ltr'>divinae</span> <span class='ocrx_word' id='word_1_186' title='bbox 1636 1757 1709 1788; x_wconf 89' lang='lat' dir='ltr'>vo-</span> 
     </span>
     <span class='ocr_line' id='line_1_24' title="bbox 324 1804 1712 1876; baseline 0.003 -23"><span class='ocrx_word' id='word_1_187' title='bbox 324 1804 482 1854; x_wconf 84' lang='lat' dir='ltr'>luntati</span> <span class='ocrx_word' id='word_1_188' title='bbox 508 1810 641 1873; x_wconf 89' lang='lat' dir='ltr'>impie</span> <span class='ocrx_word' id='word_1_189' title='bbox 666 1811 866 1857; x_wconf 83' lang='lat' dir='ltr'>voluntas</span> <span class='ocrx_word' id='word_1_190' title='bbox 886 1812 1080 1858; x_wconf 85' lang='lat' dir='ltr'>humana</span> <span class='ocrx_word' id='word_1_191' title='bbox 1104 1813 1340 1876; x_wconf 70' lang='lat' dir='ltr'>praefertur</span> <span class='ocrx_word' id='word_1_192' title='bbox 1360 1850 1370 1869; x_wconf 95' lang='lat'>‚</span> <span class='ocrx_word' id='word_1_193' title='bbox 1403 1824 1451 1858; x_wconf 93' lang='lat' dir='ltr'>ut</span> <span class='ocrx_word' id='word_1_194' title='bbox 1481 1813 1579 1859; x_wconf 86' lang='lat' dir='ltr'>ideo</span> <span class='ocrx_word' id='word_1_195' title='bbox 1614 1811 1712 1876; x_wconf 89' lang='lat' dir='ltr'>quis</span> 
     </span>
     <span class='ocr_line' id='line_1_25' title="bbox 325 1873 1714 1947; baseline 0.003 -23"><span class='ocrx_word' id='word_1_196' title='bbox 325 1878 555 1939; x_wconf 85' lang='lat' dir='ltr'>adjuvetur</span> <span class='ocrx_word' id='word_1_197' title='bbox 577 1882 682 1945; x_wconf 81' lang='lat' dir='ltr'>quia</span> <span class='ocrx_word' id='word_1_198' title='bbox 706 1883 870 1940; x_wconf 83' lang='lat' dir='ltr'>voluit,</span> <span class='ocrx_word' id='word_1_199' title='bbox 896 1901 985 1929; x_wconf 88' lang='lat' dir='ltr'>non</span> <span class='ocrx_word' id='word_1_200' title='bbox 1005 1884 1102 1930; x_wconf 86' lang='lat' dir='ltr'>ideo</span> <span class='ocrx_word' id='word_1_201' title='bbox 1122 1885 1225 1947; x_wconf 73' lang='lat' dir='ltr'>quia</span> <span class='ocrx_word' id='word_1_202' title='bbox 1247 1883 1482 1943; x_wconf 78' lang='lat' dir='ltr'>adjuvatur</span> <span class='ocrx_word' id='word_1_203' title='bbox 1515 1883 1649 1936; x_wconf 87' lang='lat' dir='ltr'>velit;</span> <span class='ocrx_word' id='word_1_204' title='bbox 1679 1873 1714 1928; x_wconf 85' lang='lat' dir='ltr'>si</span> 
     </span>
     <span class='ocr_line' id='line_1_26' title="bbox 325 1950 1749 2025; baseline 0.004 -31"><span class='ocrx_word' id='word_1_205' title='bbox 325 1950 590 2010; x_wconf 75' lang='lat' dir='ltr'>originaliter</span> <span class='ocrx_word' id='word_1_206' title='bbox 611 1952 746 1999; x_wconf 81' lang='lat' dir='ltr'>malus</span> <span class='ocrx_word' id='word_1_207' title='bbox 772 1955 1062 2017; x_wconf 84' lang='lat' dir='ltr'>receptionem</span> <span class='ocrx_word' id='word_1_208' title='bbox 1089 1954 1196 2001; x_wconf 82' lang='lat' dir='ltr'>boni</span> <span class='ocrx_word' id='word_1_209' title='bbox 1219 1972 1305 2000; x_wconf 88' lang='lat' dir='ltr'>non</span> <span class='ocrx_word' id='word_1_210' title='bbox 1323 1973 1346 2000; x_wconf 89' lang='lat' dir='ltr'>a</span> <span class='ocrx_word' id='word_1_211' title='bbox 1367 1971 1538 2000; x_wconf 87' lang='lat' dir='ltr'>summo</span> <span class='ocrx_word' id='word_1_212' title='bbox 1559 1955 1677 2000; x_wconf 89' lang='lat' dir='ltr'>bono</span> <span class='ocrx_word' id='word_1_213' title='bbox 1698 1989 1711 2011; x_wconf 91' lang='lat'>‚</span> <span class='ocrx_word' id='word_1_214' title='bbox 1744 1988 1749 2025; x_wconf 68' lang='grc' dir='ltr'>Ι</span> 
     </span>
     <span class='ocr_line' id='line_1_27' title="bbox 325 2020 1714 2087; baseline 0.004 -22"><span class='ocrx_word' id='word_1_215' title='bbox 325 2020 400 2066; x_wconf 88' lang='lat' dir='ltr'>sed</span> <span class='ocrx_word' id='word_1_216' title='bbox 421 2039 444 2066; x_wconf 89' lang='lat' dir='ltr'>a</span> <span class='ocrx_word' id='word_1_217' title='bbox 478 2023 706 2087; x_wconf 85' lang='lat' dir='ltr'>semetipso</span> <span class='ocrx_word' id='word_1_218' title='bbox 730 2025 939 2071; x_wconf 82' lang='lat' dir='ltr'>inchoare</span> <span class='ocrx_word' id='word_1_219' title='bbox 976 2026 1083 2071; x_wconf 86' lang='lat' dir='ltr'>male</span> <span class='ocrx_word' id='word_1_220' title='bbox 1108 2026 1328 2079; x_wconf 84' lang='lat' dir='ltr'>creditur3</span> <span class='ocrx_word' id='word_1_221' title='bbox 1361 2026 1394 2071; x_wconf 85' lang='lat' dir='ltr'>si</span> <span class='ocrx_word' id='word_1_222' title='bbox 1419 2024 1593 2071; x_wconf 86' lang='lat' dir='ltr'>aliunde</span> <span class='ocrx_word' id='word_1_223' title='bbox 1623 2026 1714 2070; x_wconf 92' lang='lat' dir='ltr'>Deo</span> 
     </span>
     <span class='ocr_line' id='line_1_28' title="bbox 328 2092 1750 2212; baseline 0.002 -75"><span class='ocrx_word' id='word_1_224' title='bbox 328 2092 542 2156; x_wconf 80' lang='lat' dir='ltr'>placetur,</span> <span class='ocrx_word' id='word_1_225' title='bbox 568 2094 650 2139; x_wconf 85' lang='lat' dir='ltr'>nisi</span> <span class='ocrx_word' id='word_1_226' title='bbox 669 2112 715 2140; x_wconf 84' lang='lat' dir='ltr'>ex</span> <span class='ocrx_word' id='word_1_227' title='bbox 739 2113 788 2141; x_wconf 89' lang='lat' dir='ltr'>eo</span> <span class='ocrx_word' id='word_1_228' title='bbox 813 2097 931 2159; x_wconf 87' lang='lat' dir='ltr'>quod</span> <span class='ocrx_word' id='word_1_229' title='bbox 953 2097 1044 2160; x_wconf 82' lang='lat' dir='ltr'>ipse</span> <span class='ocrx_word' id='word_1_230' title='bbox 1063 2097 1290 2142; x_wconf 76' lang='lat' dir='ltr'>donaverit</span> <span class='ocrx_word' id='word_1_231' title='bbox 1312 2115 1321 2142; x_wconf 92' lang='lat'>:</span> <span class='ocrx_word' id='word_1_232' title='bbox 1353 2097 1495 2142; x_wconf 88' lang='lat' dir='ltr'>tribue</span> <span class='ocrx_word' id='word_1_233' title='bbox 1514 2095 1642 2140; x_wconf 89' lang='lat' dir='ltr'>nobis</span> <span class='ocrx_word' id='word_1_234' title='bbox 1668 2095 1714 2141; x_wconf 89' lang='lat' dir='ltr'>in</span> <span class='ocrx_word' id='word_1_235' title='bbox 1744 2101 1750 2212; x_wconf 55' lang='grc' dir='ltr'>ι</span> 
     </span>
     <span class='ocr_line' id='line_1_29' title="bbox 329 2163 1714 2230; baseline 0.002 -23"><span class='ocrx_word' id='word_1_236' title='bbox 329 2163 414 2209; x_wconf 86' lang='lat' dir='ltr'>hac</span> <span class='ocrx_word' id='word_1_237' title='bbox 434 2180 583 2220; x_wconf 79' lang='lat' dir='ltr'>causa,</span> <span class='ocrx_word' id='word_1_238' title='bbox 611 2166 731 2228; x_wconf 80' lang='lat' dir='ltr'>Papa</span> <span class='ocrx_word' id='word_1_239' title='bbox 750 2166 1012 2223; x_wconf 67' lang='lat' dir='ltr'>beatissime,</span> <span class='ocrx_word' id='word_1_240' title='bbox 1043 2178 1161 2230; x_wconf 82' lang='lat' dir='ltr'>pater</span> <span class='ocrx_word' id='word_1_241' title='bbox 1185 2168 1374 2230; x_wconf 81' lang='lat' dir='ltr'>optime,</span> <span class='ocrx_word' id='word_1_242' title='bbox 1397 2176 1613 2230; x_wconf 83' lang='lat' dir='ltr'>quantum</span> <span class='ocrx_word' id='word_1_243' title='bbox 1635 2169 1714 2225; x_wconf 82' lang='lat' dir='ltr'>J&#39;u-</span> 
     </span>
     <span class='ocr_line' id='line_1_30' title="bbox 327 2214 1750 2302; baseline 0.005 -24"><span class='ocrx_word' id='word_1_244' title='bbox 327 2244 455 2279; x_wconf 86' lang='lat' dir='ltr'>vante</span> <span class='ocrx_word' id='word_1_245' title='bbox 475 2235 663 2280; x_wconf 85' lang='lat' dir='ltr'>Domino</span> <span class='ocrx_word' id='word_1_246' title='bbox 682 2247 823 2299; x_wconf 85' lang='lat' dir='ltr'>potes,</span> <span class='ocrx_word' id='word_1_247' title='bbox 848 2237 1120 2298; x_wconf 58' lang='lat' dir='ltr'>diligentiam</span> <span class='ocrx_word' id='word_1_248' title='bbox 1143 2238 1316 2302; x_wconf 79' lang='lat' dir='ltr'>pietatis</span> <span class='ocrx_word' id='word_1_249' title='bbox 1339 2249 1426 2283; x_wconf 83' lang='lat' dir='ltr'>tuae</span> <span class='ocrx_word' id='word_1_250' title='bbox 1443 2273 1453 2293; x_wconf 87' lang='lat'>,</span> <span class='ocrx_word' id='word_1_251' title='bbox 1475 2247 1524 2281; x_wconf 82' lang='lat' dir='ltr'>ut</span> <span class='ocrx_word' id='word_1_252' title='bbox 1547 2252 1647 2299; x_wconf 80' lang='lat' dir='ltr'>quae</span> <span class='ocrx_word' id='word_1_253' title='bbox 1671 2236 1716 2282; x_wconf 86' lang='lat' dir='ltr'>in</span> <span class='ocrx_word' id='word_1_254' title='bbox 1744 2214 1750 2285; x_wconf 79' lang='lat' dir='ltr'>l</span> 
     </span>
     <span class='ocr_line' id='line_1_31' title="bbox 328 2305 1718 2372; baseline 0.001 -23"><span class='ocrx_word' id='word_1_255' title='bbox 328 2305 418 2350; x_wconf 88' lang='lat' dir='ltr'>istis</span> <span class='ocrx_word' id='word_1_256' title='bbox 438 2306 756 2369; x_wconf 84' lang='lat' dir='ltr'>quaestionibus</span> <span class='ocrx_word' id='word_1_257' title='bbox 783 2309 1038 2355; x_wconf 85' lang='lat' dir='ltr'>obscuriora</span> <span class='ocrx_word' id='word_1_258' title='bbox 1064 2347 1074 2364; x_wconf 84' lang='lat'>‚</span> <span class='ocrx_word' id='word_1_259' title='bbox 1100 2321 1142 2355; x_wconf 85' lang='lat' dir='ltr'>et</span> <span class='ocrx_word' id='word_1_260' title='bbox 1171 2309 1224 2355; x_wconf 87' lang='lat' dir='ltr'>ad</span> <span class='ocrx_word' id='word_1_261' title='bbox 1250 2307 1581 2372; x_wconf 83' lang='lat' dir='ltr'>percipiendum</span> <span class='ocrx_word' id='word_1_262' title='bbox 1607 2305 1718 2352; x_wconf 84' lang='lat' dir='ltr'>diffi-</span> 
     </span>
     <span class='ocr_line' id='line_1_32' title="bbox 332 2375 1749 2444; baseline 0.001 -22"><span class='ocrx_word' id='word_1_263' title='bbox 332 2377 482 2423; x_wconf 86' lang='lat' dir='ltr'>ciliora</span> <span class='ocrx_word' id='word_1_264' title='bbox 518 2389 647 2435; x_wconf 80' lang='lat' dir='ltr'>sunt,</span> <span class='ocrx_word' id='word_1_265' title='bbox 679 2397 812 2443; x_wconf 87' lang='lat' dir='ltr'>quam</span> <span class='ocrx_word' id='word_1_266' title='bbox 843 2380 1120 2427; x_wconf 83' lang='lat' dir='ltr'>lucidissimis</span> <span class='ocrx_word' id='word_1_267' title='bbox 1151 2381 1496 2444; x_wconf 79' lang='lat' dir='ltr'>expositionibus</span> <span class='ocrx_word' id='word_1_268' title='bbox 1529 2377 1719 2438; x_wconf 83' lang='lat' dir='ltr'>digneris</span> <span class='ocrx_word' id='word_1_269' title='bbox 1746 2375 1749 2383; x_wconf 59' lang='lat'><strong><em>⁴</em></strong></span> 
     </span>
     <span class='ocr_line' id='line_1_33' title="bbox 336 2465 1610 2517; baseline 0 -24"><span class='ocrx_word' id='word_1_270' title='bbox 336 2465 516 2511; x_wconf 86' lang='lat' dir='ltr'>aperire.</span> <span class='ocrx_word' id='word_1_271' title='bbox 543 2470 561 2490; x_wconf 82' lang='lat'>›&gt;</span> <span class='ocrx_word' id='word_1_272' title='bbox 1606 2511 1610 2517; x_wconf 20' lang='grc' dir='ltr'>ι</span> 
     </span>
     <span class='ocr_line' id='line_1_34' title="bbox 398 2518 1749 2587; baseline 0.001 -24"><span class='ocrx_word' id='word_1_273' title='bbox 398 2518 521 2566; x_wconf 87' lang='lat' dir='ltr'>VllI.</span> <span class='ocrx_word' id='word_1_274' title='bbox 556 2541 576 2562; x_wconf 87' lang='lat'>«</span> <span class='ocrx_word' id='word_1_275' title='bbox 600 2521 662 2567; x_wconf 91' lang='lat' dir='ltr'>Ac</span> <span class='ocrx_word' id='word_1_276' title='bbox 682 2522 895 2584; x_wconf 82' lang='lat' dir='ltr'>primum,</span> <span class='ocrx_word' id='word_1_277' title='bbox 923 2523 1025 2585; x_wconf 81' lang='lat' dir='ltr'>quia</span> <span class='ocrx_word' id='word_1_278' title='bbox 1048 2523 1245 2587; x_wconf 83' lang='lat' dir='ltr'>plerique</span> <span class='ocrx_word' id='word_1_279' title='bbox 1265 2539 1353 2568; x_wconf 83' lang='lat' dir='ltr'>non</span> <span class='ocrx_word' id='word_1_280' title='bbox 1376 2531 1536 2585; x_wconf 87' lang='lat' dir='ltr'>putant</span> <span class='ocrx_word' id='word_1_281' title='bbox 1558 2518 1716 2587; x_wconf 37' lang='lat' dir='ltr'>Chris-</span> <span class='ocrx_word' id='word_1_282' title='bbox 1745 2536 1749 2572; x_wconf 64' lang='grc' dir='ltr'><strong>ι</strong></span> 
     </span>
     <span class='ocr_line' id='line_1_35' title="bbox 329 2573 1749 2658; baseline 0.001 -22"><span class='ocrx_word' id='word_1_283' title='bbox 329 2589 490 2637; x_wconf 87' lang='lat' dir='ltr'>tianam</span> <span class='ocrx_word' id='word_1_284' title='bbox 511 2591 642 2639; x_wconf 87' lang='lat' dir='ltr'>fidem</span> <span class='ocrx_word' id='word_1_285' title='bbox 663 2593 748 2640; x_wconf 86' lang='lat' dir='ltr'>hac</span> <span class='ocrx_word' id='word_1_286' title='bbox 779 2594 1040 2641; x_wconf 85' lang='lat' dir='ltr'>dissensione</span> <span class='ocrx_word' id='word_1_287' title='bbox 1066 2594 1219 2641; x_wconf 83' lang='lat' dir='ltr'>violari</span> <span class='ocrx_word' id='word_1_288' title='bbox 1243 2632 1254 2652; x_wconf 82' lang='grc'>,</span> <span class='ocrx_word' id='word_1_289' title='bbox 1287 2603 1501 2658; x_wconf 83' lang='lat' dir='ltr'>quantum</span> <span class='ocrx_word' id='word_1_290' title='bbox 1527 2590 1716 2655; x_wconf 88' lang='lat' dir='ltr'>periculi</span> <span class='ocrx_word' id='word_1_291' title='bbox 1744 2573 1749 2645; x_wconf 71' lang='lat' dir='ltr'>l</span> 
     </span>
    </p>
   </div>
   <div class='ocr_carea' id='block_1_4' title="bbox 1743 2386 1749 2534">
    <p class='ocr_par' dir='ltr' id='par_1_4' title="bbox 1743 2386 1749 2534">
     <span class='ocr_line' id='line_1_36' title="bbox 1743 2386 1749 2534; baseline 0 701"><span class='ocrx_word' id='word_1_292' title='bbox 1743 2386 1749 2534; x_wconf 95' lang='lat' dir='ltr'> </span> 
     </span>
    </p>
   </div>
   <div class='ocr_carea' id='block_1_5' title="bbox 1744 2650 1749 3102">
    <p class='ocr_par' dir='ltr' id='par_1_5' title="bbox 1744 2650 1749 3102">
     <span class='ocr_line' id='line_1_37' title="bbox 1744 2650 1749 2734; baseline 0 0"><span class='ocrx_word' id='word_1_293' title='bbox 1744 2650 1749 2734; x_wconf 75' lang='grc' dir='ltr'>ἰ</span> 
     </span>
     <span class='ocr_line' id='line_1_38' title="bbox 1745 2746 1748 2771; baseline 0 0"><span class='ocrx_word' id='word_1_294' title='bbox 1745 2746 1748 2771; x_wconf 87' lang='lat' dir='ltr'>l</span> 
     </span>
     <span class='ocr_line' id='line_1_39' title="bbox 1744 2780 1749 2878; baseline 0 0"><span class='ocrx_word' id='word_1_295' title='bbox 1744 2780 1749 2878; x_wconf 71' lang='grc' dir='ltr'>ἒ</span> 
     </span>
     <span class='ocr_line' id='line_1_40' title="bbox 1745 2892 1749 2943; baseline 0 0"><span class='ocrx_word' id='word_1_296' title='bbox 1745 2892 1749 2943; x_wconf 75' lang='lat' dir='ltr'><em>e</em></span> 
     </span>
     <span class='ocr_line' id='line_1_41' title="bbox 1744 2965 1748 3021; baseline 0 0"><span class='ocrx_word' id='word_1_297' title='bbox 1744 2965 1748 3021; x_wconf 72' lang='grc' dir='ltr'><strong>ῑ</strong></span> 
     </span>
     <span class='ocr_line' id='line_1_42' title="bbox 1744 3031 1749 3102; baseline 0 0"><span class='ocrx_word' id='word_1_298' title='bbox 1744 3031 1749 3102; x_wconf 71' lang='grc' dir='ltr'>ἓ</span> 
     </span>
    </p>
   </div>
   <div class='ocr_carea' id='block_1_6' title="bbox 1744 3129 1749 3191">
    <p class='ocr_par' dir='ltr' id='par_1_6' title="bbox 1744 3129 1749 3191">
     <span class='ocr_line' id='line_1_43' title="bbox 1744 3129 1749 3191; baseline 0 0"><span class='ocrx_word' id='word_1_299' title='bbox 1744 3129 1749 3191; x_wconf 74' lang='grc' dir='ltr'>ἓ</span> 
     </span>
    </p>
   </div>
  </div>
 </body>
</html>
