1769 3235
541 272 755 302 EPISTOLA
789 273 886 304 ccv.
1324 261 1412 309 155

39 360 134 416 gpre
153 343 354 394 firmare3
377 349 426 385 ut
450 337 696 384 absitlabes
716 375 727 392 ,
758 337 869 383 adsit
895 338 1079 397 effigies;
1109 340 1218 387 adsit
1245 344 1379 390 motio
1397 381 1407 401 ,

40 415 147 477 ἓῂξίῑ
175 412 397 472 fatigatio,
432 410 543 456 adsit
572 410 767 455 vescendi
804 421 993 473 potestas
1014 447 1025 466 ,
1063 411 1176 457 absit
1196 416 1411 463 esuriendi

38 493 268 547 necessitas.
768 515 771 517 -

97 553 145 601 V.
186 551 318 609 Quod
353 568 453 611 ergo
484 550 642 610 legitur
688 550 807 612 apud
852 550 1141 612 Apostolum,
1177 573 1197 593 «
1230 554 1343 600 Caro
1367 567 1410 603 et

36 645 56 686 q
71 624 240 684 sanguis
270 639 451 682 regnum
483 621 563 666 Dei
594 638 681 666 non
706 620 1043 683 possidebunt1,
1066 642 1086 663 >2
1104 623 1287 670 solvitur
1302 626 1407 689 qui-

35 694 126 754 (lem
150 693 332 757 quaestio
351 693 478 737 etiam
499 692 578 737 isto
603 690 733 736 modo
755 728 765 746 ,
794 708 922 754 quem
949 702 996 736 tu
1024 697 1402 754 commemorasti,

33 775 79 825 qt
99 764 238 810 carnis
261 773 302 808 et
323 762 540 822 sanguinis
577 762 772 817 nomine,
799 779 931 825 opera
952 764 1095 808 carnis
1124 774 1166 809 et
1188 768 1406 826 sanguinis

31 834 319 897 intelligantur
350 850 361 878 :
395 850 544 879 verum
565 870 575 887 ,
613 833 715 895 quia
752 850 842 878 non
881 833 935 878 de
970 834 1204 896 operibus,
1247 836 1320 882 sed
1350 838 1404 884 de

30 904 153 967 modo
173 903 498 951 resurrectionis
515 903 779 966 loquebatur
803 904 1057 967 Apostolus,
1088 916 1129 950 et
1153 923 1244 951 eam
1263 924 1404 970 quaes-

30 976 180 1039 Quem
215 974 483 1038 disputando
507 975 733 1031 versabat,
769 975 924 1021 melius
948 993 997 1021 eo
1022 975 1120 1021 loco
1144 976 1402 1037 intelligitur

29 1063 121 1093 caro
141 1056 180 1091 et
199 1045 369 1105 sanguis
383 1062 464 1107 pro
483 1045 768 1108 curruptione
791 1046 934 1091 carnis
953 1057 993 1091 et
1006 1047 1224 1106 sanguinis
1239 1049 1393 1109 posita,

27 1117 67 1178 §i
100 1117 211 1168 enim
237 1133 395 1161 nomen
426 1115 567 1160 carnis
593 1116 808 1174 significat
839 1116 1137 1178 operationem
1158 1154 1168 1173 ,
1203 1134 1282 1162 cur
1310 1136 1398 1164 non

24 1187 226 1250 significet
249 1186 377 1231 etiam
401 1185 730 1248 corruptionem
747 1223 758 1240 ,
780 1186 892 1231 sicut
912 1186 1078 1231 dictum
1100 1198 1162 1232 est
1177 1223 1188 1243 ,
1207 1208 1226 1228 <‹
1243 1188 1399 1235 Omnis

26 1279 46 1320 η
63 1273 160 1319 earo
182 1255 365 1302 foenum.
395 1277 415 1298 >2
445 1255 555 1300 Nam
580 1256 714 1301 ethic
734 1256 826 1318 ipsa
853 1256 1204 1318 corruptibilitas
1227 1257 1397 1317 signifi-

24 1338 111 1388 cata
127 1337 199 1387 est.
233 1326 439 1390 Sequitur
457 1326 571 1371 enim
592 1363 602 1381 ‚
626 1347 646 1366 «
669 1327 725 1370 Et
749 1326 890 1370 omnis
912 1326 1055 1371 honor
1075 1326 1218 1372 carnis
1239 1337 1287 1372 ut
1315 1328 1398 1374 flos

23 1420 45 1460 η
61 1399 166 1459 foeni
187 1417 198 1444 ε
222 1398 390 1445 foenum
410 1398 552 1453 aruit,
574 1398 653 1443 ssos
677 1397 841 1442 decidit
857 1397 888 1444 ².
915 1419 935 1439 υ
956 1398 1285 1460 Numquidnam
1307 1399 1395 1446 hoc

21 1469 137 1531 etiam
160 1470 222 1516 illi
256 1471 376 1515 carni
397 1469 636 1531 competit,
672 1467 725 1513 de
744 1485 831 1531 qua
855 1468 1024 1514 dictum
1044 1479 1135 1523 est,
1165 1489 1185 1509 c<
1210 1469 1395 1532 Palpate

21 1551 97 1600 ηρῑ
118 1540 258 1587 videte
276 1577 286 1596 ‚
329 1539 431 1602 quia
471 1539 648 1602 spiritus
687 1556 778 1584 ossa
809 1549 850 1583 et
889 1556 1063 1584 carnem
1101 1555 1191 1584 non
1225 1539 1360 1585 habet
1376 1577 1388 1597 ,

20 1631 45 1668 »ξ
56 1611 164 1671 sieut
185 1628 252 1670 me
281 1610 433 1656 videtis
458 1609 620 1655 habere
638 1609 688 1654 ΒΡ
712 1631 730 1650 »
758 1609 866 1654 Nam
887 1608 1108 1672 quomodo
1131 1620 1295 1654 arescat
1316 1621 1393 1656 aut

18 1679 182 1742 decidat
200 1719 211 1735 ,
249 1698 349 1726 cum
377 1675 591 1742 scriptum
630 1680 713 1734 sit,
743 1679 863 1742 quod
889 1701 910 1721 «
935 1680 1137 1725 Christus
1166 1696 1343 1739 surgens
1367 1699 1392 1727 a

18 1752 232 1812 ›qni-ortuis
247 1788 257 1807 ,
274 1754 368 1811 jam
396 1767 484 1795 non
504 1751 709 1805 moritur,
739 1759 780 1795 et
801 1766 916 1795 mors
940 1749 978 1794 ei
1000 1749 1112 1795 ultra
1136 1766 1224 1795 non
1242 1749 1390 1797 domi-

17 1842 40 1885 ›{
56 1823 230 1883 {rabitur
247 1822 266 1850 ί*
284 1826 301 1868 ἱ)
321 1843 341 1863 »

37 1930 52 1950 :.
70 1893 143 1954 YI.
182 1892 373 1953 Proinde
409 1892 548 1955 ipsam
583 1890 869 1953 apostolicam
909 1890 1165 1936 sententiam
1203 1890 1390 1955 desuper

12 1964 168 2029 inspice
187 2002 198 2021 ,
234 1976 456 2026 totamque
478 1963 718 2009 considera.
746 1963 860 2008 Cum
885 1963 1241 2007 resurrectionem
1263 1981 1387 2009 mor-

13 2044 174 2094 tfflrum
196 2034 457 2098 persuadere
476 2033 605 2078 vellet
625 2034 683 2079 eis
698 2069 709 2088 ‚
734 2034 810 2095 qui
842 2033 1073 2088 dicebant,
1096 2033 1218 2095 quod
1240 2051 1387 2087 resur-

11 2106 133 2163 reetio
149 2116 423 2163 mortuorum
443 2121 530 2149 non
546 2114 625 2158 est,
647 2103 814 2149 Christi
829 2103 1141 2149 resurrectione
1159 2104 1386 2166 praemissa

11 2174 55 2232 ὴὲ
69 2175 307 2239 &emplum
322 2212 332 2230 ‚
355 2175 466 2220 inter
487 2184 645 2220 caetera
671 2190 772 2237 quae
790 2173 855 2219 ibi
878 2172 1105 2228 disseruit,
1132 2172 1284 2219 intulit
1300 2175 1386 2221 sihi

11 2248 276 2310 quaestionem
311 2257 441 2309 atque
481 2246 571 2301 ait,
607 2267 627 2287 «
670 2245 754 2290 Sed
790 2244 906 2290 dicet
940 2244 1124 2307 aliquis,
1158 2245 1382 2308 quomodo

11 2329 256 2378 »resurgent
274 2317 433 2363 mortui
452 2320 468 2363 Ρ
494 2334 582 2379 quo
609 2327 753 2362 autem
774 2332 958 2378 corpore
978 2315 1177 2372 venient,
1209 2337 1230 2357 »
1252 2316 1297 2362 id
1319 2328 1382 2363 est

9 2387 116 2451 quali
138 2392 352 2452 corpore?
386 2388 554 2433 Deinde
589 2387 805 2433 adhibens
838 2386 1101 2432 documenta
1129 2386 1342 2440 seminum
1363 2424 1376 2444 ,

8 2458 202 2517 «ἐφῇς,
238 2459 410 2522 inquit,
450 2469 499 2504 tu
530 2457 649 2521 quod
684 2457 868 2503 seminas
899 2474 984 2502 non
1017 2456 1269 2503 vivificatur
1296 2457 1378 2511 nisi

7 2529 156 2593 ''ffluss
177 2530 411 2584 moriatur3
444 2540 484 2575 et
514 2528 632 2592 quod
663 2530 846 2574 seminas
865 2545 954 2574 non
973 2544 1133 2591 corpus
1151 2527 1273 2591 quod
1296 2528 1376 2576 fu-

48 2609 59 2633 ¹
79 2622 92 2642 1
108 2612 177 2643 Cor.
193 2618 244 2650 affl,
261 2613 314 2645 50.
331 2630 378 2637 —
394 2610 409 2633 ²
427 2612 497 2643 lsai.
514 2622 566 2648 η,
584 2613 617 2644 6.
639 2629 681 2634 -
701 2608 714 2631 3
730 2609 806 2642 Luc.
825 2621 914 2647 xxiv,
930 2612 983 2651 39.
998 2627 1043 2634 —-
1058 2606 1072 2630 4
1089 2612 1187 2641 Rom.
1205 2620 1248 2648 νι,
1268 2622 1304 2653 9.
