1769 3235
351 284 446 331 306
773 297 808 327 s.
852 296 1097 328 Aueus‘nm
1132 296 1337 326 EpisCOPI

349 365 464 428 ipsas
485 363 618 423 hujus
642 360 791 407 saeculi
816 371 1070 426 potestates,
1097 379 1197 426 quae
1222 360 1456 424 aliquando
1485 377 1566 424 pro
1587 360 1724 408 simu-

349 435 479 481 lacris
517 432 733 499 populum
760 433 1059 480 Christianum
1086 433 1458 498 persequebantur
1476 469 1487 486 ‚
1527 433 1660 479 victas
1684 443 1727 478 et

351 505 538 552 domitas
556 544 567 563 ,
595 523 681 552 non
697 523 720 551 a
738 507 1102 570 repugnantibus,
1124 504 1195 551 sed
1217 523 1238 550 a
1263 503 1550 550 morientibus
1568 499 1725 550 Chris-⁵

349 577 494 631 tinnis,
513 587 554 622 et
577 587 726 622 eontra
748 577 896 622 eadem
920 577 1149 623 simulacra
1169 593 1251 639 pro
1274 575 1436 638 quibus
1455 574 1727 621 Christianos

351 647 637 704 occidebant,
676 647 865 711 impetus
892 665 990 694 suos
1024 645 1220 709 legesque
1255 645 1453 702 vertisse,
1490 655 1532 691 et
1553 645 1727 709 imperii

347 717 605 763 nobilissimi
631 718 1017 763 eminentissimum
1039 716 1211 762 culmen
1235 714 1286 761 ad
1307 714 1557 778 sepulerum
1578 715 1726 779 pisca-

350 790 453 835 toris
476 789 595 835 Petri
619 789 837 835 submisso
860 788 1130 843 diademate,
1163 785 1424 850 supplicare.

416 859 490 906 JV.
524 859 632 905 Haee
664 858 809 904 omnia
853 859 1093 921 Scripturae
1133 856 1324 913 diviuae,
1366 873 1466 919 quae
1495 856 1540 902 in
1574 873 1728 903 manus

346 930 544 975 omnium
566 933 659 989 jani
682 940 891 974 venerunt
908 966 918 982 ,
956 939 1053 974 ante
1075 927 1323 988 longissima
1360 938 1556 990 tempora
1579 926 1726 973 sutura

345 1017 433 1046 esse
450 1010 615 1045 testatae
634 1010 748 1046 sunt.
780 1000 887 1045 Haec
913 999 1058 1044 onmia
1081 1009 1200 1044 tanto
1229 994 1472 1043 robustiore
1495 996 1580 1044 fide
1599 996 1727 1044 laeta--

347 1087 446 1116 niur
467 1070 585 1126 sieri,
609 1081 773 1133 quanto
804 1074 967 1130 majore
1002 1070 1260 1116 auctoritate
1292 1067 1538 1132 praedicata
1570 1086 1658 1116 esse
1681 1069 1727 1115 in

344 1141 502 1187 sanetis
520 1141 694 1186 Litteris
713 1141 971 1188 invenimus,
1018 1139 1380 1204 Numquidnam,
1415 1139 1596 1186 obsecro
1622 1155 1723 1197 vos,

343 1211 664 1276 numquidnam
691 1211 1061 1272 solumjudicium
1083 1212 1190 1268 Dei,
1211 1208 1331 1275 quod
1354 1209 1466 1256 inter
1490 1208 1638 1257 fideles
1658 1221 1728 1256 at-

344 1299 429 1346 que
452 1281 644 1328 infideles
675 1280 873 1328 futurum
909 1300 996 1329 esse
1023 1283 1068 1329 in
1103 1282 1264 1328 eisdem
1299 1281 1476 1327 Litteris
1509 1282 1722 1341 legimus,

345 1370 445 1399 cum
467 1353 539 1398 illa
569 1353 716 1398 omnia
738 1353 850 1399 sieut
874 1353 1087 1417 preedieta
1114 1364 1213 1400 sunt
1236 1352 1456 1409 venerint,
1479 1351 1726 1416 numquid-

343 1443 446 1492 nam
471 1425 610 1470 solum
630 1425 849 1485 judicium
875 1428 952 1472 Dei
971 1438 1203 1473 venturum
1229 1443 1317 1471 non
1334 1443 1421 1472 esse
1442 1422 1726 1490 put-abimus?

344 1495 440 1542 Iino
452 1513 552 1542 vero
566 1496 731 1553 veniet,
756 1497 866 1543 sicut
886 1497 958 1543 illa
975 1498 1121 1544 omnia
1138 1507 1364 1544 venerunt.
1392 1496 1482 1542 Nec
1495 1492 1727 1561 quisquam

342 1568 423 1613 erit
444 1568 576 1614 homo
592 1579 836 1615 nostrorum
862 1580 1105 1633 temporum
1123 1608 1132 1628 ,
1150 1570 1225 1635 qui
1248 1587 1289 1615 se
1318 1569 1364 1614 in
1385 1567 1460 1613 illo
1477 1567 1648 1628 judicio
1673 1569 1726 1616 de

340 1655 418 1684 sua
435 1639 570 1702 possit
592 1638 847 1686 infidelitate
866 1640 1117 1698 defendere3
1139 1658 1240 1687 eum
1262 1639 1488 1685 Christum
1514 1651 1660 1687 cantet
1685 1653 1729 1693 et

337 1713 480 1770 justus
509 1710 563 1755 ad
583 1711 832 1774 aequitatem
853 1751 862 1769 ‚
895 1724 936 1759 et
963 1717 1165 1776 perjurus
1187 1712 1241 1759 ad
1265 1711 1463 1758 fraudem
1478 1749 1489 1768 ,
1512 1723 1555 1758 et
1577 1730 1646 1759 rex
1671 1713 1728 1761 ad

342 1781 600 1845 imperium,
621 1792 663 1827 et
678 1782 798 1828 miles
822 1783 873 1829 ad
902 1801 1095 1847 pugnam
1112 1821 1123 1841 ,
1147 1795 1186 1830 et
1209 1783 1388 1829 maritus
1413 1793 1594 1846 propter
1612 1784 1728 1845 regi-

342 1868 443 1897 men
460 1889 470 1907 ,
492 1863 533 1898 et
552 1869 657 1898 uxor
680 1865 862 1918 propter
886 1855 1143 1919 obsequium
1163 1892 1173 1910 ‚
1199 1866 1241 1901 et
1258 1864 1383 1918 pater
1403 1864 1584 1918 propter
1608 1872 1728 1919 prae-

344 1932 520 1985 ceptum
536 1959 546 1977 ‚
564 1933 606 1968 et
623 1923 737 1969 filius
758 1935 938 1989 propter
960 1925 1253 1971 obedientiam
1272 1962 1282 1978 ,
1313 1935 1355 1972 et
1374 1923 1576 1971 dominus
1593 1943 1727 1990 prop-

345 2003 409 2038 ter
452 1993 796 2041 dominationem
819 2034 830 2052 ,
870 2007 911 2042 et
954 2014 1100 2043 servus
1141 2007 1323 2060 propter
1358 1995 1646 2056 famulatum,
1687 2009 1729 2044 et

343 2063 525 2110 humilis
556 2064 610 2110 ad
644 2065 872 2129 pietatem,
900 2078 941 2112 et
970 2068 1185 2130 superbus
1220 2067 1274 2112 ad
1300 2067 1650 2125 aeniulationeiii,
1686 2080 1729 2127 et

344 2133 463 2180 dives
486 2145 533 2180 ut
564 2136 787 2199 porrigat,
823 2148 864 2183 et
888 2155 1055 2202 pauper
1088 2148 1136 2183 ut
1167 2148 1336 2194 sumat,
1373 2148 1414 2182 et
1448 2138 1642 2184 ebriosus
1672 2138 1728 2185 ad

343 2203 538 2268 phialam
554 2243 565 2262 ,
586 2217 627 2252 et
651 2207 876 2254 mendicus
897 2208 951 2254 ad
977 2212 1159 2269 januam
1176 2245 1186 2263 ,
1221 2219 1264 2253 et
1285 2208 1428 2254 bonus
1450 2219 1498 2254 ut
1521 2218 1694 2270 praestet
1713 2244 1724 2264 ‚

345 2285 388 2320 et
414 2274 552 2321 malus
573 2286 621 2322 ut
639 2276 790 2331 fallam
823 2289 865 2323 ct
891 2278 1168 2324 Christianus
1191 2288 1444 2334 venerator,
1470 2287 1511 2322 et
1534 2295 1729 2342 paganus

347 2344 566 2402 adulator,
594 2364 741 2393 omnes
763 2348 989 2394 Christum
1017 2358 1220 2404 cantant,
1245 2359 1285 2393 et
1306 2365 1393 2411 qua
1418 2347 1640 2394 voluntate
1659 2360 1727 2394 at-

345 2433 430 2480 que
455 2434 528 2463 ore
550 2428 750 2476 cantent,
775 2419 912 2465 eidem
935 2420 1016 2483 ipsi
1047 2436 1175 2482 quem
1203 2430 1382 2465 cantant
1403 2419 1611 2465 rationem
1636 2420 1728 2466 sine

349 2486 488 2532 dubio
507 2488 721 2534 reddituri
739 2501 853 2537 sunt.

412 2556 467 2602 V.
497 2558 572 2603 Est
595 2558 805 2622 quiddam
836 2560 1076 2616 invisibile,
1106 2578 1151 2605 ex
1172 2577 1258 2623 quo
1286 2565 1489 2606 {Iit-aiore
1510 2560 1726 2623 principio

341 2638 444 2674 sunt
468 2630 632 2687 omnia,
659 2647 758 2693 quae
787 2630 1002 2689 videmus,
1027 2648 1264 2690 summum,
1294 2645 1503 2678 arternum
1522 2667 1532 2686 ,
1563 2632 1726 2677 incom-
