1769 3235
331 291 419 343 104
733 306 767 336 s.
812 304 1054 337 Aueusrim
1093 304 1293 339 EPISCOP1

322 370 464 415 veniet
483 368 573 415 dies
602 370 673 416 ille
689 408 700 427 ,
731 387 832 417 cum
863 372 1027 418 venerit
1049 374 1087 419 ei
1107 373 1196 419 dies
1219 384 1267 419 ut
1291 376 1386 421 talis
1412 377 1518 422 hinc
1545 387 1665 422 exeat
1687 413 1698 432 ‚
1750 397 1769 434 ῑΙ

322 439 746 503 qualisjudicandus
765 452 828 487 est
850 441 924 488 illo
947 442 1030 489 die.
1063 444 1124 489 Ac
1153 461 1231 507 per
1263 445 1347 492 hoc
1372 446 1550 506 vigilare
1570 446 1703 492 debet
1767 483 1769 487 .

320 510 460 555 omnis
481 510 757 558 Christianus
775 549 786 569 ,
816 530 868 558 ne
892 513 1158 577 imparatum
1184 514 1378 562 inveniat
1403 533 1502 562 eum
1523 515 1703 562 Domini

323 578 548 627 adventus.
577 581 849 645 Imparatum
885 593 1026 630 autem
1050 585 1239 630 inveniet
1256 585 1328 631 ille
1346 586 1452 643 dies,
1476 603 1604 650 quem
1623 586 1704 632 im-

322 661 526 713 paratum
555 651 769 698 invenerit
802 670 892 700 suae
931 654 1031 700 vitae
1067 655 1202 715 hujus
1229 655 1409 703 ultimus
1441 657 1544 704 dies.
1580 656 1706 701 Certe
1767 680 1769 700 2

322 721 438 767 enim
458 721 546 767 hoc
581 722 733 769 saltem
766 723 1041 770 manifestum
1063 736 1154 771 erat
1185 727 1218 772 A
1223 727 1425 789 postolis,
1447 744 1537 773 non
1556 743 1705 772 eorum

325 792 601 855 temporibus
621 831 632 850 ,
658 811 759 840 cum
784 795 859 840 hic
880 795 925 841 in
950 813 1077 841 carne
1100 796 1316 852 viverent,
1360 798 1600 844 Dominum
1621 814 1708 842 esse

321 873 557 908 venturum
581 881 592 908 :
620 874 825 910 ettamen
845 865 941 928 quis
960 865 1135 912 dubitet
1158 883 1227 912 eos
1252 868 1483 932 praecipue
1514 866 1709 928 vigilasse
1767 891 1769 895 <

324 943 366 977 et
383 949 568 980 servasse
587 934 707 997 quod
728 935 934 981 omnibus
953 934 1089 991 dixit,
1113 954 1166 981 ne
1185 936 1424 1000 imparatos
1442 947 1618 1001 repente
1639 954 1708 982 vc-

325 1003 449 1049 niens
467 1004 715 1051 inveniret?

394 1074 468 1120 IV.
504 1074 711 1119 Nondum
736 1091 835 1122 sane
861 1075 1057 1137 intelligo
1082 1092 1274 1141 quonam
1305 1077 1438 1123 modo
1464 1077 1606 1140 accipi
1630 1076 1711 1122 de-
1764 1107 1769 1109 -

330 1143 432 1189 beat
449 1143 569 1207 quod
600 1144 774 1207 scripsit
808 1146 1013 1192 sanctitas
1046 1158 1118 1193 tua
1137 1184 1147 1202 ,
1185 1159 1416 1212 propterea
1440 1147 1591 1194 dixisse
1616 1148 1711 1192 Do—

331 1213 502 1259 minum
524 1215 744 1277 Apostolis
763 1252 773 1267 ,
810 1237 830 1257 «
851 1216 949 1261 Non
976 1227 1037 1262 est
1061 1228 1253 1264 vestrum
1278 1236 1400 1264 nosse
1428 1229 1625 1282 tempora
1645 1216 1713 1262 vel

333 1304 355 1325 »
378 1296 593 1330 momenta
612 1323 622 1341 ‚
660 1303 761 1349 quae
788 1288 917 1332 Pater
941 1289 1087 1351 posuit
1112 1289 1157 1334 in
1186 1306 1260 1335 sua
1288 1299 1498 1352 potestate
1516 1325 1527 1345 ,
1549 1309 1570 1329 ›>
1597 1303 1711 1351 quo-

333 1355 450 1400 niam
476 1366 649 1402 secutus
670 1357 896 1417 adjunxit,
925 1379 944 1398 «
970 1357 1055 1404 Sed
1074 1359 1191 1406 eritis
1226 1359 1337 1405 mihi
1361 1369 1485 1405 testes
1514 1358 1558 1404 in
1582 1363 1713 1404 Jeru-

333 1446 355 1468 »
373 1427 502 1472 salem
521 1463 531 1482 ‚
553 1430 656 1473 etin
672 1428 844 1483 Judaea‚
869 1439 909 1474 et
932 1430 976 1474 in
998 1429 1209 1486 Samaria,
1228 1440 1270 1475 et
1284 1446 1420 1494 usque
1434 1428 1489 1474 ad
1509 1428 1713 1474 ultimum
1754 1469 1755 1473 ,

336 1518 356 1538 υ
381 1508 507 1542 terrae
523 1496 557 1544 ¹.
587 1520 605 1538 »
629 1499 768 1554 Quem
792 1498 1036 1562 Scripturae
1056 1516 1228 1546 sensum
1255 1500 1316 1545 sic
1335 1499 1514 1562 exponis
1536 1535 1546 1553 ‚
1570 1508 1619 1543 ut
1645 1497 1715 1542 di—
1753 1493 1755 1508 ¹

336 1579 425 1614 cat.
445 1589 462 1607 f<
489 1570 582 1614 Non
608 1586 708 1629 ergo
736 1569 966 1632 Apostolos
988 1580 1111 1616 testes
1126 1570 1512 1616 consummationis
1539 1566 1710 1622 mundi,

337 1640 408 1686 sed
452 1640 638 1685 nominis
675 1651 716 1686 et
748 1641 1072 1687 resurrectionis
1099 1658 1188 1687 suae
1208 1641 1347 1687 voluit
1364 1639 1592 1700 intelligi.»
1617 1639 1716 1685 Non
1754 1639 1756 1683 Ῡ

338 1711 516 1775 quidem
553 1711 624 1756 ille
649 1711 728 1767 ait,
768 1712 863 1756 Non
899 1722 961 1756 est
990 1723 1178 1757 vestrum
1217 1711 1459 1775 praedicare
1485 1721 1712 1773 tempora3
1754 1735 1755 1772 3

334 1781 405 1827 scd
425 1819 434 1834 ,
464 1803 483 1822 «
507 1782 604 1827 Non
624 1793 685 1827 est
711 1793 901 1827 vestrum
923 1799 1057 1830 nosse,
1081 1804 1100 1824 ›>
1124 1783 1286 1828 Verum
1311 1782 1346 1828 si
1365 1783 1423 1827 ita
1443 1781 1506 1828 vis
1536 1778 1718 1838 intelligi
1753 1794 1757 1847 j:

339 1853 458 1916 quod
479 1852 562 1907 ait,
591 1873 609 1892 «
639 1854 738 1898 Non
758 1863 820 1897 est
838 1863 1031 1898 vestrum
1063 1854 1171 1899 scire
1195 1890 1205 1909 ,
1230 1875 1248 1894 υ
1283 1869 1332 1898 ac
1353 1853 1387 1898 si
1403 1852 1590 1906 diceret,
1620 1850 1717 1895 Non
1754 1886 1756 1890 ,

341 1935 402 1969 cst
420 1935 608 1969 vestrum
639 1924 819 1969 scientes
842 1923 1006 1980 facere,
1032 1924 1075 1970 id
1105 1934 1193 1979 est,
1215 1941 1304 1969 non
1328 1934 1390 1969 est
1414 1933 1605 1969 vestrum
1629 1920 1718 1966 hoc
1755 1939 1756 1942 ¹

341 1995 497 2040 docere
518 2010 528 2038 :
565 1993 663 2057 quis
686 2004 882 2039 nostrum
902 1993 1057 2039 docere
1085 1993 1244 2040 audeat
1261 2031 1272 2050 ,
1298 1993 1365 2040 vel
1391 2011 1433 2040 se
1464 1992 1572 2038 scire
1606 2006 1719 2054 prae-

342 2075 502 2120 sumat,
525 2064 643 2128 quod
666 2065 780 2110 Deus
796 2064 866 2111 ille
886 2065 1086 2125 magister
1102 2082 1183 2111 nec
1203 2081 1273 2110 eos
1292 2062 1532 2127 discipulos
1549 2061 1719 2117 nocuit,

343 2155 365 2182 a
390 2136 551 2200 quibus
574 2135 866 2199 praesentibus
892 2135 1182 2196 interrogatus
1217 2145 1278 2180 est
1297 2151 1489 2198 praesens
1514 2169 1525 2189 ,
1556 2149 1636 2178 nec
1658 2130 1722 2177 illi
1754 2170 1756 2172 .

343 2218 430 2252 tam
454 2208 590 2253 sancti
622 2206 855 2271 magnique
890 2205 1090 2253 doctores
1121 2205 1359 2252 Ecclesiam
1383 2204 1540 2251 docere
1560 2213 1721 2268 potue-

341 2281 481 2325 runt?

408 2347 460 2394 V.
504 2350 571 2394 An
608 2347 970 2412 respondebitur,
1006 2348 1103 2393 haec
1136 2363 1224 2392 non
1244 2345 1440 2392 docuisse
1471 2343 1718 2408 Apostolos,

344 2418 416 2465 sed
446 2418 713 2482 Prophetas?
740 2419 834 2464 Hoc
851 2418 965 2464 enirn
994 2418 1111 2474 aisti,
1138 2410 1179 2464 et
1208 2433 1360 2463 verum
1380 2426 1442 2462 est
1460 2453 1471 2473 ,
1495 2413 1613 2479 quod
1637 2431 1685 2459 ea
1706 2451 1718 2471 ,

344 2489 502 2547 «Quae
538 2489 689 2535 futura
723 2499 854 2546 sunt,
885 2499 1135 2535 sanctorum
1172 2487 1500 2552 Prophetarum
1537 2484 1723 2532 vocibus

340 2581 360 2602 υ
377 2570 728 2621 cognoscuntur,
767 2560 843 2623 qui
867 2559 989 2623 prius
1009 2575 1142 2625 quam
1165 2559 1336 2616 fierent,
1359 2556 1523 2623 inquis,
1547 2572 1595 2603 ea
1620 2570 1722 2622 quae

388 2644 396 2664 ¹
418 2646 484 2674 Act.
507 2652 534 2680 1,
556 2653 587 2681 3¹,
