1769 3235
353 219 437 250 112
769 216 806 248 8.
849 215 1093 246 AUGUSTINI
1129 215 1332 246 EPISCOPI

344 283 497 331 dixerit
530 282 685 328 beatus
724 284 748 326 J
752 297 910 327 oannes
945 279 1244 339 Evangelista,
1282 301 1302 322 «
1340 279 1580 326 Novissima
1609 279 1718 325 hora
1766 282 1768 339 ξ

342 378 363 398 »
386 354 491 402 est1.
523 376 543 396 »
578 353 691 400 Nam
732 353 767 398 si
801 363 907 398 tunc
946 368 1158 405 essemus,
1202 351 1289 397 hoc
1327 350 1505 406 audito,
1539 350 1718 414 quando

343 424 614 471 crederemus
646 432 711 468 tot
743 438 877 467 annos
901 431 1050 485 postea
1070 420 1350 476 transituros,
1380 438 1428 466 ac
1459 438 1546 466 non
1573 421 1719 484 potius
1765 432 1766 435 ’

339 496 437 559 ipso
462 494 608 540 adhuc
631 497 796 538 Joanne
815 492 860 538 in
888 509 1071 555 corpore
1096 492 1333 538 constituto
1356 491 1592 537 Dominum
1616 509 1716 555 spe·

343 581 535 611 raremus
559 580 644 609 esse
663 572 896 609 venturum
915 564 933 607 Ρ
959 562 1107 626 Neque
1124 563 1238 608 enim
1259 561 1370 607 dixit
1388 598 1398 617 ,
1429 561 1720 608 Novissimum
1764 610 1765 614 ,

344 646 517 699 tempus
539 645 625 690 est,
654 643 728 679 aut
743 633 1000 680 novissimus
1021 650 1157 678 annus
1173 669 1184 687 ,
1210 643 1285 677 aut
1311 632 1489 690 mensis,
1517 641 1591 677 aut
1610 631 1717 688 dies,

343 706 417 752 sed
437 727 457 749 «
481 705 724 753 Novissima
747 704 856 750 hora
880 714 956 751 est.
980 725 1000 746 »
1020 704 1073 749 Εῖ
1096 720 1195 750 ecce
1211 702 1291 749 ista
1313 703 1423 749 hora
1443 719 1574 766 quam
1592 702 1721 763 longa

342 786 405 822 est
425 794 436 821 ε
457 792 536 821 nec
562 785 708 821 tamen
729 784 792 820 est
811 773 882 819 ille
902 774 1105 819 mentitus
1123 810 1133 830 ,
1155 773 1227 818 sed
1245 774 1396 836 utique
1416 772 1722 833 intelligendus

341 856 404 892 est
427 845 584 891 horam
611 861 695 908 pro
716 855 913 907 tempore
939 843 1146 907 posuisse.
1176 842 1308 900 Quod
1342 842 1544 889 nonnulli
1567 843 1628 889 sic
1652 860 1722 889 ac-

341 916 515 980 cipiunt
534 953 546 973 ,
571 926 621 962 ut
646 932 713 960 sex
734 931 949 960 annorum
976 914 1112 959 millia
1145 914 1414 959 constituant
1438 913 1557 961 velut
1585 930 1722 959 unum

341 986 457 1033 diem
474 1022 485 1043 ,
510 1002 696 1048 eumque
716 984 761 1030 in
795 994 938 1047 partes
965 984 1082 1030 velut
1105 984 1235 1030 horas
1260 983 1494 1030 duodecim
1521 983 1722 1047 partian-

341 1065 430 1113 tur,
452 1065 501 1101 ut
519 1055 580 1100 sic
602 1054 862 1117 quingentos
883 1070 1016 1099 annos
1039 1064 1282 1117 postremos
1299 1054 1409 1100 hora
1419 1053 1619 1101 videatur
1636 1054 1723 1099 ha-

339 1126 443 1172 bere
466 1135 687 1189 postrema
715 1141 726 1168 t
749 1124 795 1170 in
813 1124 979 1188 quibus
997 1125 1120 1170 annis
1133 1128 1225 1184 jam
1251 1125 1439 1171 Joannes
1457 1161 1468 1181 ,
1491 1124 1719 1189 inquiunt,

340 1195 621 1260 loquebatur,
643 1193 823 1257 quando
841 1194 1118 1242 novissimam
1140 1195 1296 1241 horam
1319 1212 1405 1242 esse
1424 1194 1617 1241 dicebat.

404 1266 572 1312 XVIII.
609 1264 696 1310 Sed
727 1264 847 1310 aliud
878 1275 941 1310 est
975 1282 1096 1311 nosse
1125 1265 1315 1329 aliquid,
1344 1263 1464 1310 aliud
1489 1263 1715 1328 suspicari.

340 1336 432 1382 Cur
452 1335 566 1381 enim
584 1351 673 1380 non
695 1334 867 1398 potius,
895 1335 930 1380 si
950 1351 1017 1380 sex
1042 1351 1256 1380 annorum
1283 1334 1418 1381 millia
1443 1333 1723 1398 deputandus
1756 1351 1759 1379 .:

338 1418 401 1452 est
424 1423 536 1452 unus
559 1404 672 1461 dies,
697 1421 784 1450 non
808 1404 1096 1450 duodecima.
1125 1405 1198 1451 sed
1220 1405 1425 1452 vicesima
1440 1414 1596 1469 quarta
1622 1420 1723 1467 pars
1756 1419 1758 1429 ¹

337 1481 428 1537 eJ'us
449 1494 536 1523 una
548 1476 656 1521 hora
676 1485 739 1521 est
759 1511 770 1527 ,
796 1475 844 1521 id
861 1486 924 1521 est
941 1492 1030 1521 non
1047 1475 1289 1538 quingenti,
1309 1475 1383 1522 sed
1402 1474 1581 1520 ducenti
1596 1473 1723 1536 quin·
1754 1478 1758 1511 ἑ

337 1548 547 1612 quaginta
571 1546 710 1592 anni?
752 1547 889 1592 Totus
922 1546 1036 1592 enim
1066 1546 1180 1603 dies,
1208 1557 1324 1592 totus
1343 1545 1599 1592 circumitus
1623 1543 1723 1589 solis
1753 1563 1756 1612 g

339 1621 481 1666 verius
499 1627 799 1680 nuncupatur,
818 1634 907 1663 non
930 1617 985 1662 ab
1004 1617 1183 1663 Oriente
1200 1634 1336 1681 usque
1355 1617 1400 1662 in
1412 1615 1717 1669 Occidentem,
1752 1652 1756 1666 ,

337 1689 412 1734 sed
446 1690 501 1735 ab
537 1687 717 1733 Oriente
745 1703 882 1750 usque
906 1687 952 1732 in
978 1686 1203 1733 Orientem
1224 1724 1234 1743 ,
1271 1686 1388 1733 unde
1411 1696 1504 1731 toto
1526 1684 1596 1731 die
1615 1700 1721 1748 per-
1753 1715 1755 1726 τ

340 1771 455 1815 act0,
484 1759 531 1805 id
548 1768 627 1813 est,
650 1757 803 1817 viginti
828 1768 870 1803 et
894 1768 1083 1820 quatuor
1111 1758 1222 1814 oris,
1248 1773 1396 1803 rursus
1418 1756 1605 1802 exoritur
1627 1772 1638 1800 τ
1669 1772 1720 1801 ac

336 1850 416 1898 per
442 1831 530 1877 hoc
552 1830 663 1875 hora
686 1828 767 1873 ista
790 1828 1022 1875 novissima
1042 1865 1051 1884 ,
1077 1846 1124 1874 ex
1145 1845 1232 1891 quo
1262 1839 1457 1891 tempore
1479 1826 1525 1873 id
1547 1826 1719 1872 locutus
1751 1854 1754 1869 ι

334 1915 398 1951 θεῖ
422 1906 624 1954 JoanneS,
647 1909 744 1944 ante
765 1896 898 1944 ferme
920 1899 1192 1961 septuaginta
1212 1915 1365 1954 annos,
1390 1908 1438 1943 ut
1464 1896 1714 1947 minimum,
1750 1897 1753 1911 ⁵

331 1980 423 2035 jam
457 1969 671 2034 reperitur
703 1986 789 2014 esse
811 1978 1054 2024 transacta,
1077 1980 1118 2014 et
1140 1968 1341 2014 nundum
1368 1967 1487 2014 venit
1510 1966 1718 2012 terminus

336 2042 501 2091 saeculi.
520 2041 619 2086 Huc
641 2038 824 2094 accedit,
846 2038 949 2101 quia
969 2038 1166 2102 inspecta
1185 2038 1413 2098 diligenter
1431 2036 1718 2084 ecclesiastica
1748 2060 1751 2081 ι

335 2113 547 2168 historia,
587 2108 803 2173 reperitur
834 2112 1021 2154 Joannes
1059 2108 1279 2172 apostolus
1310 2108 1437 2168 longe
1473 2118 1569 2153 ante
1588 2106 1717 2152 fuisse

336 2185 567 2233 defunctus
581 2217 592 2238 ,
613 2196 745 2243 quam
768 2179 963 2243 quinque
981 2179 1117 2225 millia
1141 2178 1367 2242 quingenti
1389 2178 1489 2224 anni
1511 2195 1533 2222 a
1553 2176 1716 2237 generis

335 2254 520 2303 humani
538 2250 713 2299 exordio
731 2249 1072 2313 complerentur.
1099 2249 1306 2295 Nondum
1332 2259 1422 2294 erat
1441 2248 1587 2311 itaque
1607 2247 1715 2292 hora
1746 2250 1748 2253 ’

334 2325 592 2379 novissima,
621 2320 656 2367 si
678 2337 746 2366 sex
773 2318 959 2365 millium
984 2336 1197 2365 annorum
1224 2336 1325 2382 pars
1357 2316 1642 2371 duodecima,
1668 2315 1713 2361 id
1745 2313 1748 2324 ’

333 2407 411 2453 θεῖ,
432 2391 657 2460 quingenti
676 2390 795 2448 anni,
816 2389 937 2438 velut
956 2390 1085 2436 unius
1104 2390 1227 2436 horae
1246 2389 1435 2453 spatium
1454 2387 1705 2450 deputatur.
1744 2373 1747 2395 ¹

334 2469 473 2514 Porro
508 2465 544 2511 si
571 2460 812 2510 secundum
843 2459 1095 2524 Scripturas
1130 2475 1268 2507 unum
1290 2459 1406 2507 diem
1430 2457 1549 2506 mille
1575 2472 1712 2504 annos
1742 2453 1746 2518 ξ

1742 2524 1745 2539 ‚

385 2551 396 2575 ¹
418 2562 431 2582 1
448 2553 542 2584 Joan.
561 2558 599 2590 n,
618 2559 670 2591 ¹9·
