1769 3235
301 264 392 319 324
704 277 737 306 s.
783 275 1029 306 mensum
1064 275 1266 306 nmscom

301 355 343 390 et
366 342 512 390 videre
543 358 591 388 ea
610 379 620 395 ,
647 359 746 407 quae
779 342 822 387 in
858 342 1121 406 expositione
1157 341 1289 403 liujus
1311 341 1466 405 hymni
1494 341 1607 389 bona
1636 353 1678 390 et

301 415 481 460 honesta
501 413 678 469 dicunt,
706 414 830 459 etiam
861 413 902 458 in
929 431 1092 460 canone
1121 413 1313 477 reperiri.
1347 412 1473 458 Unde
1504 413 1575 458 illa
1601 432 1678 461 eo-

301 501 399 529 rum
432 501 520 530 non
555 485 692 538 ratio,
733 484 804 530 sed
835 484 1124 544 tergiversatio
1153 495 1240 538 est,
1276 483 1372 529 ideo
1397 483 1518 528 illum
1545 501 1629 530 esse
1655 503 1678 532 a

301 571 466 600 canone
489 566 732 618 separatum
758 592 768 606 ,
796 555 897 618 quia
922 555 1169 600 carnalibus
1207 554 1461 599 hominibus
1489 554 1678 600 abscon-

299 623 492 669 dendum
522 625 631 684 regis
668 625 808 670 fuerat
831 636 1163 671 sacramentum.
1202 624 1328 669 [Fnde
1348 641 1433 669 non
1460 625 1677 671 immerito

299 694 537 740 creduntur
558 695 646 740 istis
671 695 1012 758 expositionibus
1036 712 1122 739 non
1149 694 1314 758 aperire
1338 694 1444 741 velle
1473 695 1590 758 quod
1613 695 1678 741 le-

298 777 432 825 gunt,
468 766 540 812 sed
582 767 730 829 potius
763 767 932 830 operire
968 766 1085 828 quod
1123 766 1327 812 sentiunt.
1369 767 1458 811 lN'ec
1482 767 1674 824 mirum,

298 836 654 898 quandoquidem
675 838 815 900 ipsum
840 837 1079 881 Dominum
1109 837 1252 882 Jesuni
1284 836 1528 900 loquentem
1550 876 1560 889 ,
1590 855 1678 883 non

297 922 375 968 per
395 923 466 951 ora
484 907 832 969 Prophetarum,
855 905 918 951 vel
940 906 1247 968 Apostolorum
1267 943 1277 960 ‚
1302 907 1366 951 vel
1390 907 1673 966 Angelorum,

295 976 369 1021 sed
408 995 487 1039 per
526 994 571 1022 os
605 977 863 1041 proprium,
895 976 1114 1022 illusorem
1148 977 1293 1040 potius
1329 994 1460 1040 qnam
1489 977 1679 1024 veritatis

296 1046 520 1092 doctorem
546 1047 675 1093 fuisse
711 1046 1006 1094 crediderunt.
1041 1048 1157 1092 Huic
1185 1048 1332 1111 utique
1369 1047 1534 1111 liymno
1561 1048 1678 1094 divi-

295 1134 394 1162 nam
437 1117 675 1164 tribuentes
714 1120 1046 1166 auctoritatem.
1086 1119 1162 1163 ubi
1201 1136 1298 1164 euin
1344 1119 1495 1164 dixisse
1532 1120 1677 1165 nescio

297 1187 393 1249 quis
411 1187 607 1246 ejusdem
623 1188 775 1250 hymni
793 1188 1154 1241 conditorfinxit3
1174 1210 1192 1229 c<
1209 1188 1353 1234 Verbo
1369 1188 1481 1234 illusi
1498 1200 1674 1247 cuncta,

299 1280 319 1299 >2
346 1268 386 1302 et
423 1274 509 1303 non
536 1276 622 1304 non
663 1276 757 1304 sum
793 1259 944 1304 illusus
978 1260 1022 1304 in
1055 1270 1194 1304 totum
1233 1277 1242 1304 ε
1280 1281 1300 1301 »
1329 1259 1620 1322 respondeant
1644 1259 1678 1305 si

298 1338 478 1390 possunt
499 1328 654 1388 egregii
681 1328 895 1392 spiritales
910 1365 921 1384 ,
950 1346 1037 1392 quo
1059 1346 1205 1374 eamus
1225 1365 1235 1385 ‚
1266 1330 1337 1375 cui
1361 1346 1483 1374 aures
1504 1331 1677 1393 aperia-

296 1414 421 1453 muS‚
461 1399 532 1444 cui
557 1397 753 1462 loquenti
788 1409 1030 1462 utcumque
1051 1400 1305 1451 credamus.
1340 1400 1386 1446 in
1422 1405 1547 1460 cujus
1570 1417 1678 1464 pro-

293 1469 493 1513 missione
511 1486 629 1532 spem
654 1487 888 1533 ponamus,
909 1471 942 1515 si
963 1471 1097 1516 verbo
1124 1482 1282 1517 cuncta
1301 1471 1505 1517 Christus
1522 1471 1674 1529 illusit,

292 1539 327 1584 si
361 1540 496 1585 verbo
528 1551 686 1586 cuneta
723 1541 998 1604 omnipotens
1038 1543 1239 1601 magister
1276 1542 1441 1598 illusit,
1479 1543 1514 1588 si
1545 1543 1679 1589 verbo

295 1621 454 1655 cuncta
475 1610 546 1655 ille
566 1611 642 1674 qui
667 1622 728 1656 est
750 1612 997 1672 unigenitus
1021 1613 1214 1659 Verbum
1247 1614 1328 1659 Dei
1352 1613 1492 1659 Patris
1513 1613 1679 1660 illusit}>

298 1680 415 1737 Quid
446 1681 625 1726 ulterius
662 1681 816 1744 loquar
846 1682 899 1728 de
934 1684 1118 1746 perditis
1144 1684 1388 1748 vaniloquis
1408 1721 1418 1740 ‚
1461 1695 1503 1730 et
1525 1684 1680 1731 mentis

297 1750 629 1806 seductoribus,
666 1753 857 1814 primum
895 1770 1009 1808 suae,
1054 1754 1211 1800 deinde
1247 1766 1502 1800 caeterorum
1529 1793 1539 1809 ,
1570 1772 1680 1819 quos

298 1821 381 1866 sibi
407 1821 461 1866 ad
487 1821 708 1867 interitum
735 1822 1064 1885 praedestinatos
1084 1835 1293 1870 aeternum
1322 1825 1569 1871 consociare
1593 1843 1680 1889 po-
1713 1826 1716 1830 ’

301 1899 490 1937 tuerunt.
516 1891 736 1955 Rescripsi
754 1894 1017 1940 venerationi
1039 1905 1123 1940 tuae
1139 1932 1149 1950 ‚
1175 1906 1214 1940 et
1237 1895 1373 1940 multo
1397 1896 1529 1941 serius
1547 1913 1679 1959 quam

302 1959 548 2015 volueram,
577 1971 619 2005 et
652 1965 779 2024 plura
805 1980 936 2025 quam
975 1963 1286 2027 disposueram.
1330 1965 1509 2028 Optime
1538 1965 1680 2012 facitis

302 2030 531 2089 vigilanter
547 2030 675 2093 lupos
692 2049 842 2078 cavere
863 2053 873 2086 ;
902 2033 974 2078 sed
1000 2037 1125 2080 etiam
1148 2052 1230 2098 pro
1262 2035 1462 2080 sanandis
1492 2036 1648 2082 ovibus
1665 2073 1676 2092 ‚

306 2100 338 2145 si
363 2117 471 2163 quas
492 2100 602 2146 forte
622 2101 901 2159 violaverint,
930 2104 1016 2148 sive
1034 2108 1124 2163 jam
1147 2106 1470 2151 vulneraverint
1490 2143 1499 2161 ,
1527 2117 1680 2169 pasto-

311 2170 384 2216 rali
411 2171 659 2231 diligentia,
686 2174 782 2236 ipso
807 2173 1039 2234 adjuvante
1066 2187 1286 2238 pastorum
1312 2176 1525 2233 Domino,
1552 2176 1679 2223 labo-

313 2253 412 2289 rate.
