1769 3235
332 247 416 291 132
572 241 583 250 “
734 256 767 284 S.
809 254 1048 285 aucusrim
1085 254 1285 284 Episcom

327 347 348 366 «
374 324 487 369 Cum
511 330 653 366 autem
672 319 836 366 venerit
857 318 990 364 Filius
1004 319 1211 376 hominiS,
1230 317 1392 382 inquit,
1411 318 1456 363 in
1477 322 1693 378 majestate

329 417 350 437 »
373 410 477 449 sua,
509 402 550 437 et
579 407 724 437 omnes
747 389 898 449 Angeli
924 406 1023 435 cum
1049 405 1122 444 eo,
1156 400 1261 434 tunc
1290 388 1456 434 sedebit
1474 405 1602 452 super
1623 405 1692 433 se-

327 487 349 507 »
373 463 471 509 dem
506 461 738 522 majestatis
773 476 862 505 suae
880 497 891 516 ,
930 470 1035 505 tunc
1061 459 1444 518 congregabuntur
1469 469 1568 504 ante
1592 474 1690 503 eum

329 557 350 577 »
372 550 519 581 omnes
551 530 721 593 gentes‘l
746 548 757 575 ε
781 552 801 572 >>
820 541 862 575 et
892 541 1046 575 caetera
1083 546 1217 592 usque
1247 528 1302 574 ad
1326 528 1435 574 illud
1450 566 1460 581 ,
1497 527 1575 573 ubi
1599 528 1658 573 ait
1678 545 1688 571 :

327 627 348 648 α
375 606 431 650 Et
452 605 583 650 ibunt
600 603 649 648 hi
668 602 712 647 in
740 600 1006 664 supplicium
1022 611 1232 646 aeternum
1246 637 1256 654 ,
1275 599 1381 658 justi
1401 610 1541 644 autem
1559 598 1604 643 in
1624 598 1694 643 vi-

327 698 348 719 »
372 687 460 722 tam
473 685 692 720 aeternam.
713 673 842 718 »Hoc
862 671 975 717 enim
996 670 1140 716 nullus
1163 670 1348 729 ambigit
1365 669 1418 715 de
1436 669 1601 714 Christi
1612 668 1694 714 ad-

323 757 458 792 ventu
478 744 711 790 novissimo
727 754 768 789 et
785 743 838 789 de
854 744 939 787 fine
961 740 1108 787 saeculi
1127 739 1391 803 praedictum
1409 740 1552 785 fuisse.
1584 740 1694 784 Nam

323 829 366 864 et
388 817 481 863 illas
499 815 693 880 quinque
721 824 762 859 et
790 815 984 876 quinque
1008 811 1218 871 virgines,
1246 828 1333 856 non
1357 809 1589 856 defuerunt
1619 809 1695 872 qui

323 906 412 934 non
433 884 756 948 contemptibili
775 883 1068 946 disputatione
1081 882 1235 927 docere
1249 881 1486 938 voluerint,
1504 880 1557 925 ad
1575 879 1697 925 hunc

323 963 415 1019 ejus
451 957 684 1003 adventum
701 991 712 1009 ,
753 954 829 1017 qui
860 970 979 999 nunc
1003 954 1053 997 fit
1073 969 1152 1014 per
1177 950 1412 996 Ecclesiam
1428 988 1437 1005 ‚
1461 950 1689 1014 pertinere.

321 1029 407 1075 Sed
427 1029 524 1073 haec
545 1043 633 1071 non
663 1035 763 1069 sunt
787 1035 943 1069 temere
960 1021 1207 1085 pollicenda
1223 1058 1234 1077 ,
1266 1038 1319 1066 ne
1345 1020 1512 1084 aliquid
1538 1035 1697 1065 occur-

324 1110 392 1145 rat
409 1096 529 1162 quod
556 1094 696 1141 valide
731 1093 1031 1148 contradicat,
1058 1092 1300 1156 praesertim
1327 1091 1430 1154 quia
1461 1091 1506 1136 in
1539 1089 1699 1135 talibus

324 1169 577 1216 divinorum
616 1164 891 1227 eloquiorum
927 1161 1268 1208 obscuritatibus
1283 1198 1294 1217 ,
1336 1161 1498 1225 quibus
1534 1169 1700 1205 nostras

323 1236 627 1298 intelligentias
650 1239 744 1281 Deo
768 1234 938 1298 placuit
969 1251 1186 1287 exercere,
1211 1250 1298 1277 non
1326 1233 1464 1277 solum
1493 1231 1599 1276 alius
1617 1229 1699 1275 alio

327 1320 528 1358 movetur
551 1307 718 1352 acutius
743 1322 917 1361 eorum,
937 1305 1013 1366 qui
1035 1305 1284 1367 Scripturas
1306 1313 1474 1347 sanctas
1493 1318 1579 1346 non
1613 1300 1700 1346 im-

327 1377 619 1446 probabiliter
646 1385 859 1427 tractant3
885 1373 958 1419 sed
982 1374 1111 1418 etiam
1140 1372 1327 1436 quilibet
1358 1388 1469 1417 unus
1491 1370 1667 1416 illorum
1684 1406 1695 1424 ,

331 1448 564 1515 aliquando
586 1446 752 1501 mium,
781 1444 1018 1508 aliquando
1037 1442 1188 1489 melius
1206 1441 1419 1501 intelligit.

390 1520 547 1568 XLVI.
577 1517 731 1564 Nescio
757 1527 897 1561 tamen
926 1526 1075 1560 utrum
1100 1514 1259 1560 intueri
1284 1513 1450 1576 aliquid
1475 1512 1633 1558 certius
1656 1512 1700 1557 in

328 1595 411 1639 hac
445 1588 685 1654 quaestione
720 1603 963 1649 possemus,
995 1586 1028 1630 si
1053 1585 1140 1630 ulla
1179 1584 1348 1630 ratione
1380 1600 1453 1628 seu
1496 1582 1702 1629 facultate

328 1677 547 1728 possemus
563 1696 572 1714 ,
596 1674 727 1721 quam
745 1657 855 1702 illud
874 1656 995 1719 quod
1015 1656 1059 1701 in
1078 1655 1269 1718 Epistola
1285 1655 1530 1717 priorejam
1555 1654 1699 1718 posui.

327 1726 507 1798 quando
543 1727 778 1786 Evangelio
813 1727 1003 1772 mundus
1040 1726 1263 1771 universus
1289 1725 1537 1787 impleatur.
1569 1724 1703 1781 Quod

329 1805 445 1852 enim
468 1809 596 1864 putat
619 1797 920 1842 venerabilitas
939 1808 1012 1843 tua
1027 1834 1037 1852 ,
1057 1800 1147 1856 jam
1168 1796 1252 1841 hoc
1276 1812 1355 1858 per
1376 1796 1492 1858 ipsos
1511 1798 1705 1859 Aposto-

332 1877 396 1923 los
416 1873 578 1919 factum
596 1906 606 1924 ,
636 1885 726 1913 non
744 1868 805 1913 ita
820 1885 905 1913 esse
924 1868 1050 1914 certis
1071 1866 1343 1912 documentis
1362 1866 1562 1929 probavi.
1593 1867 1705 1912 Sunt

332 1945 447 1992 enim
469 1940 589 2005 apud
610 1955 708 1994 nos,
736 1938 822 1983 hoc
842 1949 928 1993 est,
951 1940 995 1983 in
1018 1937 1164 1983 Africa
1181 1975 1190 1992 ,
1217 1937 1419 1982 barbarae
1451 1939 1704 1983 innumera-

333 2016 442 2063 biles
467 2022 633 2073 gentes,
652 2010 695 2054 in
717 2008 878 2071 quibus
900 2008 1097 2054 nondum
1123 2025 1211 2053 esse
1236 2007 1526 2070 praedicatum
1558 2011 1706 2055 Evan—

337 2087 494 2149 gelium
513 2119 523 2138 ,
544 2099 590 2127 ex
609 2080 660 2125 iis
676 2081 753 2142 qui
773 2079 997 2125 ducuntur
1015 2078 1116 2124 inde
1134 2078 1322 2141 captivi,
1344 2089 1385 2123 et
1405 2079 1706 2126 Romanorum

334 2154 517 2205 servitiis
556 2155 647 2211 jam
694 2150 946 2205 miscentur,
991 2148 1187 2212 quotidie
1225 2148 1350 2193 nobis
1402 2148 1620 2195 addiscere
1662 2151 1707 2196 in

335 2235 549 2294 promptu
577 2232 650 2268 est.
694 2222 831 2266 Pauci
872 2232 1014 2267 tamen
1043 2221 1143 2265 anni
1182 2230 1303 2275 sunt,
1337 2237 1383 2265 ex
1412 2237 1500 2283 quo
1525 2221 1706 2284 quidam

335 2314 486 2347 eorum
510 2291 716 2339 rarissimi
753 2302 881 2354 atque
904 2291 1178 2354 paucissimi,
1218 2291 1291 2352 qui
1325 2292 1470 2353 pacati
1500 2292 1708 2338 Romanis

335 2369 497 2416 finibus
522 2363 772 2414 adhaerent,
797 2362 856 2407 ita
878 2372 926 2406 ut
945 2378 1030 2406 non
1047 2360 1242 2406 habeant
1265 2377 1380 2419 reges
1396 2377 1493 2406 suos
1509 2398 1518 2415 ‚
1551 2361 1622 2407 sed
1641 2379 1708 2408 su-

336 2457 415 2505 per
430 2453 501 2484 eos
517 2431 715 2498 praefecti
733 2449 755 2477 a
785 2433 986 2477 Romano
1011 2431 1328 2477 constituantur
1351 2430 1535 2493 imperio
1550 2468 1561 2488 ,
1585 2442 1626 2477 et
1645 2431 1708 2477 illi

336 2523 378 2559 et
399 2509 482 2575 ipsi
506 2521 655 2552 eorum
676 2503 869 2566 praefecti
892 2503 1130 2549 Christiani
1148 2519 1233 2548 esse
1252 2512 1498 2565 coeperunt.
1522 2502 1706 2548 Interio-

381 2597 391 2617 ¹
413 2589 530 2625 Matth.
552 2598 626 2625 xxv,
647 2588 703 2619 31.
