1769 3235
290 271 383 327 344
702 287 737 316 s.
782 285 1020 318 Arorsrim
1055 290 1255 321 Episcorr

284 441 342 452 2„
349 442 358 449 ι
367 440 486 452 ιἋἋΏ
492 439 856 453 νιιΜι-ἏΜΜΜ
864 442 982 454 xnus
989 443 1102 454 mm
1111 441 1660 456 mmmzmmmwtmm

672 562 934 607 EPISTOLA
971 564 1235 608 CCXXXIX
1253 565 1280 607 ¹.

287 693 565 748 Augustinus
594 693 844 740 Pasoencio,
882 694 932 734 de
953 694 1101 734 eadem
1128 710 1172 735 re
1205 709 1363 752 urgens
1387 705 1434 736 ιιι
1459 695 1659 753 explanet

828 762 960 816 sidem
983 777 1121 802 snam.

355 908 388 951 I.
410 905 458 952 Si
483 905 592 952 dicis
615 917 652 950 te
671 906 780 950 mihi
804 906 953 951 dixisse
987 905 1115 951 fidem
1141 917 1257 952 tuum
1280 945 1289 962 ‚
1316 918 1356 952 et
1388 925 1454 953 me
1476 909 1557 954 tibi
1577 927 1660 954 no-

288 978 415 1024 luisse
437 976 578 1022 dicere
603 976 733 1022 fidem
759 993 915 1032 meam,
948 977 1067 1040 quod
1091 987 1130 1022 te
1156 977 1285 1023 audio
1302 995 1387 1023 non
1412 989 1549 1024 tacere
1565 1016 1576 1032 ,
1598 997 1667 1024 re-

291 1047 488 1102 cordare,
505 1047 702 1103 obsecro,
724 1063 856 1110 quam
879 1048 1177 1110 utrumquesit
1198 1047 1369 1095 falsum.
1391 1050 1500 1094 Nam
1525 1067 1602 1095 nec
1623 1061 1670 1095 tu

294 1118 406 1164 mihi
431 1118 607 1163 voluisti
628 1117 771 1163 dicere
790 1116 919 1163 fidem
941 1128 1059 1164 tuam
1081 1155 1092 1173 ,
1119 1129 1159 1163 et
1184 1136 1260 1177 ego
1283 1119 1362 1164 tibi
1383 1119 1512 1165 fidem
1534 1137 1671 1166 meam

290 1207 379 1235 non
408 1188 555 1234 cli-:cre
578 1187 730 1243 nolui,
772 1187 842 1234 sed
878 1189 939 1234 ita
975 1188 1118 1234 dicere
1155 1189 1272 1234 volui
1302 1201 1348 1234 ut
1374 1207 1498 1235 nemo
1531 1201 1674 1253 posset

289 1260 460 1310 dicere,
493 1269 566 1304 aut
601 1259 752 1304 dixisse
777 1276 844 1304 me
879 1259 1045 1322 aliquid
1081 1259 1197 1322 quod
1230 1277 1316 1304 non
1348 1259 1526 1305 dixerim
1549 1297 1560 1312 .,
1600 1271 1675 1306 aut

290 1349 378 1376 non
406 1329 557 1375 dixisse
598 1329 717 1392 quod
753 1329 946 1375 dixerim.
1003 1330 1175 1375 Diceres
1214 1341 1355 1375 autem
1396 1331 1507 1376 mihi
1544 1331 1674 1377 fidem

292 1413 411 1446 tuam
435 1438 445 1455 ,
469 1401 501 1445 si
523 1401 609 1446 hoc
631 1400 795 1445 diceres
814 1400 928 1445 unde
952 1399 1149 1445 dissentis
1175 1418 1196 1446 a
1230 1401 1371 1446 nobis.
1404 1401 1448 1446 Si
1476 1401 1638 1447 diceres
1661 1438 1671 1456 ‚

295 1495 314 1514 «
338 1472 481 1519 Credo
505 1473 549 1518 in
576 1474 713 1518 Deum
738 1472 932 1525 Patrem,
950 1471 1025 1534 qui
1052 1471 1206 1516 Filium
1231 1470 1332 1516 ferit
1354 1471 1538 1535 primam
1563 1488 1678 1517 crea-

297 1554 439 1590 turam
465 1554 562 1588 ante
587 1559 734 1587 omnes
759 1552 939 1586 caeteras
956 1552 1176 1586 creaturas
1197 1561 1207 1594 ;
1234 1551 1275 1586 et
1297 1542 1339 1586 in
1362 1542 1480 1604 ipsus
1501 1540 1675 1597 Filium,

295 1632 375 1661 nec
395 1614 606 1678 &equalem
633 1614 776 1667 Patri,
806 1630 886 1658 nce
910 1612 1090 1657 similem
1113 1650 1123 1666 ‚
1160 1630 1239 1657 nee
1262 1629 1411 1657 verum
1444 1614 1609 1667 Deum3
1638 1623 1680 1658 et

296 1686 342 1732 in
383 1685 596 1749 Spiritum
639 1695 838 1729 sanctum
877 1700 954 1746 per
983 1683 1139 1729 Filium
1176 1694 1275 1746 post
1318 1683 1474 1729 Filium
1503 1701 1555 1728 ε»
1583 1684 1681 1730 haec

299 1759 413 1803 enim
434 1773 508 1802 vos
535 1755 666 1801 audio
697 1754 853 1801 dicere.
888 1755 975 1799 Aut
1003 1755 1036 1799 si
1060 1754 1169 1800 forte
1197 1754 1351 1800 falsum
1377 1766 1440 1801 est
1462 1755 1578 1819 quod
1602 1755 1682 1800 ista

300 1828 474 1883 dicatis,
498 1828 585 1872 hoc
606 1827 749 1890 potius
777 1827 854 1871 abs
879 1836 915 1871 [e
937 1826 1034 1871 volo
1061 1826 1182 1873 scire.
1216 1827 1258 1871 Si
1281 1837 1421 1872 aulem
1444 1843 1592 1872 verum
1623 1836 1684 1872 est

304 1898 423 1962 quod
445 1899 522 1943 ista
546 1897 690 1943 dicitis
709 1934 719 1951 ‚
747 1896 846 1942 volo
872 1897 980 1942 scire
999 1896 1370 1959 quemadmodum
1391 1914 1438 1942 ea
1455 1896 1508 1943 de
1529 1897 1682 1960 Scrip-

303 1970 410 2015 turis
431 1968 588 2013 sanctis
618 1967 871 2014 defendatis.
909 1967 1038 2012 Nunc
1068 1978 1208 2013 aulem
1235 1968 1377 2013 dixisti
1411 1985 1421 2013 :
1461 1967 1687 2013 «Credere

303 2051 344 2086 te
364 2042 407 2086 in
430 2041 563 2085 Deum
592 2040 764 2084 I’ateem
791 2038 1134 2101 omnipotentem
1158 2076 1168 2092 ‚
1196 2038 1476 2094 invisibilem,
1501 2038 1687 2083 immor-

304 2111 438 2157 talem
459 2147 469 2167 ,
493 2127 581 2155 non
609 2109 666 2154 ab
685 2109 830 2173 aliquo
851 2109 1041 2169 genitum
1060 2146 1068 2164 ‚
1094 2119 1201 2153 etex
1219 2125 1306 2172 quo
1331 2109 1605 2154 suntomnia.
1634 2109 1690 2153 Et

305 2183 351 2228 in
382 2181 537 2226 Filium
559 2184 650 2240 ejus
671 2183 817 2225 Jesum
841 2179 1064 2225 Christum
1089 2216 1100 2234 ‚
1130 2180 1268 2224 Deum
1301 2190 1452 2224 natum
1489 2191 1586 2224 ante
1605 2196 1689 2224 sae-

307 2253 424 2309 cula,
456 2270 530 2316 per
552 2269 682 2316 quem
704 2250 819 2296 facta
843 2261 944 2296 sunt
963 2251 1123 2297 onmia.
1168 2252 1217 2295 lit
1247 2251 1292 2295 in
1313 2250 1526 2313 Spiritum
1560 2267 1690 2296 sanc-

311 2337 451 2373 tum.»
482 2325 591 2370 Haec
617 2323 723 2369 fides
753 2340 841 2368 non
870 2333 932 2368 est
966 2333 1039 2368 tua
1061 2360 1070 2378 ‚
1109 2322 1180 2368 sed
1210 2322 1434 2386 ulriusque
1469 2332 1687 2374 nostrum;

313 2394 685 2461 quemadmodum
714 2394 747 2439 si
772 2394 1025 2454 adjungeres
1044 2393 1162 2457 quod
1190 2392 1391 2438 eumdem
1424 2392 1583 2438 Filium
1612 2392 1692 2438 Dei

309 2468 457 2513 desum
482 2466 708 2512 Christum
729 2465 857 2511 etiam
884 2466 1024 2511 Maria
1057 2465 1177 2525 virgo
1208 2464 1400 2527 peperit,
1425 2463 1544 2527 quod
1568 2464 1693 2526 pari-

318 2550 381 2584 ter
410 2537 645 2594 credimuS,
671 2546 713 2582 et
731 2536 764 2582 si
786 2552 872 2600 qua
899 2535 981 2581 alia
1007 2536 1299 2581 communiter
1334 2535 1609 2580 confitemur.
1647 2533 1692 2583 Si

353 2643 362 2665 1
383 2641 470 2676 Alias
487 2650 604 2671 cmxv.
626 2651 697 2682 quae
712 2646 819 2672 autem
835 2641 902 2682 ²39
917 2644 999 2680 erat,
1019 2647 1106 2670 nunc
1134 2640 1174 2669 83
