1769 3235
0 1084 2 1092 ι

0 1137 2 1147 ι

524 321 738 354 EPlsroLA
774 324 931 354 ccxm.
1336 310 1420 374 195

50 390 192 438 tuisset
220 387 488 437 voluntatem
508 388 796 452 praecedentis
813 399 854 435 et
876 387 1119 436 decedentis
1138 391 1332 456 episcopi
1356 394 1423 442 sui

48 459 232 507 libenter
253 459 437 524 amplexi
458 470 573 506 sunt.
602 459 748 505 Minus
767 470 911 505 tamen
934 459 1100 522 aliquid
1117 460 1280 508 factum
1302 475 1391 513 erat
1407 502 1418 521 ‚

49 531 162 578 unde
178 528 379 577 nonnulli
401 531 775 577 contristabantur
793 567 804 587 ‚
838 531 940 594 quia
960 530 1090 577 frater
1117 532 1297 579 Severus
1324 552 1421 580 cre-

48 600 159 648 didit
181 619 305 666 posse
332 601 524 648 sufficere
551 612 596 648 ut
623 618 911 648 successorem
935 618 1061 649 suum
1097 603 1215 666 apud
1244 604 1422 652 clericos

47 672 288 733 designaret
314 710 324 729 ,
355 672 408 718 ad
447 672 665 737 populum
699 672 801 719 inde
826 690 914 719 non
946 683 1008 718 est
1043 672 1241 728 locutus;
1268 686 1309 721 et
1332 687 1423 722 erat

46 742 145 789 inde
165 742 408 806 aliquorum
430 743 642 789 nonnulla
662 743 851 790 tristitia.
883 743 1002 800 Quid
1031 743 1190 807 plura?
1213 747 1303 792 Deo
1322 745 1420 808 pla—

48 813 160 867 cuit;
201 815 372 860 tristitia
405 813 553 875 fugata
578 825 663 871 est‚
696 814 902 876 gaudium
928 814 1143 861 successit.
1183 815 1423 863 Ordinatus

45 895 107 929 est
124 884 378 948 episcopus,
409 902 537 949 quem
572 885 825 948 praecedens
851 885 1080 949 episcopus
1106 885 1414 947 designaverat.

47 954 159 1014 Ergo
194 972 247 1000 ne
280 954 434 1019 aliquis
466 955 519 1001 de
559 973 626 1001 me
648 965 872 1020 quaeratur
892 993 902 1013 ,
940 955 1211 1002 voluntatem
1247 974 1419 1011 meam;

0 1042 3 1066 ³
46 1040 175 1088 quam
201 1025 330 1071 credo
357 1025 434 1071 Dei
461 1043 571 1081 esse,
605 1026 650 1071 in
674 1026 873 1072 omnium
896 1036 1086 1073 vestrum
1105 1026 1304 1072 notitiam
1325 1045 1422 1091 per-

42 1093 132 1141 fero
155 1113 164 1140 :
192 1097 504 1156 Presbyterum
534 1095 751 1142 Eraclium
779 1096 890 1142 mihi
915 1113 1205 1142 successorem
1231 1097 1346 1146 volo.
1371 1102 1419 1144 A

0 1182 2 1226 ξ
39 1165 220 1229 populo
243 1167 563 1212 acclamatum
585 1178 679 1222 est,
702 1167 793 1211 Deo
817 1167 975 1227 gratias
994 1205 1004 1222 ‚
1035 1167 1211 1213 Christo
1236 1167 1385 1214 laudes
1407 1187 1417 1214 ι

0 1288 2 1300 k
43 1234 213 1282 ch'ctam
229 1248 296 1282 est
313 1239 460 1282 vicies
493 1238 646 1282 lertl'es
671 1254 683 1280 .·
721 1236 916 1293 Exaudi,
945 1237 1120 1283 Christe
1138 1275 1148 1294 ‚
1177 1240 1418 1299 Augustino

0 1303 2 1343 ἶ
43 1307 150 1359 vita,
167 1308 342 1355 (lic-tum
357 1320 425 1355 est
437 1313 588 1355 series
604 1309 771 1355 decies.
793 1311 853 1354 Te
871 1319 1056 1373 patrem,
1075 1319 1115 1355 te
1133 1309 1389 1374 episcopum
1406 1331 1417 1365 ;

44 1378 220 1426 dictum
245 1391 315 1426 est
341 1382 499 1426 octies.

108 1453 151 1498 ῙῘ
159 1489 167 1498 .
196 1455 405 1514 Cumque
415 1455 696 1507 reticeretur,
710 1453 1016 1513 Augustinus
1031 1455 1272 1515 episcopus
1285 1453 1421 1510 (lixit,

0 1524 1 1541 ¹
45 1523 142 1568 Non
168 1539 281 1586 opus
304 1533 366 1568 est
391 1540 459 1568 me
484 1521 537 1567 de
557 1520 762 1567 laudibus
789 1525 880 1582 ejus
906 1521 1073 1584 aliquid
1100 1521 1242 1568 dicere
1261 1561 1271 1579 ,
1298 1524 1420 1570 faveo

43 1593 281 1657 sapientias,
304 1603 345 1638 et
367 1610 503 1656 parco
525 1592 800 1639 verecundiae
818 1610 828 1638 ε
848 1592 1007 1638 sufficit
1022 1593 1125 1656 quia
1140 1595 1273 1639 nostis
1287 1612 1386 1640 eum
1404 1613 1414 1639 :

0 1662 1 1723 ζ
42 1674 83 1710 et
101 1662 187 1710 hoc
207 1681 274 1710 me
291 1663 400 1710 velle
423 1662 541 1719 dico,
566 1663 686 1727 quod
708 1681 784 1709 vos
807 1663 915 1709 velle
938 1663 1026 1709 scio
1052 1682 1062 1709 :
1086 1675 1127 1710 et
1146 1665 1178 1710 si
1197 1675 1295 1710 ante
1318 1684 1417 1711 nes-

0 1752 1 1757 *
43 1734 198 1792 cirem‚
225 1734 358 1781 hodie
378 1735 625 1799 probarem.
656 1735 754 1781 Hoc
773 1752 872 1795 ergo
898 1735 997 1781 volo
1029 1753 1039 1780 ε
1067 1735 1153 1781 hoc
1181 1754 1203 1780 a
1233 1737 1417 1782 Domino

0 1853 1 1858 ,
42 1808 132 1855 Deo
149 1816 293 1852 nostro
311 1843 321 1862 ‚
348 1823 467 1852 nunc
491 1806 620 1852 etiam
646 1805 691 1851 in
712 1816 837 1852 aetate
860 1805 1016 1866 frigida
1036 1843 1047 1862 ,
1072 1807 1183 1852 votis
1208 1806 1417 1853 ferventi—

0 1880 1 1906 *
41 1877 123 1923 bus
149 1894 310 1943 posco:
338 1878 423 1923 hoc
456 1887 504 1923 ut
536 1894 708 1923 mecum
742 1877 871 1923 oretis
898 1877 1099 1923 exhortor
1126 1895 1136 1922 :
1167 1877 1380 1924 admoneo
1403 1917 1414 1935 ‚

42 1965 174 2008 rog0‚
205 1958 253 1993 ut
289 1947 483 1993 omnium
509 1947 552 1992 in
590 1963 697 2010 pace
738 1947 902 1993 Christi
946 1947 1112 1993 collatis
1151 1958 1192 1993 ct
1220 1949 1418 1995 conflatis

41 2018 257 2064 mentibus
284 2019 514 2064 confirmet
546 2019 660 2064 Deus
682 2018 805 2081 quod
838 2029 1042 2081 operatus
1067 2029 1127 2063 est
1158 2019 1203 2064 in
1238 2020 1409 2067 nobis1.

0 2099 2 2118 ³
43 2088 255 2146 Quimisit
277 2089 386 2134 mihi
404 2106 522 2145 eum,
537 2099 674 2134 servet
687 2105 804 2145 eum,
825 2100 963 2135 servet
981 2088 1264 2146 incolumem,
1281 2103 1417 2136 servet

0 2150 1 2192 ἶ
43 2156 130 2205 sine
153 2160 362 2218 crimine3
385 2171 434 2205 ut
457 2161 531 2224 qui
549 2159 655 2205 facit
679 2159 889 2219 gaudium
911 2160 1109 2215 viventis,
1137 2159 1282 2206 locum
1309 2179 1415 2225 sup-

0 2247 1 2263 *
41 2230 155 2294 pleat
179 2232 413 2282 morientis.
451 2235 481 2278 A
507 2232 685 2277 notariis
711 2231 940 2288 Ecclesiae,
975 2232 1086 2277 sicut
1109 2232 1283 2278 cernitis
1304 2270 1314 2288 ‚
1342 2251 1415 2279 ex—

0 2329 1 2334 =
41 2301 264 2368 cipiuntur
285 2318 385 2365 quae
409 2301 613 2354 dicimus,
640 2302 918 2365 excipiuntur
939 2319 1039 2366 quae
1058 2301 1219 2359 dicitis,
1236 2314 1277 2348 et
1296 2321 1416 2350 meus

0 2404 1 2430 3
41 2388 176 2418 sermo
199 2410 210 2429 ,
237 2384 280 2418 et
312 2383 466 2418 vestrae
493 2373 823 2419 acclamationes
854 2374 900 2419 in
924 2385 1083 2418 terram
1110 2391 1197 2419 non
1230 2375 1408 2423 cadunt.

0 2463 1 2472 ³
44 2443 244 2507 Apertius
264 2453 313 2489 ut
334 2444 503 2501 dicam,
524 2444 817 2491 ecclesiastica
834 2462 953 2491 nunc
973 2446 1103 2491 Gesta
1119 2446 1378 2493 conficimus
1402 2465 1411 2493 :

41 2509 100 2560 sic
120 2515 232 2560 enim
251 2514 338 2561 hoc
360 2531 475 2574 esse,
503 2525 718 2580 quantum
743 2514 798 2562 ad
819 2515 1018 2562 homines
1044 2515 1222 2574 attinet,
1247 2517 1414 2564 confir-

90 2624 200 2656 ¹Psal.
222 2635 327 2667 mvn,
352 2625 407 2655 25.

1216 2702 1282 2745 125.
