1769 3235
534 267 745 297 Erisrom
784 270 945 300 ccxtir.
1327 256 1413 303 351

45 342 87 378 et
104 331 192 378 sine
212 348 300 395 quo
320 332 484 378 factum
506 342 567 377 θεῖ
589 332 712 379 nihil.
747 334 792 380 Si
815 336 926 381 enim
948 354 1024 400 per
1043 354 1085 383 se
1113 338 1256 401 ipsum
1280 337 1420 384 factus

46 412 133 458 est,
167 414 257 448 erat
291 414 523 466 antequam
554 404 701 456 fieret,
741 416 788 450 ut
811 407 900 451 fieri
925 424 1004 469 per
1033 425 1074 454 se
1103 419 1272 471 posset:
1293 408 1417 472 quod

46 483 158 518 certe
196 483 316 519 tanto
352 473 581 519 absurdius
609 473 789 527 dicitur,
815 488 980 539 quanto
1000 479 1153 523 vanius
1182 480 1412 539 cogitatur.

47 543 93 587 Si
115 553 256 588 autem
290 561 377 589 non
407 560 487 606 per
514 560 555 588 se
577 542 716 589 factus
745 556 831 599 θεῖ,
857 563 943 594 non
967 559 1027 593 est
1057 548 1195 593 factus
1218 549 1421 605 omnino,

46 613 253 675 quoniam
285 613 504 677 quidquid
541 613 707 660 factum
742 625 831 671 θεῖ,
865 617 1109 679 peripsum
1147 619 1313 667 factum
1339 630 1415 666 est.

47 704 67 724 «
95 683 256 730 Omnia
279 685 391 730 enim
414 702 492 749 per
514 685 658 749 ipsum
679 685 793 732 facta
819 697 946 743 sunt,
982 698 1023 733 et
1043 689 1131 734 sine
1148 689 1244 752 ipso
1263 690 1426 736 factum

50 775 70 796 >>
93 765 154 800 est
179 754 292 801 nihil
306 755 340 802 ¹².
368 778 388 797 »

113 825 195 872 lII.
234 827 369 872 Miror
395 844 552 891 parum
583 828 745 875 attendi
772 846 873 893 quae
902 839 985 875 tam
1011 846 1202 892 expresse
1226 831 1426 889 Evange-

48 894 144 940 lista
167 896 307 942 voluit
329 897 530 944 intimare
549 936 558 954 ‚
589 910 638 945 ut
663 899 878 945 neminem
903 899 1176 945 dissimulare
1196 901 1428 963 permitte-

47 976 124 1012 ret.
157 968 255 1013 Non
273 969 385 1014 enim
410 970 511 1015 satis
533 970 616 1016 fuit
634 970 778 1017 dicere
797 1009 806 1027 ‚
830 992 848 1011 «
872 971 1032 1016 Omnia
1050 988 1128 1034 per
1148 970 1293 1034 ipsum
1311 970 1429 1017 facta

48 1059 69 1079 n
92 1048 221 1094 sunt,
250 1040 370 1085 »nisi
397 1040 599 1098 adderet,
624 1064 644 1083 «
665 1043 721 1088 Et
745 1042 833 1087 sine
853 1042 948 1106 ipso
971 1041 1138 1087 factum
1159 1052 1220 1087 est
1250 1041 1378 1088 nihil.
1407 1062 1430 1083 »

52 1110 106 1154 At
125 1126 201 1169 ego
220 1111 420 1174 quamvis
441 1112 588 1158 tardus
603 1149 614 1169 ‚
634 1123 676 1158 θῖ
695 1112 892 1158 nondum
913 1112 1078 1158 detersa
1103 1112 1304 1172 caligine,
1326 1129 1430 1158 sau-

51 1179 167 1224 cium
198 1181 354 1226 mentis
371 1181 547 1227 oculum
581 1200 728 1242 gerens
751 1182 807 1228 ad
827 1182 1083 1228 intuendam
1112 1183 1254 1228 Patris
1274 1193 1315 1227 et
1333 1182 1433 1228 Filii

53 1249 442 1314 incomparabilem
466 1253 816 1316 ineffabilemque
835 1253 1135 1316 praestantiam
1149 1290 1159 1309 ‚
1182 1263 1326 1298 tamen
1345 1253 1433 1299 hoc

56 1330 143 1366 tota
159 1320 364 1367 facilitate
384 1323 670 1387 complector,
688 1323 807 1387 quod
829 1324 954 1369 nohis
972 1323 1017 1369 iu
1039 1323 1274 1383 Evangelio
1289 1340 1433 1386 prop-

58 1402 168 1437 terea
186 1394 540 1456 praeseminatum
562 1406 649 1451 est,
681 1413 769 1440 non
791 1406 838 1441 ut
861 1394 935 1440 hic
959 1394 1436 1457 comprehenderemus

57 1463 176 1509 illam
196 1464 465 1511 divinitatem
486 1503 496 1521 ‚
520 1466 593 1511 sed
615 1477 662 1512 ut
684 1466 791 1511 hinc
811 1465 1160 1520 admoneremur,
1188 1482 1276 1510 non
1300 1482 1437 1529 opor-

61 1545 146 1580 tere
173 1551 250 1580 nos
275 1535 328 1581 de
365 1537 588 1583 temeraria
619 1537 1009 1601 comprehensione
1032 1540 1212 1595 jactare.
1247 1536 1293 1581 Si
1322 1536 1438 1581 enim

61 1606 206 1651 onmia
238 1624 317 1670 per
349 1607 495 1671 ipsum
529 1608 640 1654 facta
682 1619 808 1665 sunt,
832 1607 1051 1672 quidquid
1079 1625 1166 1653 non
1190 1624 1267 1670 per
1290 1606 1440 1671 ipsum

61 1676 226 1723 factum
245 1688 324 1735 est,
349 1696 437 1724 non
461 1690 522 1724 est
545 1679 724 1726 factum.
752 1680 850 1743 Ipse
872 1690 1014 1724 autem
1033 1695 1112 1741 per
1130 1695 1172 1723 se
1192 1677 1331 1723 factus
1351 1693 1441 1722 non

64 1760 154 1794 est:
179 1766 268 1794 non
291 1761 352 1795 est
373 1750 504 1810 igitur
522 1751 678 1797 factus.
715 1752 768 1797 Et
791 1751 936 1796 omnia
957 1751 1196 1814 peripsum
1222 1748 1336 1795 facta
1355 1765 1441 1799 esse

66 1820 122 1865 ab
140 1820 410 1880 Evangelista
429 1821 602 1867 credere
620 1822 818 1881 cogimur
837 1839 847 1866 ε
873 1822 930 1867 ab
951 1821 1101 1867 eodem
1121 1837 1220 1880 ergo
1244 1820 1444 1879 cogimur

67 1907 166 1935 eum
192 1889 355 1937 factum
379 1908 466 1937 esse
489 1909 576 1937 non
597 1892 784 1938 credere.
816 1894 923 1937 Item
944 1929 954 1947 ,
990 1892 1022 1938 si
1049 1892 1138 1936 sine
1163 1891 1257 1953 ipso
1277 1888 1440 1935 factum

68 1972 130 2006 est
167 1961 308 2017 nihil,
346 1963 437 2024 ipse
474 1979 574 2022 ergo
618 1962 731 2008 nihil
769 1973 857 2018 est,
890 1962 993 2025 quia
1022 1962 1111 2007 sine
1139 1978 1181 2006 se
1202 1960 1344 2006 factus
1363 1970 1438 2006 est.

72 2031 203 2090 Quod
231 2032 264 2077 si
287 2033 457 2095 opinari
480 2033 734 2093 sacrilegum
759 2043 821 2079 est
844 2053 855 2087 ;
889 2043 1019 2079 restat
1041 2042 1088 2077 ut
1105 2031 1336 2087 fateamur,
1361 2047 1448 2075 non

72 2105 160 2149 sine
184 2120 225 2149 se
247 2102 411 2149 factum
435 2121 520 2150 esse
536 2142 545 2157 ,
573 2115 647 2150 aut
662 2104 825 2150 factum
849 2121 936 2149 non
953 2121 1053 2149 esse.
1077 2104 1176 2148 Non
1198 2113 1341 2147 autem
1359 2102 1448 2147 sine

73 2192 116 2220 se
135 2173 302 2220 factum
329 2191 415 2220 esse
429 2212 439 2230 ‚
461 2192 548 2220 non
569 2192 797 2239 possumus
818 2174 976 2221 dicere.
1013 2174 1059 2219 Si
1086 2173 1201 2218 enim
1218 2173 1309 2235 ipse
1329 2190 1371 2217 se
1388 2172 1448 2217 fe-

76 2249 135 2292 cit
153 2283 163 2302 ,
182 2249 272 2306 jam
295 2257 385 2292 erat
409 2257 639 2311 antequam
663 2248 781 2293 fieret
806 2264 816 2291 ι
844 2247 878 2291 si
902 2257 1044 2292 autem
1064 2243 1118 2290 ad
1141 2261 1183 2289 se
1201 2242 1453 2289 faciendum

79 2316 225 2373 alteri,
252 2335 274 2362 a
299 2334 385 2381 quo
411 2317 549 2364 factus
568 2330 652 2373 est,
678 2317 947 2378 adjutorium
972 2315 1165 2379 praebuit
1186 2334 1197 2368 ;
1221 2313 1452 2359 nihilomi-

78 2405 160 2434 nus
184 2398 232 2433 ut
252 2405 294 2433 se
315 2388 545 2448 adjuvante
565 2389 656 2452 ipse
682 2390 816 2436 lieret.
835 2392 924 2448 jam
943 2398 1035 2432 erat
1061 2395 1291 2448 antequam
1312 2384 1447 2432 fieret.

81 2457 363 2521 Relinquitur
385 2460 533 2523 itaque
556 2469 604 2504 ut
624 2460 713 2504 sine
737 2476 779 2504 se
802 2458 940 2503 factus
966 2457 1033 2503 sit.
1059 2454 1289 2518 Quidquid
1313 2466 1456 2500 autem

82 2528 173 2574 sine
203 2529 278 2574 illo
304 2528 470 2575 factum
494 2541 587 2587 est,
620 2529 733 2576 nihil
764 2539 841 2575 est.
876 2530 964 2575 Aut
986 2526 1098 2573 nihil
1121 2535 1184 2571 est
1207 2525 1356 2585 igitur,
1385 2536 1460 2572 aut

133 2612 144 2635 ¹
161 2614 256 2645 Joan.
279 2624 306 2652 1,
325 2615 356 2644 3.
