1769 3235
10 0 36 235 ῆι

13 348 25 662 j!

497 314 899 348 rzETnAc'rArioucM
938 318 1023 349 Lm.
1071 320 1100 349 1.
1389 305 1483 367 469

111 380 246 427 Nihil
259 383 352 443 egit
384 384 448 436 vi,
474 383 563 427 secl
580 386 742 428 Omnia
764 385 1005 429 *suadendo
1035 397 1083 430 ec
1115 385 1367 441 monendo,
1391 403 1480 431 non

105 450 470 497 mihioccurrerat
483 452 603 516 quod
618 453 847 499 vendentes
864 465 904 500 et
922 466 1107 501 ementes
1125 456 1384 515 flagellando
1401 461 1480 516 eje-

105 521 165 566 cit
183 520 236 566 de
256 522 430 585 templo.
459 523 542 568 Sed
564 523 672 586 quid
691 523 777 569 hoc
803 562 813 579 ‚
843 536 917 570 aut
950 537 1161 588 quantum
1189 537 1250 572 cst
1269 530 1286 572 ,3
1306 528 1481 584 Quam-

104 591 168 636 vis
185 602 225 636 et
243 591 461 638 daemones
479 593 670 639 nolentes
684 594 739 639 ab
763 595 1036 650 hominibus,
1068 614 1153 641 non
1173 614 1366 643 sermone
1386 615 1482 643 sua-

104 661 249 718 sionis,
276 663 349 708 sed
376 665 417 709 vi
446 664 669 727 potestatis
690 665 874 723 ejecerit.
919 666 1024 710 ltem
1048 666 1132 710 alio
1156 666 1253 711 loco
1280 686 1289 711 :
1321 669 1483 725 Plias,

104 732 301 794 inquam,
327 736 406 778 isli
427 734 661 798 sequendi
690 746 817 790 sunt,
851 737 939 798 quc*
976 753 1114 780 meztm
1159 741 1315 782 Deam
1354 755 1487 782 sum-

105 820 235 848 mum
262 841 271 859 ‚
327 806 482 850 solam
534 823 697 851 veram
759 811 910 851 Deum
946 818 990 851 ec
1035 806 1187 851 solum
1235 808 1486 853 colendum

105 891 205 919 esse
236 875 414 933 (licant,
439 881 482 921 εἰ
506 879 641 939 apacl
665 878 754 922 llos
791 882 955 922 veritas
997 895 1091 921 non
1129 878 1344 933 eluxerit,
1387 890 1485 922 tam

104 945 291 990 demam
318 946 613 1009 ng‘mmlum
636 959 715 992 est.
742 947 874 1004 Quod
898 948 955 993 ita
976 958 1117 1010 potest
1135 947 1270 993 videri
1300 947 1485 1005 dictum,

103 1015 226 1078 quasi
249 1015 448 1077 dehujus
469 1017 688 1077 religionis
709 1018 891 1063 veritate
919 1017 1210 1063 dubitaverim
1243 1036 1252 1062 :
1291 1018 1378 1063 dixi
1400 1035 1483 1063 au—

104 1096 188 1130 tem
228 1085 339 1132 sicut
373 1087 410 1132 ei
431 1088 700 1148 congruebat
726 1088 779 1133 ad
814 1105 945 1153 quem
968 1089 1230 1134 scribebam.
1278 1088 1349 1133 Sic
1372 1089 1488 1133 enim

104 1155 208 1211 dixi,
229 1165 274 1202 εἰ
290 1159 427 1220 asmcl
457 1160 544 1204 lzos
565 1163 738 1204 veritas
763 1177 855 1204 mm
880 1160 1108 1213 elccxe1·c'c‚
1145 1159 1257 1204 nihil
1278 1159 1488 1204 dubitans

103 1228 223 1291 quod
252 1229 369 1292 apud
389 1247 458 1275 eos
486 1229 773 1284 elucesceret3
801 1230 1172 1294 quemadmodum
1204 1231 1261 1275 ait
1292 1235 1485 1293 Aposto-

107 1299 220 1345 tolus
248 1318 258 1345 ι
281 1322 300 1342 «
326 1300 370 1346 Si
397 1300 598 1347 Christus
622 1319 709 1347 non
737 1301 1015 1358 resurrexit&
1042 1324 1061 1343 >1
1102 1319 1190 1347 non
1225 1302 1376 1366 utique
1400 1301 1489 1347 du-

108 1370 251 1416 bitans
271 1371 390 1434 quod
410 1373 697 1419 resurrexerit.

171 1441 270 1488 Vll.
291 1444 395 1487 ltem
409 1442 529 1506 quod
545 1443 646 1500 dixi,
665 1448 764 1489 [Vec
781 1443 1011 1488 miracula
1034 1443 1115 1487 c'llcc
1134 1445 1180 1487 fn
1198 1453 1359 1487 nostra
1382 1453 1491 1486 tem-

99 1529 226 1574 pora
247 1514 422 1558 durare
437 1516 674 1576 pes-missa
696 1524 815 1570 sant,
831 1531 890 1558 ne
910 1516 1074 1558 (mima
1087 1529 1272 1574 semper
1290 1511 1492 1556 wc‘sz'bl'lz'cc

105 1594 346 1645 qmm‘eret,
379 1594 426 1628 et
461 1600 622 1628 eorum
662 1584 1003 1628 consuetudine
1021 1585 1295 1645 frugescerec
1332 1599 1485 1644 genus

106 1654 367 1699 humanum
411 1671 609 1717 qaorum
640 1655 1101 1716 Jzowilccteflugtw·it‚
1128 1670 1277 1699 verum
1296 1664 1357 1698 est
1380 1653 1483 1715 qui-

105 1724 236 1769 dem:
284 1742 371 1770 non
402 1725 516 1769 enim
562 1741 679 1770 nunc
710 1741 861 1787 usque,
904 1741 1006 1770 cum
1045 1741 1197 1770 manus
1238 1724 1484 1786 imponitur

109 1794 357 1858 baptizatis,
386 1795 446 1840 sic
465 1795 694 1858 accipiunt
709 1794 922 1856 Spiritum
944 1805 1162 1849 sanctum,
1183 1805 1230 1840 ut
1248 1794 1486 1857 loquantur

104 1864 261 1925 linguis
304 1866 499 1911 omnium
519 1866 711 1926 gentium
738 1882 749 1909 :
774 1877 850 1910 aut
874 1883 992 1912 nunc
1025 1883 1160 1929 usque
1198 1865 1251 1911 ad
1281 1865 1484 1910 umbram

107 1937 423 1982 transeuntium
454 1937 798 2000 praedicatorum
842 1937 1007 1983 Christi
1046 1947 1254 1982 sanantur
1300 1936 1488 1992 infirmi3

105 2017 145 2051 et
170 2006 202 2052 si
220 2025 306 2071 qua
326 2007 424 2053 talia
450 2018 555 2053 tunc
580 2006 693 2053 facta
715 2017 815 2052 sunt
839 2024 939 2070 quae
971 2018 1119 2070 postea
1141 2023 1322 2052 cessasse
1343 2006 1488 2051 mani-

105 2075 262 2123 festum
301 2090 376 2125 est.
415 2079 498 2124 Sed
521 2096 607 2124 non
641 2078 701 2123 sic
726 2077 1032 2141 accipiendum
1057 2089 1118 2123 est
1152 2077 1272 2140 quod
1295 2076 1400 2126 dixi,
1443 2087 1490 2122 ut

106 2167 224 2196 nunc
252 2150 295 2196 in
323 2151 488 2196 Christi
518 2150 691 2195 nomine
716 2149 808 2194 fieri
840 2149 1049 2195 miracula
1085 2148 1204 2194 nulla
1235 2147 1486 2194 credantur.

107 2221 217 2265 Nam
241 2237 318 2280 ego
350 2221 442 2284 ipse
472 2219 649 2284 quando
687 2220 817 2265 istum
858 2219 1003 2282 ipsum
1025 2218 1190 2264 librum
1225 2218 1397 2281 scripsi,
1440 2218 1494 2263 ad

108 2291 493 2337 Mediolanensium
528 2307 712 2353 corpora
749 2291 992 2353 Martyrum
1019 2295 1032 2316 ²
1074 2289 1118 2334 in
1145 2288 1293 2334 eadem
1322 2289 1496 2334 civitate

111 2378 279 2407 caecum
301 2361 596 2407 illuminatum
610 2360 739 2406 fuisse
755 2365 844 2420 jam
866 2377 1086 2414 noveram,
1106 2370 1146 2405 et
1166 2359 1246 2404 alia
1263 2358 1492 2415 nonnulla,

106 2432 250 2495 qualia
282 2443 370 2478 tam
397 2432 534 2478 multa
560 2431 687 2476 etiam
720 2431 809 2476 istis
839 2431 1113 2494 temporibus
1150 2430 1261 2475 fiunt
1287 2467 1297 2484 ‚
1340 2441 1389 2475 ut
1414 2447 1492 2475 nec

105 2504 249 2550 omnia
277 2520 532 2564 cognoscere
551 2541 562 2560 ‚
599 2520 678 2549 nec
707 2520 754 2548 ea
790 2519 890 2565 quae
916 2501 1215 2562 cognoscimus
1240 2518 1491 2547 enumerare

106 2592 334 2639 possimus.

156 2659 166 2680 Ι
190 2670 201 2688 1
223 2659 298 2690 Cor.
319 2669 371 2697 xv,
390 2664 442 2695 14.
460 2675 506 2681 ——-
523 2656 538 2679 2
553 2657 684 2690 Protasii
703 2663 734 2689 et
754 2656 907 2688 Gervasii.
