1769 3235
482 304 696 336 EPISTULA
732 306 975 336 chxxvnl.
1381 308 1426 338 tl

58 369 195 415 cimus
213 379 307 424 tuo,
331 367 398 415 vel
413 384 549 414 sacrae
563 369 741 428 virginis
759 369 862 415 filiae
881 380 984 425 tuae,
1011 370 1145 416 sedin
1170 375 1430 435 quusquam

56 439 230 484 extremi
253 438 395 484 meriti
418 438 570 484 famuli
588 439 655 484 vel
672 438 848 485 famulae
865 449 1019 485 vestrae
1039 439 1152 486 liber
1173 441 1250 486 iste
1263 440 1435 496 fecerit,

55 525 102 554 ex
116 524 205 571 quo
230 508 443 553 nonnulla
464 509 599 554 verba
629 525 729 571 quae
755 509 926 555 facilius
949 508 1130 570 intelligi
1155 520 1329 573 possent
1350 527 1438 573 po-

54 577 194 624 nenda
214 578 499 625 credidimus

116 648 198 694 XI.
238 648 283 693 Si
323 654 468 694 autem
491 647 741 707 diligentius
764 648 1026 705 intendatis,
1053 649 1182 694 etiam
1207 648 1299 704 illa,
1333 664 1435 712 quae

50 718 114 764 ibi
136 717 310 764 videtur
329 718 449 764 velut
468 735 550 781 pro
570 718 703 777 gratia
733 719 819 765 sive
843 719 1061 779 adjutorio
1095 718 1173 764 Dei
1193 718 1354 774 dicere,
1377 718 1438 766 sic

49 788 278 833 invenietis
304 789 507 848 ambigua
533 799 580 833 ut
599 789 764 851 possint
785 789 933 835 referri
951 789 1014 834 vel
1043 788 1096 835 ad
1125 799 1344 844 naturam,
1370 787 1437 835 vel

50 858 104 905 ad
130 858 373 904 doctrinam
392 895 403 913 ,
427 859 493 905 vel
526 859 580 905 ad
605 861 898 906 remissionem
929 870 1233 922 peccatorum.
1265 859 1376 905 Nam
1396 869 1439 904 et

51 928 172 992 quod
187 940 404 988 coguntur
419 930 635 986 confiteri,
659 947 782 975 orare
808 948 884 976 nos
913 930 1071 976 debere
1092 946 1144 975 ne
1165 929 1373 975 intremus
1391 929 1437 975 in

57 1000 359 1057 tentationem,
390 1012 573 1063 possunt
598 1001 650 1046 ad
673 1001 762 1047 hoc
778 1001 951 1058 referre,
981 1011 1030 1046 ut
1054 1000 1268 1046 hactenus
1284 1016 1362 1046 nos
1381 999 1435 1046 ad

51 1068 97 1114 id
121 1069 411 1132 respondeant
447 1069 663 1129 adjuvari,
690 1081 904 1134 quatenus
928 1070 1157 1116 orantibus
1180 1081 1309 1134 atque
1333 1069 1439 1132 pul-

57 1139 256 1186 santibus
296 1140 422 1186 nobis
445 1141 666 1203 aperiatur
693 1141 976 1200 intelligentia
999 1141 1212 1195 veritatis,
1249 1139 1325 1185 ubi
1346 1139 1437 1185 dis-

56 1225 204 1256 camus
217 1209 326 1272 quid
345 1209 487 1256 facere
507 1210 761 1266 debeamus,
786 1228 871 1256 non
889 1221 936 1256 ut
948 1211 1058 1255 vires
1078 1211 1268 1273 accipiat
1281 1210 1436 1255 volun-

53 1289 117 1325 tas
136 1290 279 1335 notra,
321 1280 483 1342 quibus
516 1279 564 1326 id
603 1280 724 1344 quod
748 1280 956 1326 discimus
979 1279 1202 1326 faciamus,
1234 1281 1290 1324 Et
1313 1278 1434 1342 quod

52 1350 179 1396 nobis
204 1351 249 1396 in
273 1351 408 1410 gratia
429 1351 495 1397 vel
520 1351 739 1411 adjutorio
766 1352 844 1397 Dei
863 1351 1018 1397 dicunt
1035 1351 1273 1396 Dominum
1289 1349 1438 1395 Chris-

53 1431 144 1466 tum
178 1421 290 1466 bene
323 1421 496 1468 vivendi
535 1422 811 1485 propositum
834 1421 1109 1484 exemplum3
1150 1419 1204 1465 ad
1239 1419 1435 1465 eamdem

53 1491 301 1538 doctrinam
331 1502 556 1548 revocant,
583 1493 684 1555 quia
709 1492 875 1538 scilicet
907 1492 951 1537 in
973 1495 1063 1550 ejus
1087 1490 1281 1553 exemplo
1301 1490 1436 1536 disci-

52 1577 148 1607 mus
177 1561 549 1625 quemadmodum
576 1562 719 1610 vivere
734 1561 971 1607 debeamus
991 1579 1000 1606 ε
1024 1578 1112 1606 non
1125 1571 1269 1605 autem
1282 1560 1436 1606 volunt

54 1631 108 1677 ad
124 1631 209 1678 hoc
224 1649 300 1679 nos
315 1633 477 1692 juvari,
506 1643 556 1679 ut
579 1632 700 1696 quod
727 1631 935 1678 discendo
955 1630 1275 1691 cognoscimus,
1303 1630 1433 1675 etiam

54 1702 278 1763 diligendo
290 1703 444 1751 faciam
452 1721 514 1752 uS.

118 1773 220 1820 XII.
255 1775 344 1820 Aut
362 1785 477 1820 certe
501 1774 546 1820 in
575 1773 725 1820 eodem
747 1773 861 1819 libro
884 1773 1072 1818 invenite
1099 1771 1282 1834 aliquid,
1303 1771 1338 1817 si
1354 1787 1433 1833 po-

56 1843 186 1897 testis,
212 1845 290 1890 ubi
315 1855 494 1908 excepta
519 1855 674 1890 natura
713 1854 892 1906 excepto
912 1842 1031 1905 quod
1059 1842 1114 1888 ad
1136 1841 1331 1887 eamdem
1350 1858 1433 1887 na-

55 1924 201 1960 turam
247 1916 438 1978 pertinet
477 1915 659 1961 arbitrio
697 1915 950 1969 voluntatis,
976 1923 1154 1975 excepta
1186 1912 1435 1958 remissione

55 1995 337 2048 peccatorum
365 1997 406 2033 et
426 1986 689 2032 revelatione
707 1985 942 2040 doctrinae,
967 1985 1050 2030 tale
1070 1984 1149 2029 Dei
1174 1983 1442 2043 adjutorium

55 2057 331 2114 confiteatur,
347 2056 476 2121 quale
495 2058 730 2103 confitetur
745 2057 816 2103 ille
832 2057 908 2120 qui
924 2056 1032 2102 dixit
1057 2073 1067 2100 ε
1087 2076 1105 2096 «
1121 2056 1232 2099 (jum
1257 2054 1431 2110 scirem,

57 2126 193 2187 »quia
215 2143 342 2172 nemo
366 2137 507 2190 potest
529 2144 617 2173 esse
640 2127 884 2182 continens,
911 2126 992 2171 nisi
1019 2126 1132 2169 Deus
1152 2123 1251 2179 det,
1274 2134 1317 2169 et
1346 2123 1434 2169 hoc

56 2195 231 2259 »ipsum
257 2208 348 2242 erat
370 2198 612 2260 sapientiae,
639 2198 746 2243 scire
758 2201 884 2257 cujus
914 2196 1104 2242 essehoc
1123 2194 1289 2239 donum
1311 2214 1322 2247 ;
1350 2193 1435 2240 adii

57 2287 77 2307 n
95 2267 328 2313 Dominum
349 2267 606 2331 deprecatus
620 2285 711 2314 sum
731 2268 893 2314 illum&
915 2289 935 2309 »2
955 2268 1104 2329 Neque
1125 2266 1241 2310 enim
1262 2265 1341 2310 iste
1361 2275 1436 2311 aut

57 2346 258 2383 naturam
297 2338 519 2401 precando
557 2338 731 2385 volebat
770 2340 966 2402 accipere
984 2374 994 2393 ,
1030 2337 1074 2382 in
1106 2352 1192 2398 qua
1229 2334 1434 2381 conditus

57 2417 174 2459 erat3
204 2418 280 2453 aut
303 2407 358 2453 de
392 2408 580 2455 naturali
601 2408 837 2455 voluntatis
862 2408 1044 2454 arbitrio
1066 2406 1305 2465 satagebat,
1331 2422 1434 2452 cum

58 2493 145 2539 quo
166 2478 370 2524 conditus
393 2490 484 2525 erat
511 2517 523 2536 ,
553 2491 626 2525 aut
646 2480 937 2525 remissionem
959 2487 1240 2541 peccatorum
1263 2475 1434 2521 deside-

59 2546 201 2602 rabat,
225 2548 301 2610 qui
321 2549 469 2612 potius
489 2549 821 2606 continentiam,
842 2567 894 2595 ne
908 2557 1122 2612 peccaret,
1137 2545 1349 2610 optabat3
1368 2544 1436 2592 vel

110 2629 120 2650 ¹
136 2630 209 2672 Sap.
224 2641 293 2669 vni,
309 2642 364 2664 21.
