1769 3235
545 265 756 296 mnsrom
791 266 972 298 ccxmii.
1362 253 1455 316 359

23 322 25 338 ⁵
80 335 138 380 Et
160 331 388 379 extendens
411 348 589 377 manum
616 331 661 376 in
682 330 921 394 discipulos
939 350 1040 379 suos
1056 369 1067 391 ‚
1091 333 1221 392 dixit,
1247 352 1332 381 non
1352 352 1458 399 per-

81 405 215 451 tinere
233 403 286 450 ad
307 403 607 463 cognationem
623 419 763 458 suam,
781 403 862 448 nisi
884 405 960 466 qui
978 404 1167 451 facerent
1185 405 1454 453 voluntatem

18 514 21 529 ,,
82 474 221 520 Patris
238 477 341 533 ejus.
366 474 415 518 ln
434 489 522 535 quo
542 487 722 517 numero
738 472 936 535 profecto
954 475 1082 520 etiam
1107 476 1244 538 ipsam
1271 477 1456 522 Mariam

17 595 20 608 ἡ
81 544 293 603 benignus
317 542 493 588 inclusit
516 560 526 587 ε
560 541 749 587 faciebat
772 544 886 587 enim
912 554 954 589 et
976 544 1049 590 illa
1074 545 1344 591 voluntatem
1365 548 1455 592 Pa-

16 672 17 679 *
81 613 171 660 tris.
199 615 264 658 lta
287 612 481 676 optimus
510 612 713 672 Magister
748 623 876 676 atque
910 613 1083 660 divinus
1103 652 1114 671 ‚
1140 626 1182 661 et
1208 627 1455 663 maternum

80 701 238 730 nomen
253 719 264 740 ‚
296 683 415 746 quod
437 683 473 729 ei
497 683 621 747 quasi
642 683 863 746 privatum
888 685 1209 749 propriumque
1230 687 1457 734 nuntiave-

13 769 17 819 ζ
80 765 201 809 rant,
230 755 333 817 quia
362 765 576 800 terrenum
595 765 701 809 erat,
724 755 768 800 in
791 755 1118 817 comparatione
1143 757 1330 802 coelestis
1354 774 1459 821 pro-

80 825 335 890 pinquitatis
353 825 538 884 abjecit:
557 836 598 870 et
615 824 810 870 eamdem
827 825 1042 871 coelestem
1060 827 1454 890 propinquitatem,

12 891 13 912 ³
79 896 124 943 in
148 895 378 959 discipulis
412 896 498 942 suis
533 913 904 952 commemoranS‚
938 913 1025 960 quo
1045 895 1128 942 sibi
1152 914 1324 943 rursum
1349 915 1460 944 con-

79 967 213 1012 sortio
239 966 405 1026 generis
422 1003 432 1021 ‚
460 983 560 1012 cum
582 967 748 1012 ceeteris
768 967 928 1012 sanctis
949 968 1070 1026 virgo
1093 967 1166 1012 illa
1190 968 1430 1014 cohaereret
1445 1006 1455 1021 .

80 1036 282 1083 ostendit.
315 1038 369 1082 Et
400 1053 453 1081 ne
484 1036 565 1082 isto
605 1036 890 1082 saluberrimo
923 1037 1193 1096 magisterio,
1230 1054 1317 1100 quo
1349 1056 1459 1084 con-

82 1107 215 1154 temni
239 1107 454 1154 carnalem
489 1109 689 1152 affectum
717 1108 761 1153 in
786 1108 1043 1170 parentibus
1064 1107 1240 1164 docuit,
1267 1108 1458 1154 admini-

75 1178 229 1225 culum
249 1195 368 1224 error
398 1178 614 1240 acciperet
634 1215 644 1233 ‚
674 1195 763 1240 quo
787 1190 968 1223 matrem
995 1179 1198 1224 hahuisse
1223 1198 1245 1225 a
1269 1180 1458 1242 quibus—

80 1248 180 1295 dam
206 1259 403 1309 negatur,
424 1248 508 1294 alio
531 1248 629 1294 loco
655 1249 895 1311 discipulos
926 1251 1121 1304 monuit,
1153 1267 1204 1295 ne
1228 1268 1270 1295 se
1290 1261 1459 1313 patrem

80 1320 123 1365 in
151 1321 269 1364 terris
299 1319 450 1365 dicant
495 1319 685 1374 habere,
724 1330 770 1364 ut
796 1319 1021 1382 quomodo
1054 1320 1150 1365 illos
1183 1320 1459 1367 manifestum

80 1401 142 1436 est
162 1391 367 1437 hahuisse
391 1401 551 1453 patres,
575 1390 635 1435 sic
655 1407 696 1435 se
719 1390 923 1435 habuisse
948 1401 1128 1435 matrem
1149 1389 1457 1448 manifestaret,

80 1465 204 1521 cujus
237 1472 379 1507 tamen
404 1471 568 1506 terrena
593 1461 849 1520 cognatione
870 1471 1147 1524 contempta,
1176 1472 1462 1507 contemnen-

80 1532 232 1578 darum
256 1532 405 1577 talium
432 1531 801 1576 necessitudinum
829 1531 1056 1595 discipulis
1079 1531 1296 1595 praeberet
1313 1549 1461 1578 exem-

79 1602 221 1666 plum.

143 1674 198 1720 X.
237 1673 343 1718 Haec
377 1689 478 1733 ergo
504 1673 884 1736 interrumpuntur
909 1672 1094 1718 vocibus
1113 1673 1260 1718 matris
1280 1683 1390 1729 tuae,
1418 1685 1461 1720 et

79 1745 190 1791 inter
206 1744 303 1789 haec
320 1743 468 1789 locum
484 1744 651 1789 invenit
668 1743 1029 1789 commemoratio
1047 1744 1314 1806 praegnantis
1333 1754 1462 1808 atque

79 1814 305 1869 lactantis,
331 1825 377 1858 ut
400 1813 454 1859 de
480 1814 619 1860 Adam
650 1825 691 1859 et
728 1816 815 1860 Eva
832 1850 842 1867 ‚
876 1814 984 1860 alius
1006 1813 1146 1859 Adam
1166 1814 1396 1860 nascereris
1420 1826 1462 1861 et

79 1886 333 1932 nutrireris?
369 1886 548 1949 Respice
591 1887 756 1950 potius,
790 1886 956 1949 respice
977 1884 1118 1930 Adam
1143 1886 1385 1931 secundum
1405 1886 1459 1932 de

79 1957 217 2011 coelo‚
262 1967 304 2000 et
342 1967 466 2019 porta
500 1973 599 2002 cum
640 1956 829 2002 coelestis
862 1956 1118 2016 imaginem,
1160 1956 1272 2002 sicut
1301 1957 1460 2002 terreni

78 2027 279 2092 port-asti.
309 2028 402 2072 lino
429 2037 470 2072 et
499 2027 571 2072 hic
594 2027 786 2072 habeant
810 2027 957 2072 locum
981 2037 1175 2072 materna
1204 2027 1298 2090 ipsa
1321 2027 1458 2073 hene-

79 2099 205 2152 ficia,
238 2114 339 2161 quie
373 2097 454 2143 tibi
491 2097 546 2142 ad
582 2097 903 2142 enervationem
936 2096 1079 2142 cordis
1110 2108 1455 2143 enumerantur:

77 2168 270 2214 habeant
292 2185 470 2232 prorsus
495 2168 643 2213 locum
664 2187 675 2222 ;
700 2167 790 2213 noli
811 2185 899 2213 esse
915 2168 1133 2228 ingratus,
1160 2168 1349 2231 repende
1363 2185 1459 2228 gra-

82 2240 180 2285 tiam
211 2239 337 2285 matri
368 2249 457 2284 tuae
476 2275 486 2293 ‚
526 2238 714 2301 repende
736 2238 946 2302 spiritalia
971 2255 1052 2301 pro
1071 2238 1347 2295 carnalibus,
1378 2255 1459 2302 pro

82 2309 395 2373 temporalibus
414 2310 690 2372 sempiterna.
717 2308 803 2354 Sed
827 2326 913 2354 non
931 2308 1027 2355 vult
1043 2311 1189 2373 sequi?
1212 2325 1301 2354 non
1324 2309 1461 2372 impe-

79 2381 185 2427 diat.
218 2381 314 2426 Non
333 2380 428 2427 vult
449 2381 645 2427 converti
669 2381 713 2426 in
737 2380 925 2426 melius?
945 2396 1051 2427 cave
1075 2397 1128 2426 ne
1147 2390 1188 2425 te
1206 2380 1252 2426 in
1272 2379 1459 2427 deterius

79 2461 301 2516 pervertat
323 2486 333 2506 ‚
364 2462 408 2497 et
430 2461 609 2498 evertat.
637 2450 759 2508 Quid
788 2450 967 2496 interest
986 2461 1133 2496 utrum
1152 2450 1198 2496 in
1222 2467 1353 2497 uxore
1369 2487 1380 2508 ,
1404 2468 1458 2496 an

79 2523 124 2569 in
142 2532 303 2577 matre,
324 2521 430 2567 dum
454 2532 597 2568 tamen
623 2522 713 2568 Eva
735 2522 783 2568 in
807 2521 1006 2585 qualibet
1023 2521 1204 2567 muliere
1221 2524 1457 2568 caveatur?

84 2594 192 2639 Nam
230 2592 307 2638 ista
334 2594 489 2639 umbra
525 2593 694 2655 pietatis
728 2592 780 2638 de
815 2592 927 2639 foliis
962 2591 1079 2639 illius
1106 2592 1273 2638 arboris
1310 2593 1454 2648 venit,
