1769 3235
408 303 814 335 RETRACTATIONUM
850 304 936 336 Liss.
982 306 1012 335 1.
1327 290 1420 353 489

53 369 110 414 cle
133 372 313 416 caeteris
340 369 538 414 vinculis
557 374 798 430 sanguinis
818 371 1160 433 Intelligendum
1190 383 1257 418 est
1271 410 1282 428 ,
1308 384 1361 418 αἱ
1379 378 1426 418 in

55 443 118 484 eis
140 440 375 484 oderimus
395 440 530 502 quod
547 456 695 501 genus
715 440 981 485 lemannum
1002 441 1235 487 nascendo
1256 454 1303 487 et
1321 460 1426 488 mo-

56 511 217 556 riendo
240 515 450 556 sorcz'lum
483 521 551 555 esc
570 544 580 558 „
601 510 659 554 ita
683 521 822 566 sonat,
851 512 974 574 quasi
994 529 1080 557 non
1106 524 1243 558 essent
1267 513 1429 560 futurae

57 582 134 628 iste
154 580 487 627 necessitudines
505 616 514 634 ‚
537 580 570 626 si
598 579 716 625 nullo
736 591 905 626 naturae
928 582 1133 629 humanae
1155 584 1428 646 praecedente

58 663 237 715 peccato
273 669 399 697 nemo
425 661 663 697 moreretur
692 668 702 695 ε
739 667 867 713 quem
906 669 1074 698 sensum
1108 657 1198 713 jam
1234 655 1431 717 superius

56 722 316 786 improbavi.
346 724 494 767 Essent
519 722 632 766 enim
662 721 859 784 profecto
882 723 1158 781 cognationes
1182 734 1224 769 et
1247 725 1429 770 affinita-

54 803 114 838 tes
132 831 143 849 ‚
173 794 302 838 etiam
323 793 355 837 si
381 793 577 852 originali
598 792 720 837 nullo
742 793 942 838 existente
959 804 1138 856 peccato
1156 832 1164 851 ‚
1188 795 1427 841 sinemorte

53 874 261 909 cresceret
297 874 337 908 et
379 863 747 926 multiplicaretur
783 880 916 923 genus
948 863 1205 910 humanum.
1252 868 1315 911 Ac
1349 883 1428 929 per

52 935 139 980 hoc
160 933 283 979 aliter
311 934 514 979 solvenda
536 944 597 979 est
621 934 804 997 quaestio
825 972 834 989 ‚
874 951 954 980 cur
979 935 1190 980 Dominus
1209 953 1429 999 praecepeae

52 1005 109 1049 rit
145 1003 388 1066 diligendos
421 1004 643 1059 inimicos,
688 1021 788 1049 cum
818 1004 899 1050 alio
929 1004 1025 1050 loco
1056 1006 1288 1069 praecipiat
1329 1006 1429 1052 odio

52 1074 278 1120 habendos
308 1085 350 1120 et
388 1086 585 1137 parentes
621 1086 661 1120 ct
704 1075 871 1131 {ilios1‚
920 1092 1007 1120 non
1039 1077 1149 1122 sicut
1180 1077 1254 1122 1110
1291 1077 1429 1123 soluta

52 1156 139 1201 est,
171 1145 242 1190 sed
264 1146 375 1190 sicut
397 1163 488 1191 eam
522 1147 734 1208 posterius
761 1163 874 1209 saepe
907 1146 1114 1192 solvimus
1139 1165 1148 1191 ε
1175 1147 1219 1193 id
1252 1159 1313 1194 est
1333 1185 1343 1204 ‚
1385 1159 1432 1193 ut

52 1217 283 1278 diligamus
302 1218 500 1263 inimicos
526 1218 760 1264 lucrandos
789 1237 920 1279 regno
951 1220 1030 1265 Dei
1049 1258 1060 1277 ,
1084 1231 1124 1266 et
1144 1221 1361 1267 oderimus
1385 1223 1429 1267 in

52 1289 332 1352 propinquis,
353 1289 385 1334 si
405 1288 650 1352 impediunt
672 1308 694 1334 a
721 1307 851 1349 regno
874 1290 967 1336 Dei.

118 1359 191 1406 VI.
230 1361 337 1404 ltem
365 1359 417 1404 de
446 1370 671 1422 praecepto
693 1377 781 1422 quo
817 1360 1080 1422 prohibetur
1108 1379 1210 1407 uxor
1229 1362 1390 1407 dimitti
1412 1399 1422 1418 ‚

52 1430 132 1475 nisi
155 1440 336 1493 propter
358 1429 688 1475 fornicationem
709 1466 719 1485 ‚
754 1430 828 1474 hie
849 1430 1025 1492 quidem
1060 1432 1433 1494 scrupulosissime

53 1499 306 1563 disputavi:
336 1500 409 1545 sed
443 1517 573 1563 quam
606 1500 710 1545 velit
733 1500 946 1545 Dominus
979 1500 1157 1561 intelligi
1181 1502 1429 1548 fornicatio-

52 1588 147 1616 nem
163 1608 173 1627 ,
205 1581 384 1634 propter
405 1587 535 1633 quam
558 1570 685 1615 liceat
706 1570 921 1616 dimittere
949 1588 1140 1628 uxorem,
1171 1584 1317 1618 utrum
1336 1591 1427 1618 eam

53 1658 154 1705 quae
171 1642 404 1686 damnatur
426 1641 469 1686 in
491 1640 652 1704 stupris
669 1677 679 1695 ,
705 1658 758 1686 an
775 1640 893 1686 illam
910 1641 962 1686 de
983 1659 1069 1704 qua
1089 1643 1267 1699 dicitur,
1292 1665 1312 1684 «
1328 1644 1430 1688 Per-

53 1733 74 1753 »
99 1712 246 1757 didisti
272 1729 445 1757 0111110111
468 1713 545 1776 qui
568 1712 809 1757 fornicatur
839 1712 914 1757 abs
940 1717 1024 1768 te2,
1046 1735 1065 1754 ›>
1095 1713 1140 1758 in
1165 1731 1250 1777 qua
1282 1715 1431 1778 utique

53 1793 94 1828 et
114 1783 193 1828 ista
211 1793 303 1837 est,
333 1783 502 1845 (neque
532 1783 645 1827 enim
678 1800 765 1827 11011
791 1782 1032 1829 fornicatur
1065 1802 1085 1828 a
1112 1785 1300 1830 Domino
1319 1823 1330 1841 ‚
1357 1785 1434 1848 qui

58 1854 207 1899 tollens
237 1854 431 1898 membra
460 1854 656 1908 Christi,
694 1853 798 1898 facit
824 1871 870 1898 03
908 1854 1102 1900 membra
1136 1855 1429 1917 meretricis‚)

54 1926 183 1971 etiam
213 1935 339 1988 atque
373 1926 501 1970 etiam
525 1925 806 1985 cogitandum
848 1936 909 1970 est
946 1939 1076 1989 atque
1101 1927 1428 1989 requirendum.

57 1997 146 2042 Nec
177 1995 275 2041 volo
307 1996 351 2040 in
383 2013 426 2041 re
454 2007 570 2041 tanta
608 2007 782 2058 tamque
811 1995 864 2040 ad
896 1996 1239 2055 dignoscendum
1263 1996 1432 2042 difficili

56 2078 213 2131 putare
237 2067 471 2122 lectorem,
500 2068 623 2112 istam
664 2068 744 2112 sibi
780 2078 969 2112 nostram
993 2067 1334 2130 disputationem
1363 2068 1436 2113 de-

56 2139 158 2184 bere
179 2137 370 2184 sufficere
395 2157 404 2183 :
441 2138 512 2184 sed
530 2138 642 2197 legat
666 2149 707 2183 et
731 2138 813 2184 alia
832 2176 842 2194 ‚
874 2139 961 2184 sive
994 2149 1139 2184 nostra
1165 2155 1264 2201 quae
1289 2149 1436 2202 postea

57 2210 218 2273 scripta
244 2220 362 2266 sunt,
391 2211 477 2255 sive
503 2210 686 2255 alioruin
707 2210 860 2255 melius
879 2210 1149 2255 considerata
1174 2221 1303 2272 atque
1324 2223 1435 2257 trac-

57 2292 145 2327 tata
167 2299 178 2326 ι
210 2281 275 2327 vel
298 2281 389 2342 ipse
410 2281 442 2326 si
467 2291 610 2343 potest
631 2319 640 2337 ‚
668 2298 715 2326 ea
735 2297 837 2344 quae
864 2281 941 2326 11ῑο
965 2280 1117 2326 merito
1142 2297 1314 2326 movere
1341 2298 1438 2344 pos-

58 2364 186 2409 sunt,
213 2351 483 2412 vigilantiore
509 2362 639 2414 atque
674 2351 1006 2410 intelligentiore
1042 2361 1184 2396 mente
1208 2351 1428 2398 discutiat.

59 2425 159 2470 Non
193 2423 297 2486 quia
324 2439 450 2468 omne
491 2433 723 2484 peccatum
756 2421 988 2467 fornicatio
1021 2432 1108 2477 est3
1148 2438 1288 2485 neque
1321 2422 1436 2467 enim

59 2510 230 2540 omnem
273 2503 527 2555 peccantem
561 2493 676 2537 Deus
718 2491 892 2555 perdit,
930 2492 1007 2554 qui
1042 2491 1238 2554 quotidie
1271 2503 1440 2538 sanctos

60 2582 156 2611 suos
177 2564 350 2610 exaudit
368 2602 375 2619 ,
392 2563 585 2609 dicentes
603 2601 613 2618 ‚
631 2586 649 2604 «
674 2564 857 2608 Dimitte
878 2562 1003 2607 nobis
1021 2562 1169 2608 debita
1194 2573 1337 2608 nostra
1355 2563 1399 2608 3:
1420 2585 1439 2605 »

111 2648 120 2668 ¹
146 2645 263 2678 Matth.
286 2657 316 2690 v,
345 2652 410 2683 44,
441 2652 470 2677 et
499 2647 573 2677 Luc.
604 2656 672 2684 MV,
705 2646 761 2678 25.
783 2662 822 2668 -
841 2643 856 2665 ‘²
881 2641 966 2676 Psal.
997 2654 1087 2675 Lxxu
1105 2670 1114 2686 ‚
1145 2655 1200 2684 27.
1224 2662 1269 2667 --
1289 2641 1302 2666 3
1320 2645 1442 2680 Matth,

63 2713 122 2749 vr,
146 2712 199 2737 12,
