1769 3235
551 295 763 326 EPISTOLA
801 295 896 325 cxc.
1368 280 1426 325 25

47 361 213 424 peccati
236 359 457 420 originalis
478 360 693 415 obstricti,
720 360 809 405 sine
827 360 965 419 gratia
990 360 1241 407 Mediatoris
1264 377 1312 407 ex
1334 360 1418 407 hac

44 431 142 477 luce
164 431 407 494 rapiuntur.
431 431 542 476 Tota
566 431 734 494 quippe
763 431 841 475 ist]
871 447 1005 476 massa
1022 434 1156 490 justae
1174 431 1307 477 damn
1318 432 1425 477 atio-

44 501 109 547 nis
128 502 339 565 reciperet
363 500 560 546 debitum
580 538 590 555 ‚
617 501 698 546 nisi
722 518 769 546 ex
791 518 840 546 ea
862 500 1020 546 faceret
1038 518 1124 546 non
1156 501 1298 548 solum
1330 506 1427 561 Jus-

45 582 133 628 tus‚
170 571 242 617 sed
269 570 398 617 etiam
427 570 668 616 misericors
699 570 854 630 figulus
880 570 961 619 alia
985 588 1084 617 vasa
1130 572 1174 616 in
1209 571 1426 617 honorem

42 642 280 688 secundum
313 641 495 701 gratiam
512 676 523 698 ,
563 658 650 686 non
687 640 924 686 secundum
964 641 1191 695 debitum;
1225 641 1335 688 dum
1385 652 1426 687 et

41 712 235 775 parvulis
253 712 475 766 subvenit,
514 728 700 775 quorum
735 711 856 758 nulla
886 712 1038 758 merita
1073 712 1164 758 dici
1200 722 1388 776 possunt
1411 749 1422 769 ,

41 792 85 828 et
106 786 288 842 majores
310 781 524 845 praevenit
548 818 558 835 ‚
591 792 641 827 ut
657 781 821 827 habere
845 781 990 845 aliqua
1023 782 1174 827 merita
1199 782 1382 845 possint.

105 853 234 899 XlIl.
264 852 376 909 Quae
399 867 499 897 cum
516 851 573 897 ita
597 852 707 907 sint,
729 852 762 897 si
788 853 962 897 assertio
990 863 1062 898 tua
1081 869 1169 897 non
1193 868 1243 897 co
1263 850 1420 907 tendit,

44 933 92 969 ut
112 940 244 970 novas
272 922 436 968 animas
459 922 578 968 dicas
596 923 1082 985 propterinnocentiam
1099 922 1302 969 novitatis
1319 938 1423 979 suae,

43 1004 140 1039 ante
163 1010 294 1056 quam
320 992 373 1038 ad
402 991 675 1055 peccandum
692 992 831 1038 libero
852 1003 1031 1038 utantur
1056 992 1256 1048 arbitrio,
1289 991 1419 1037 dam-

42 1063 208 1109 nationi
244 1061 444 1122 originali
480 1062 685 1108 obnoxias
710 1079 796 1108 esse
822 1079 909 1108 non
941 1080 1093 1127 posse;
1130 1062 1202 1108 sed
1240 1079 1308 1108 eas
1337 1061 1423 1107 fide

42 1133 263 1180 catholica
287 1133 530 1188 confiteris,
557 1133 720 1178 etiamsi
743 1133 789 1178 in
814 1133 887 1178 illa
914 1144 1057 1179 tenera
1087 1143 1212 1178 aetate
1244 1132 1298 1178 de
1321 1149 1422 1178 cor-

41 1220 148 1267 pore
175 1203 353 1249 exierint
372 1239 383 1260 ‚
420 1203 466 1248 in
496 1202 819 1248 damnationem
848 1202 1106 1265 perditionis
1144 1204 1277 1248 ituras
1296 1238 1306 1257 ‚
1338 1201 1420 1247 nisi

43 1273 324 1320 Sacramento
348 1272 629 1329 Mediatoris,
652 1272 727 1335 qui
744 1273 860 1318 venit
882 1289 1077 1336 quaerere
1104 1282 1146 1317 et
1167 1271 1332 1317 salvum
1350 1269 1420 1317 fa-

42 1360 137 1391 cere
157 1344 278 1408 quod
303 1344 516 1408 perierat,
552 1343 825 1389 liberentur1
851 1361 861 1388 :
885 1360 1033 1407 quaere
1063 1342 1140 1388 ubi
1158 1378 1172 1401 ‚
1204 1340 1271 1388 vel
1304 1340 1421 1387 unde

41 1414 111 1462 vel
141 1415 318 1479 quando
350 1415 568 1479 coeperint
602 1413 894 1460 damnationis
925 1413 1127 1460 meritum
1164 1412 1328 1458 habere
1347 1449 1357 1467 ‚
1386 1411 1421 1457 si

42 1502 169 1532 novae
191 1496 318 1542 sunt,
346 1486 406 1532 ita
438 1502 537 1531 saue
564 1495 611 1530 ut
636 1486 777 1530 Deum
804 1502 890 1530 non
924 1484 1056 1530 facias
1078 1521 1088 1541 ‚
1116 1500 1196 1529 nec
1228 1481 1419 1545 aliquam

42 1565 241 1602 naturam
261 1593 272 1612 ‚
294 1573 427 1620 quam
461 1572 549 1600 non
577 1554 778 1600 condidit
807 1558 925 1600 Deus
948 1592 960 1611 ‚
986 1554 1053 1602 vel
1076 1553 1248 1618 peccati
1269 1568 1419 1598 earum

42 1625 110 1671 vel
132 1625 412 1672 innocentum
437 1625 730 1671 damnationis
768 1636 1003 1672 auctorem.
1048 1625 1104 1670 Et
1140 1624 1174 1669 si
1204 1622 1417 1669 inveneris

42 1696 164 1760 quod
187 1706 227 1742 te
254 1713 447 1760 quaerere
471 1696 676 1742 admonui
700 1733 711 1751 ‚
740 1696 862 1760 quod
891 1696 982 1759 ipse
1006 1694 1153 1741 adhuc
1172 1693 1310 1739 fateor
1328 1709 1416 1738 non

42 1767 188 1814 inveni
209 1805 219 1823 ‚
249 1768 430 1814 defende
447 1778 662 1831 quantum
693 1778 814 1830 potes
829 1804 839 1824 ‚
864 1778 993 1830 atque
1014 1783 1149 1812 assere
1170 1765 1415 1811 animarum

42 1836 274 1885 infantium
309 1838 521 1899 ejusmodi
559 1855 645 1884 esse
669 1839 906 1884 novitatem
924 1875 934 1893 ‚
970 1849 1018 1883 ut
1045 1836 1165 1883 nulla
1191 1852 1414 1898 propaga-

43 1908 160 1955 tione
181 1909 428 1963 ducantur3
452 1920 493 1954 et
516 1908 746 1954 nobiscum
767 1907 884 1972 quod
910 1907 1121 1955 inveneris
1139 1905 1327 1951 fraterna
1351 1903 1417 1950 di-

41 1978 227 2026 lectione
247 1980 537 2026 communica.

110 2050 228 2097 XIV.
257 2051 303 2096 Si
321 2060 460 2096 autem
476 2067 564 2096 non
587 2049 798 2095 inveneris
814 2066 948 2112 quare
972 2047 1037 2095 vel
1057 2046 1277 2110 quomodo
1307 2046 1414 2091 fiant

45 2120 202 2167 animae
222 2120 454 2167 infantium
478 2121 762 2183 peccatrices,
790 2131 832 2165 et
850 2119 962 2165 nihil
980 2119 1023 2164 in
1048 2136 1090 2165 se
1111 2119 1215 2182 ipsis
1241 2117 1387 2163 haben
1403 2143 1417 2151 -

49 2202 105 2237 tes
120 2191 322 2246 malitiae,
349 2209 371 2238 a
399 2208 488 2256 quo
506 2202 717 2251 cogantur
736 2208 782 2236 ex
809 2190 946 2237 Adam
964 2190 1135 2235 trahere
1153 2188 1269 2234 unde
1285 2188 1414 2233 dam-

44 2273 233 2318 nentur,
259 2278 358 2308 cum
396 2279 464 2308 eas
502 2261 651 2307 credas
689 2279 774 2307 non
811 2278 858 2306 ex
891 2261 965 2306 illa
990 2260 1131 2323 prima
1171 2257 1415 2322 peccatrice

43 2342 304 2395 propagatas
322 2369 331 2386 ‚
360 2331 432 2378 sed
451 2349 583 2378 novas
607 2342 735 2395 atque
760 2332 944 2377 insontes
965 2330 1133 2376 includi
1159 2346 1288 2375 carne
1310 2344 1416 2391 pec-

46 2403 130 2448 cati
149 2423 160 2456 ;
181 2420 261 2447 nec
287 2403 346 2448 sic
364 2406 456 2462 jam
481 2413 637 2448 temere
662 2403 706 2447 in
724 2401 851 2447 aliam
874 2402 1127 2446 sententiam
1152 2410 1227 2445 tua
1251 2397 1415 2444 deflec-

46 2482 163 2517 tatur
183 2473 381 2529 assensio,
411 2483 459 2518 ut
476 2489 543 2518 eas
566 2489 612 2517 ex
634 2472 706 2517 illa
733 2489 818 2517 uua
841 2471 991 2516 credas
1017 2468 1303 2533 propagando
1323 2477 1416 2512 tra-

48 2541 152 2588 duci
172 2560 182 2587 :
213 2559 266 2588 ne
288 2542 398 2589 forte
419 2542 524 2589 alius
549 2543 740 2589 invenire
758 2540 1024 2605 possitquod
1043 2540 1132 2604 ipse
1151 2556 1239 2585 non
1259 2538 1411 2601 possis.

96 2627 108 2649 ¹
126 2624 207 2661 Luc.
228 2637 297 2671 xix,
319 2637 371 2658 10.
