1769 3235
459 264 861 300 RETRACTATIONUM
898 269 983 300 un.
1027 271 1076 303 11.
1362 257 1455 305 535

0 371 8 399 3
80 332 396 388 contentioneS,
421 332 527 378 hinc
552 334 979 396 reprehendentium,
1001 338 1103 385 inde
1118 339 1239 403 quasi
1259 358 1454 404 purgan-

84 403 193 449 tium
216 420 297 465 pro
314 403 505 466 partium
527 404 679 449 studiis
698 407 983 466 augebantur.
1008 410 1194 488 Propter
1210 411 1309 457 haec
1329 429 1455 459 vene-

84 473 234 518 rabilis
259 490 381 519 senex
398 473 615 527 Aurelius,
636 474 857 521 ecclesiae
846 479 982 540 ipsius
997 479 1182 526 civitatis
1203 482 1452 561 episcopus,

85 554 133 589 ut
156 543 261 589 hinc
281 543 449 607 aliquid
474 544 706 590 scriberem
721 547 870 605 jussit,
887 559 928 592 et
945 548 1040 596 feci.
1073 550 1157 597 Hic
1181 551 1241 597 sic
1265 551 1454 616 incipit·

82 617 288 660 Jasszom·
306 626 428 672 tuoe,
453 626 615 661 sancte
618 615 783 675 frater
802 618 981 665 Aureli.

79 794 380 812 §wunsam-mm
396 799 515 811 mm
526 800 1463 820 mmmmmmmwsmmmwsmmm

587 909 767 954 CAPUT
798 910 937 954 XXII.

373 1029 438 1072 De
472 1030 589 1072 Bono
617 1031 845 1087 conjugali
863 1063 872 1079 ,
909 1029 1019 1072 liber
1048 1046 1175 1074 unas.

156 1173 188 1216 I.
225 1172 461 1218 JOVINIANI
504 1172 704 1226 haeresis,
755 1188 977 1217 sacrarum
1016 1174 1233 1233 virginum
1266 1176 1466 1223 meritum

88 1242 308 1307 aequando
348 1243 575 1306 pudicitiae
609 1243 855 1305 conjugali,
892 1254 1059 1289 tantum
1101 1245 1239 1291 valuit
1279 1247 1324 1292 in
1361 1248 1470 1294 urbe

91 1316 258 1369 Roma,
291 1325 337 1360 ut
368 1314 598 1360 nonnullas
636 1316 763 1360 etiam
804 1315 1151 1361 sanctimoniales
1194 1317 1247 1362 de
1283 1334 1469 1382 quarum

91 1385 305 1449 pudicitia
328 1386 518 1449 suspicio
538 1386 655 1432 nulla
679 1398 970 1450 praecesserat,
1000 1387 1201 1446 dejecisse
1227 1388 1272 1434 in
1294 1391 1470 1453 nuptias

91 1455 331 1509 diceretur,
364 1455 450 1502 hoc
488 1458 667 1502 maxime
701 1468 952 1516 argumento
983 1474 1083 1502 cum
1108 1475 1177 1503 eas
1203 1472 1371 1519 urgeret
1397 1461 1470 1507 di—

93 1543 192 1572 cens
217 1544 227 1570 :
269 1550 286 1566 «
310 1528 378 1572 Tu
402 1544 502 1587 ergo
538 1528 692 1572 melior
714 1546 845 1591 quam
883 1528 987 1573 Sara
1004 1565 1013 1582 ‚
1052 1528 1204 1574 melior
1228 1547 1358 1593 quam
1384 1532 1470 1578 Su-

95 1615 274 1653 ›>sanna‚
295 1597 381 1642 sive
404 1600 561 1643 Anna'.)
588 1623 603 1639 υ
624 1610 663 1643 et
686 1609 863 1644 caeteras
882 1600 1266 1646 commemorando
1284 1602 1472 1649 testimo-

94 1669 168 1714 nio
211 1679 376 1714 sanetae
420 1669 663 1732 Scripturae
715 1669 1191 1715 commendantissimas
1241 1670 1471 1729 foeminas,

93 1739 256 1802 quibus
292 1756 334 1784 se
370 1738 457 1785 illae
496 1739 715 1785 meliores.
750 1739 815 1784 vel
856 1739 983 1784 etiam
1014 1757 1138 1802 pares
1174 1742 1362 1800 cogitare
1385 1760 1473 1789 nou

94 1820 281 1875 possent.
319 1810 415 1855 Hoc
455 1810 584 1856 modo
620 1812 747 1855 etiam
783 1811 972 1855 virorum
1001 1821 1251 1856 sanctorum
1276 1824 1474 1860 sanctum

96 1880 354 1926 coelibatum
394 1882 806 1926 commemoratione
847 1892 1022 1944 patrum
1061 1885 1399 1942 conjugatorum
1435 1896 1477 1930 et

97 1953 426 2014 comparatione
452 1951 697 2011 frangebat.
742 1953 858 1997 Huic
896 1962 1087 1997 monstro
1107 1963 1255 1997 sancta
1287 1954 1481 2001 Ecclesia

97 2039 198 2085 quae
217 2023 278 2067 ibi
305 2034 394 2070 est.
433 2023 680 2068 fidelissime
713 2040 762 2068 ac
787 2023 1018 2068 fortissime
1044 2023 1212 2070 restitit.
1241 2025 1480 2072 Remanse·

97 2104 196 2138 rant
222 2105 365 2140 autem
390 2095 466 2140 iste
501 2094 817 2158 disputationes
853 2098 943 2154 eJ'us
978 2094 1022 2139 in
1060 2094 1353 2157 quorumdam
1387 2114 1480 2143 ser-

99 2164 318 2210 munculis
338 2182 386 2210 ac
405 2166 605 2215 susurris.¹
625 2182 731 2228 quas
752 2165 892 2227 palam
908 2163 1087 2210 suadere
1106 2163 1250 2210 nullus
1271 2165 1476 2215 audebat.

102 2234 186 2280 Sed
221 2235 350 2281 etiam
376 2236 545 2282 occulte
580 2236 751 2281 venenis
793 2235 1048 2298 repentibus
1071 2271 1082 2290 ,
1117 2234 1326 2281 facultate
1348 2254 1481 2301 quam

101 2305 295 2353 donabat
316 2307 528 2353 Dominus
544 2345 555 2361 ,
585 2306 903 2353 occurrendum
928 2305 1012 2350 fuit
1033 2322 1043 2350 ε
1072 2304 1255 2351 maxime
1271 2308 1481 2370 quoniam

96 2377 350 2438 jactabatur
372 2379 606 2424 Joviniano
635 2377 889 2442 responderi
908 2394 996 2422 non
1013 2375 1206 2439 potuisse
1220 2393 1320 2423 cum
1335 2377 1482 2437 laude,

102 2449 176 2496 sed
199 2468 299 2497 cum
332 2450 653 2514 vituperatione
681 2449 954 2513 nuptiarum.
987 2449 1175 2510 Propter
1198 2447 1284 2494 hoc
1319 2448 1484 2498 librum

103 2521 256 2578 edidi,
296 2525 424 2582 cujUs
466 2522 694 2585 inscriptio
728 2531 815 2571 est,
848 2521 907 2565 cle
936 2521 1071 2565 Bono
1106 2519 1361 2582 coty'ugall'.
1400 2522 1489 2571 Ubi

105 2594 159 2640 de
183 2593 502 2658 propagatione
528 2593 718 2639 filiorum
756 2592 877 2656 prius
913 2607 1046 2654 quam
1073 2589 1272 2636 homines
1308 2603 1489 2640 mortem
