1769 3235
560 258 774 290 BelsTOLA
810 259 955 290 ccxiv.
1354 259 1440 307 199

63 418 633 434 msszssnxtzmmsmmwm
641 417 880 428 txzwswswu
889 417 1440 431 “sm5zzssxvssxsnvsswsm

490 519 755 580 EPISTOLA
791 536 964 579 ccxlv
983 536 1011 578 ¹.

62 660 231 706 Domino
251 664 501 704 dilectissimo
519 694 528 713 ,
561 673 600 703 et
629 665 669 702 in
695 662 838 703 Christi
858 663 1048 703 membris
1074 664 1308 705 honorando
1327 668 1441 708 fratri

114 728 371 775 VALENTmo,
403 726 442 765 et
472 725 662 766 fratribus
697 727 767 778 qui
800 734 932 764 tecum
969 736 1088 773 sunt,
1123 726 1368 768 Acecsrixrs
1402 726 1440 769 in

112 786 282 826 Domino
301 786 484 827 salutem.

63 937 339 994 Augustinus
365 936 604 979 Valentino
622 935 791 978 Abbati
815 945 853 978 et
873 935 1095 978 momulus
1112 937 1439 989 Adrumetinis,

116 1004 268 1046 oborta
291 1005 405 1046 inter
430 1019 498 1046 eos
521 1004 790 1045 dissensione
813 1004 864 1044 de
889 1004 1021 1045 libero
1042 1004 1232 1046 arbitrio
1253 1009 1440 1061 etjuslc‘-

119 1073 182 1113 ιία
208 1072 290 1113 Dei
308 1105 318 1121 ‚
348 1087 402 1113 επ]
424 1088 572 1129 prava
591 1072 950 1127 interpretatione
969 1072 1157 1128 epistolae
1178 1075 1440 1129 prolioeioris

117 1139 176 1181 ad
208 1139 418 1188 Siculum,
457 1139 577 1181 doc-et
610 1139 747 1197 sidem
787 1139 1050 1180 catholicam
1078 1142 1127 1180 in
1157 1141 1237 1183 itta
1258 1144 1439 1199 epistola

114 1217 440 1266 propugnatum
454 1240 463 1256 ,
485 1207 594 1248 hano
609 1222 709 1255 esse,
731 1221 826 1261 quse
843 1223 976 1262 neque
995 1208 1181 1250 liberum
1199 1210 1440 1252 arbitrium

117 1285 266 1332 neget‚·
293 1291 432 1330 neque
464 1285 638 1316 tantum
671 1276 711 1315 εἰ
743 1274 937 1324 tribuat,
973 1285 1020 1316 ut
1055 1276 1147 1317 sine
1176 1279 1327 1333 gratia
1359 1279 1441 1320 Dei

114 1343 260 1384 valeat
280 1343 523 1399 quidquam
545 1342 604 1384 ad
626 1342 798 1384 bonum.

123 1496 158 1543 I.
192 1495 437 1542 VENERUNT
471 1495 524 1541 ad
548 1512 626 1540 nos
663 1494 751 1540 duo
775 1498 978 1555 juvenes,
1010 1495 1267 1542 Cresconius
1295 1508 1335 1544 et
1357 1500 1439 1544 Fe-

26 1577 31 1581 '
58 1566 139 1624 lix,
167 1564 221 1613 de
242 1577 382 1614 vestra
407 1568 742 1627 congregatione
774 1582 815 1611 se
841 1582 927 1611 esse
954 1565 1171 1623 dicentes,
1203 1567 1281 1631 qui
1312 1569 1440 1615 nobis

0 1628 2 1679 }
58 1638 297 1684 retulerunt
316 1637 623 1683 monasterium
635 1647 824 1681 vestrum
844 1635 1054 1681 nonnulla
1073 1636 1334 1685 dissensione
1356 1650 1441 1685 tur-

0 1760 1 1766 *
59 1709 209 1755 batum
225 1745 235 1763 ‚
263 1725 312 1754 eo
337 1708 457 1772 quod
478 1707 659 1771 quidam
676 1707 719 1752 in
744 1707 869 1752 vobis
893 1707 952 1752 sie
974 1707 1154 1766 gratiam
1172 1708 1435 1771 praedicent,

60 1779 109 1827 ilt
130 1790 283 1841 negent
310 1779 502 1826 hominis
537 1796 623 1825 esse
654 1779 842 1824 liberum
880 1778 1110 1823 arbitrium
1136 1796 1146 1823 ι
1172 1789 1213 1824 et
1237 1779 1357 1843 quod
1385 1792 1444 1827 est

60 1851 230 1913 gravius
270 1850 420 1897 dicant
462 1850 582 1914 quod
615 1850 659 1896 in
697 1849 766 1895 die
795 1849 953 1909 judicii
985 1866 1072 1894 non
1107 1850 1160 1895 sit
1193 1850 1442 1898 redditurus

59 1923 175 1970 Deus
194 1922 430 1987 unicuique
451 1922 692 1968 seeundum
714 1937 844 1985 opera
866 1921 1002 1981 ejus2.
1029 1921 1171 1966 Etiam
1191 1921 1278 1968 hoc
1297 1932 1442 1969 tamen

58 1993 385 2049 indicaverunt,
415 1992 534 2056 quod
557 1992 705 2056 plures
729 2001 919 2037 vestrum
944 2008 1034 2036 non
1054 1991 1114 2038 ita
1138 1993 1350 2049 sentiant,
1369 1993 1441 2040 sed

59 2062 245 2110 liberum
275 2063 505 2110 arbitrium
533 2061 729 2124 adjuvari
763 2062 982 2108 fateantur
1007 2078 1087 2125 per
1119 2063 1198 2108 Dei
1229 2065 1409 2123 gratiam
1427 2102 1439 2121 ,

60 2133 109 2181 ut
129 2138 246 2181 recta
268 2135 488 2198 sapiamus
519 2145 649 2198 atque
675 2131 885 2179 faciamus
907 2169 918 2188 ,
954 2143 1003 2178 ut
1026 2149 1127 2178 cum
1157 2135 1324 2180 venerit
1348 2136 1443 2181 Do-

60 2205 204 2253 minus
230 2205 410 2252 reddere
435 2204 676 2269 u'nicuique
695 2202 936 2250 seeundum
961 2221 1093 2267 opera
1114 2206 1203 2264 ejus
1219 2242 1229 2261 ,
1250 2203 1444 2252 inveniat

61 2286 193 2341 opera
210 2287 357 2323 nostra
380 2277 495 2322 bona
511 2313 522 2333 ,
549 2292 651 2340 quae
672 2274 942 2339 praeparavit
966 2275 1082 2320 Deus
1103 2285 1151 2319 ut
1170 2274 1215 2321 in
1241 2275 1325 2322 illis
1344 2294 1441 2323 am-

60 2347 262 2395 bulemus
275 2347 308 2396 ³.
340 2348 436 2394 Hoc
455 2346 533 2411 qui
560 2349 778 2404 sentiunt,
804 2345 915 2393 bene
937 2347 1142 2393 sentiunt.

111 2461 123 2485 ¹
140 2463 227 2495 Alias
246 2475 334 2497 xtvr.
366 2474 438 2506 quae
465 2464 570 2497 autem
591 2470 658 2500 214
675 2469 756 2506 erat,
783 2474 870 2495 nunc
898 2474 930 2494 2.
947 2480 993 2486 —
1012 2461 1137 2505 Scripta
1156 2460 1284 2494 videtur
1301 2473 1354 2494 an.
1377 2465 1443 2500 426

59 2524 112 2551 aut
137 2522 202 2560 4²7
234 2525 309 2552 ante
338 2520 474 2552 Pascha.
504 2538 549 2545 —
567 2518 582 2542 2
601 2517 716 2553 Matth.
736 2530 804 2561 xm,
828 2529 868 2558 27
889 2544 898 2561 ,
921 2523 952 2550 et
981 2520 1075 2549 Rom.
1101 2528 1127 2548 11
1144 2540 1152 2556 ,
1173 2528 1203 2556 7.
1226 2534 1271 2541 —
1290 2514 1304 2539 3
1322 2517 1442 2560 Ephes.

62 2584 110 2620 11,
131 2585 187 2610 ιο.
