1769 3235
525 295 735 326 EPISTOLA
770 296 916 327 cxcvr.
1348 279 1410 341 89

39 361 276 410 secundum
296 376 468 406 carnem
490 359 543 405 de
573 359 760 406 Abrahae
779 361 912 422 stirpe
937 361 1169 417 venientes,
1191 361 1246 406 ab
1266 359 1411 407 omni-

40 433 125 480 bus
147 431 454 478 vocitabantur
476 430 561 475 hoc
584 429 772 476 nomine.

103 502 198 548 XV.
244 521 263 542 <‹
288 499 431 546 Judaei
469 499 589 560 signa
620 510 804 563 petunt,
832 500 891 546 ait
917 499 1136 564 apostolus
1160 499 1340 556 Paulus,
1368 510 1411 545 et

41 571 225 618 »Graeci
263 570 517 634 sapientiam
554 581 760 633 quaerunt
784 588 794 616 ε
841 588 918 617 nos
955 581 1098 616 autem
1122 570 1413 633 praedicamus

40 661 64 695 ¹?
89 641 316 688 Christum
337 640 612 693 crucitixuni‚
639 640 804 686 Judaeis
821 640 995 704 quidem
1019 639 1291 694 scandalum,
1316 656 1419 698 gen·

40 732 64 756 »
85 712 201 757 tibus
222 721 364 756 autem
387 710 617 755 stultitiam
648 727 659 755 z
698 711 802 773 ipsis
824 722 967 756 autem
1005 711 1170 756 vocatis
1192 709 1357 756 Judaeis
1379 719 1422 755 et

41 800 65 825 >³
82 781 265 834 Graecis,
291 780 517 825 Christum
546 779 623 824 Dei
646 780 850 826 virtutem
872 791 912 825 et
950 780 1028 826 Dei
1058 780 1312 843 sapientiam
1332 778 1367 826 ¹.
1400 800 1420 820 »

41 851 161 909 Quos
178 850 285 897 dixit
303 851 496 903 Graecos,
522 849 602 894 hos
622 850 749 895 etiam
776 850 968 910 gentium
1000 851 1175 896 nomine
1197 849 1421 909 significa-

37 922 118 977 vit,
146 937 195 967 eo
212 920 332 984 quod
349 921 446 965 haec
471 920 619 979 lingua
639 921 820 965 maxime
841 920 1009 966 excellit
1029 921 1073 966 in
1093 920 1309 980 gentibus,
1337 918 1416 963 Ju-

43 990 164 1037 daeos
187 1000 332 1036 tamen
352 991 468 1053 ipsos
503 990 693 1045 vocavit,
726 1007 834 1053 quos
854 1008 1002 1036 omnes
1030 991 1118 1036 hoc
1137 989 1313 1035 nomine
1335 1006 1420 1051 ap·-

37 1060 217 1125 pellant.
249 1061 360 1106 Nam
391 1059 426 1104 si
451 1059 689 1105 Christiani
718 1060 801 1122 ipsi
842 1071 942 1106 sunt
968 1060 1130 1116 Judaei‚
1161 1057 1420 1106 Christianis

37 1141 99 1176 est
121 1146 222 1189 ergo
242 1129 501 1175 scandalum
544 1129 745 1175 Christus
769 1131 1019 1187 crucifixus,
1039 1131 1092 1177 de
1126 1147 1214 1193 quo
1252 1129 1421 1175 dictum

37 1211 100 1246 est
126 1217 138 1245 :
180 1220 199 1240 «
219 1199 382 1245 Judaeis
406 1198 585 1261 quidem
613 1199 881 1246 scandalum.
912 1221 932 1242 ›>
958 1202 1067 1256 Quis
1092 1201 1179 1246 hoc
1202 1199 1283 1244 nisi
1302 1198 1421 1243 insa-

39 1269 240 1315 nissimus
263 1268 446 1315 sentiat?
473 1269 583 1314 Item
604 1268 714 1314 dicit
734 1287 743 1315 :
774 1289 796 1311 t<
819 1270 920 1315 Sine
946 1271 1178 1316 offensione
1200 1279 1332 1314 estote
1348 1270 1424 1314 Ju-

38 1360 61 1381 »
85 1338 191 1385 daeis
205 1349 247 1384 et
266 1338 432 1384 Graecis
451 1348 493 1383 et
527 1338 735 1384 Ecclesiae
769 1339 848 1385 Dei
863 1340 896 1387 ².
916 1361 936 1381 »
968 1339 1202 1396 Quomodo
1228 1339 1308 1384 ista
1329 1337 1422 1383 dis-

37 1409 271 1469 tingueret,
299 1410 331 1454 si
355 1419 397 1454 et
436 1408 671 1454 Ecclesiam
713 1409 787 1454 Dei
825 1410 870 1455 iu
904 1410 1160 1474 quotidiana
1201 1407 1416 1472 loquendi

37 1478 351 1525 consuetudine
370 1478 548 1523 Judaeos
565 1478 786 1541 appellare
802 1479 1011 1526 deberet?
1030 1482 1139 1526 Item
1159 1479 1218 1525 ait
1236 1497 1246 1524 :
1268 1500 1288 1520 «
1301 1480 1422 1535 Quos

38 1569 60 1592 »
84 1559 125 1595 et
147 1550 321 1595 vocavit
351 1565 428 1594 nos
448 1585 458 1604 ‚
487 1565 575 1593 non
602 1548 741 1594 solum
794 1566 840 1594 ex
880 1549 1046 1596 Judaeis
1066 1587 1076 1605 ‚
1106 1549 1180 1596 sed
1203 1550 1333 1594 etiam
1369 1564 1417 1592 ex

37 1639 59 1662 »
84 1619 284 1680 gentibus
314 1619 348 1666 ³.
373 1638 394 1661 »
420 1617 655 1675 Quomodo
680 1620 852 1665 vocavit
874 1637 921 1665 ex
946 1620 1128 1675 Judaeis,
1157 1620 1189 1665 si
1208 1619 1354 1682 potius
1373 1634 1420 1663 ex

38 1705 126 1735 non
149 1689 313 1735 Judaeis
343 1688 532 1744 vocavit,
558 1699 607 1734 ut
631 1699 769 1734 essent
787 1689 927 1735 Judaei
947 1693 964 1735 ,3
984 1691 1092 1735 Item
1109 1689 1163 1735 de
1183 1687 1417 1734 Israelitis:

36 1778 60 1801 α
82 1759 202 1815 Quid
222 1777 321 1819 ergo
340 1759 553 1814 dicemus,
581 1759 755 1822 inquit?
782 1760 898 1816 Quia
921 1771 1066 1820 gentes
1089 1777 1189 1823 quae
1208 1776 1297 1804 non
1323 1774 1417 1803 sec-

38 1849 60 1872 »
76 1830 521 1890 tabanturjUstitiam,
542 1829 929 1893 apprehenderunt
948 1830 1162 1889 justitiam
1177 1865 1188 1885 ,
1205 1827 1420 1888 J'ustitiam

38 1919 60 1942 >2
81 1908 224 1946 autem
248 1917 349 1964 quae
379 1917 427 1945 ex
465 1900 551 1945 fide
569 1911 630 1945 est
653 1918 662 1943 :
687 1900 822 1945 lsrael
843 1911 985 1946 autem
1010 1915 1269 1963 persequens
1284 1898 1420 1958 legem

37 1990 59 2012 »
75 1970 277 2030 justitiae,
297 1971 341 2015 in
358 1970 493 2030 legem
512 1969 693 2029 justitiae
724 1988 810 2015 non
833 1971 1043 2033 pervenit.
1091 1972 1265 2026 Quare.
1256 1971 1274 2004 ἶ)
1297 1968 1413 2024 Quia

0 2085 1 2091 ,
36 2060 58 2083 n
70 2057 159 2086 non
177 2057 225 2086 ex
248 2040 350 2095 fide,
369 2039 442 2084 sed
457 2040 581 2102 quasi
606 2057 651 2085 ex
674 2040 898 2103 operibus.
928 2039 1218 2086 Offenderunt
1235 2038 1349 2084 enim
1368 2038 1414 2083 in

0 2124 1 2157 t
34 2129 57 2151 ι
78 2109 271 2173 lapidem
296 2109 590 2156 offensionis.
557 2109 574 2137 Δ
636 2111 745 2155 Item
781 2109 850 2156 Ad
873 2110 1009 2157 Israel
1045 2120 1189 2156 autem
1216 2108 1323 2171 quid
1341 2107 1409 2153 di-

0 2206 1 2241 l

0 2266 2 2330 i

0 2336 3 2418 i

0 2483 3 2504 .

1 2612 4 2653 1

36 2180 170 2227 »εἰῑὲ
202 2181 315 2226 Tota
349 2179 418 2226 dic
448 2179 615 2225 extendi
657 2197 809 2226 manus
835 2198 948 2226 meas
970 2180 1024 2226 ad
1061 2179 1281 2243 populum
1323 2195 1412 2223 non

39 2269 60 2292 ι)
76 2250 323 2296 credentem
344 2260 386 2295 et
411 2250 782 2296 contiadiccntem
812 2251 844 2297 5.
877 2272 897 2292 ›>
918 2252 1155 2295 Etsecutus
1173 2248 1413 2308 adJ'ungit:

39 2341 62 2364 α
78 2322 187 2367 Dico
208 2339 325 2381 ergo,
352 2321 580 2384 Numquid
606 2321 767 2384 repulit
786 2321 899 2367 Deus
912 2321 1085 2384 plebem
1107 2336 1258 2365 suam.
1248 2318 1408 2366 ³absit.

0 2420 3 2453 '.
38 2411 62 2433 ›>
78 2392 190 2437 Nam
215 2402 252 2438 et
280 2408 357 2451 ego
381 2391 575 2437 Israelita
593 2408 707 2447 sum,
730 2409 775 2437 ex
810 2392 969 2437 semine
992 2389 1186 2437 Abrahae
1212 2388 1266 2434 de
1292 2388 1410 2434 tribu

0 2467 3 2532 ξ
40 2482 62 2505 n
78 2461 320 2522 Benjamin.
352 2463 451 2507 Non
472 2462 633 2525 repulit
652 2463 768 2508 Deus
790 2462 963 2525 plebem
979 2478 1118 2516 suam,
1136 2476 1267 2523 quam
1282 2476 1414 2522 praes-

90 2561 101 2583 Ι
131 2572 141 2590 ι
175 2563 252 2592 Cor.
279 2571 334 2599 xi,
363 2572 416 2594 22.
436 2561 512 2586 ...2
541 2562 576 2593 ld
609 2573 652 2599 x,
685 2561 937 2594 32.—³Roin.
958 2573 1001 2591 ix.
1033 2557 1278 2597 24.-⁴11›id.
1299 2561 1414 2590 30.—

43 2613 167 2653 ⁵1d.x,
189 2627 246 2649 21.
