1769 3235
337 273 430 324 538
760 298 794 325 s.
840 295 1084 328 Auevsnm
1122 298 1326 329 Episcopl

335 355 455 421 quod
473 367 561 402 tam
582 357 785 405 deformis
805 370 850 405 ut
869 360 1173 409 reformatione
1187 381 1297 427 opus
1312 364 1511 412 liaberet.
1539 366 1589 411 ln
1608 363 1714 412 cluo-

335 427 505 473 deeimo
545 428 598 474 de
623 429 784 485 inferis,
818 433 950 491 magis
977 433 1084 478 mihi
1125 434 1274 480 videor
1316 435 1471 481 docere
1495 436 1709 492 debuisse,

339 497 459 560 quod
484 499 566 543 sub
610 500 728 545 terris
768 501 869 555 sint,
899 520 1027 565 quam
1066 505 1271 550 rationem
1318 505 1494 552 reddere
1518 523 1596 552 cur
1633 505 1715 552 sub

339 569 461 614 terris
500 586 587 615 esse
622 571 873 628 credantur,
905 574 990 619 sive
1019 574 1249 629 dicantur,
1290 577 1412 639 quasi
1449 594 1533 622 non
1562 578 1619 623 ita
1643 578 1709 624 sit.
1767 562 1769 642 l

337 639 434 685 Hoc
463 639 589 703 Opus
612 641 672 688 sic
709 642 867 707 incipit
891 661 901 689 ε
929 646 1097 689 Omnis
1120 646 1278 690 (levina
1302 651 1533 709 scitptura.
1560 648 1713 710 biper-
1767 658 1769 673 ¹

341 723 427 757 tzta
462 723 543 757 est.

354 873 401 883 nv·
416 871 474 882 m
482 869 791 882 mwsumm
799 872 849 881 w-
857 871 916 881 ω
927 870 937 879 ι
948 869 1530 884 uwxwuws-smsmwflms-flmm
1537 873 1718 884 §mmm

858 982 1036 1026 CAPIJT
1067 983 1203 1026 XXV.

576 1118 745 1158 Contra
781 1117 964 1160 Litteras
997 1119 1234 1167 petiliani,
1273 1119 1377 1161 libri
1403 1130 1501 1163 tres.

412 1260 662 1312 ANTEQUAM
690 1261 857 1305 finirem
873 1259 1009 1306 libros
1021 1262 1081 1306 cle
1106 1266 1328 1307 Trinitate
1339 1273 1379 1308 et
1398 1262 1541 1308 libros
1555 1261 1613 1308 de
1635 1266 1726 1307 Ge-

349 1335 452 1376 nesi
477 1332 545 1376 acl
561 1332 780 1387 litletrmz,
810 1332 937 1377 irruit
968 1350 1094 1378 causa
1124 1331 1412 1396 respondendi
1441 1333 1590 1379 litteris
1609 1335 1703 1380 Peti

346 1402 450 1447 liani
469 1403 727 1458 Donatistae,
746 1420 853 1467 quas
867 1403 1071 1449 adversus
1090 1403 1367 1449 'Catholicam
1388 1404 1574 1467 scripsit,
1593 1421 1723 1467 quam

348 1472 518 1518 differre
542 1490 631 1518 non
655 1474 793 1536 potui.
828 1476 881 1519 Et
899 1475 1053 1538 scripsi
1078 1475 1252 1519 iuliane
1272 1491 1359 1519 rem
1388 1474 1466 1519 tria
1490 1474 1726 1531 volumina,

350 1559 537 1606 quorum
559 1544 701 1606 primo
720 1545 875 1607 primae
903 1546 1013 1607 parti
1038 1544 1248 1608 Epistolae
1268 1544 1422 1607 ipsius,
1451 1562 1580 1608 quam
1595 1545 1733 1608 scrip-

349 1616 403 1660 sit
421 1614 474 1659 ad
493 1631 609 1660 suos.
633 1617 735 1678 quia
761 1633 848 1661 non
873 1626 962 1661 tota
984 1617 1028 1660 in
1049 1626 1214 1661 nostras
1241 1633 1393 1661 manus
1434 1627 1625 1672 venerat,
1657 1615 1729 1661 sed

351 1685 472 1749 prior
495 1703 627 1748 parva
656 1704 754 1748 pars
780 1690 885 1745 ejus,
907 1697 1072 1750 quanta
1101 1687 1219 1749 potui
1255 1686 1471 1731 celeritate
1488 1697 1530 1732 et
1556 1687 1732 1732 veritate

351 1756 570 1819 respondi.
610 1757 750 1801 Etiam
781 1757 873 1819 ipsa
913 1757 1104 1819 Epistola
1134 1767 1195 1801 est
1229 1756 1280 1801 ad
1312 1767 1479 1801 nostros
1499 1793 1509 1806 .
1537 1756 1609 1801 sed
1637 1756 1733 1802 ideo

351 1828 612 1874 interlibros
638 1829 841 1882 liabetur,
859 1829 962 1891 quia
982 1829 1126 1874 caeteri
1141 1828 1230 1873 duo
1253 1830 1295 1873 in
1311 1827 1460 1873 eadem
1484 1845 1612 1874 causa
1632 1827 1734 1873 libri

350 1909 464 1945 sunt.
506 1899 842 1963 Posteaquippe
865 1899 1109 1945 invenimus
1149 1911 1302 1952 totam,
1340 1900 1464 1962 eique
1487 1910 1603 1945 tanta
1631 1898 1734 1945 dili-

352 1970 494 2030 gentia
518 1969 742 2032 respondi.
771 1980 935 2032 <planta
979 1971 1133 2015 Fausto
1174 1969 1424 2022 Maniclreo
1444 2007 1454 2018 .
1491 1969 1623 2015 verba
1647 1970 1734 2015 sci-

351 2039 453 2086 licet
473 2045 564 2101 ejus
583 2041 664 2086 sub
689 2041 825 2104 ipsius
848 2041 1022 2086 nomine
1042 2042 1164 2104 prius
1190 2058 1354 2104 ponens
1382 2039 1678 2103 particulatim
1694 2051 1736 2085 et

354 2112 436 2158 sub
454 2129 548 2157 meo
565 2129 642 2174 per
656 2111 823 2171 singula
844 2112 1165 2175 responsionem
1191 2130 1268 2156 me
1262 2129 1344 2158 im.
1374 2110 1457 2157 Sed
1476 2111 1600 2174 prius
1617 2110 1736 2173 quod

355 2183 646 2245 scripseiQam
675 2193 906 2245 antequam
945 2192 1080 2227 totam
1114 2182 1425 2245 re··p‹1i1emus
1462 2182 1660 2245 pervenit
1681 2180 1736 2227 ad

358 2254 661 2300 Petilianum:
682 2264 723 2299 et
749 2253 883 2299 iratus
909 2253 1166 2317 respondere
1189 2263 1370 2298 conatus
1391 2263 1469 2307 est,
1497 2251 1541 2297 in
1561 2269 1628 2297 me
1652 2268 1737 2315 po·-

358 2326 443 2371 tius
460 2324 607 2371 dicens
641 2323 861 2388 quidquid
898 2341 996 2370 eum
1039 2323 1188 2379 libuit,
1226 2324 1270 2369 in
1291 2340 1417 2369 causa
1438 2339 1537 2368 vero
1560 2323 1738 2368 omnino

358 2395 601 2455 deficiens}
630 2394 751 2458 quod
789 2412 888 2440 cum
917 2406 1062 2459 posset
1086 2394 1255 2440 collatis
1294 2393 1519 2457 utriusque
1543 2404 1738 2438 nostrum

359 2466 533 2530 scriptis
544 2465 751 2512 facillime
771 2465 950 2522 adverti,
967 2477 1110 2512 tamen
1127 2476 1307 2529 propter
1324 2463 1533 2510 tardiores
1549 2463 1635 2508 hoc
1650 2463 1740 2526 ipse

358 2537 664 2602 respondendo
705 2537 998 2584 demonstrare
1021 2537 1189 2591 curavi,
1221 2535 1281 2581 sic
1313 2546 1375 2581 est
1397 2533 1575 2580 additus
1597 2532 1736 2580 eidem

359 2620 506 2656 nostro
540 2609 660 2672 operi
685 2608 795 2655 liber
833 2609 992 2655 tertius.
1027 2608 1123 2654 Hoc
1158 2612 1284 2670 Opus
1304 2607 1346 2652 in
1382 2605 1525 2669 primo
1543 2604 1658 2651 libro
1679 2604 1740 2650 sic
