1769 3235
488 273 700 303 EPISTOLA
735 275 900 305 ccx-511.
1302 273 1391 326 927

22 346 131 396 siens
166 348 282 404 J'usta
320 340 541 386 damnatio
576 339 655 384 nisi
692 356 770 402 per
810 341 990 399 gratiam
1035 349 1313 389 renascantur
1348 344 1392 389 in

26 416 215 464 Christo.

88 497 133 534 2⁰
156 485 325 531 Scimus
348 481 530 542 gratiam
559 480 637 526 Dei
660 497 740 526 nec
760 482 955 544 parvulis
973 499 1055 528 nec
1074 485 1314 543 majoribus
1332 503 1392 531 se-

23 557 216 607 cundum
242 555 395 601 merita
418 563 564 598 nostra
591 551 699 598 dari.

0 638 3 662 ἰ
29 663 32 667 ψ
87 630 132 675 3⁰
156 627 327 672 Scimus
352 623 591 685 majoribus
616 622 670 668 ad
694 622 882 682 singulos
907 634 1028 670 actus
1052 624 1163 672 dari.

88 701 134 755 4⁰
158 698 328 743 Scimus
357 712 445 740 non
477 694 680 740 omnibus
708 693 965 739 hominibus
998 694 1121 751 dari,
1162 706 1205 742 et
1235 697 1397 760 quibus

24 771 169 823 datur,
196 785 284 813 non
316 766 454 812 solum
491 764 731 810 secundum
767 766 917 811 merita
952 782 1134 829 operum
1154 783 1244 812 non
1270 767 1364 813 dari
1385 806 1394 823 ‚

0 884 3 924 h
22 840 95 888 sed
112 856 192 885 nec
211 836 453 883 secundum
473 835 625 880 merita
646 835 882 881 voluntatis
895 853 1044 882 eorum
1062 837 1225 900 quibus
1242 837 1398 892 datur3

0 963 2 974 ζ
22 910 141 975 quod
165 908 346 955 maxime
370 916 553 970 apparet
579 905 623 950 in
645 905 855 968 parvulis.

0 979 3 1008 Ι
87 982 131 1028 5⁰
155 979 326 1026 Scimus
347 979 406 1023 eis
427 977 587 1040 quibus
610 976 758 1032 datur,
785 976 1082 1024 misericordia
1110 978 1185 1025 Dei
1211 979 1400 1039 gratuita

25 1051 131 1100 dari.

87 1123 132 1168 6⁰
160 1120 332 1166 Scimus
349 1118 407 1164 eis
427 1118 589 1181 quibus
612 1135 701 1162 non
726 1117 874 1174 datur,
893 1121 1012 1177 justo
1029 1118 1201 1179 J'udicio
1219 1119 1300 1165 Dei
1315 1136 1404 1165 non

24 1192 132 1240 dari.

0 1255 2 1276 ’
92 1269 134 1327 7⁰
151 1261 322 1308 Scimus
335 1257 457 1322 quod
471 1273 619 1303 omnes
637 1256 876 1301 astabimus
892 1266 991 1301 ante
1006 1257 1201 1306 tribunal
1216 1261 1401 1319 Christi,

25 1343 73 1381 ut
92 1332 202 1378 ferat
224 1329 520 1394 unusquisque
537 1326 699 1373 secund
708 1343 778 1371 um
800 1342 848 1371 ea
873 1343 972 1389 quae
986 1343 1065 1390 per
1080 1344 1242 1393 corpus
1259 1334 1401 1391 gessit,

25 1422 112 1453 non
142 1402 383 1450 secundum
408 1418 456 1447 ea
487 1416 587 1463 quae
616 1400 650 1444 si
677 1398 847 1444 diutius
870 1399 1032 1444 viveret
1065 1411 1260 1459 gesturus
1284 1402 1369 1450 fuit
1386 1442 1397 1461 ,

6 1477 111 1523 sive
135 1475 305 1520 bonum
331 1472 418 1517 sive
442 1470 622 1516 malum.

89 1547 134 1593 8ο
156 1546 329 1591 Scimus
353 1543 484 1588 etiam
509 1538 716 1604 parvulos
739 1537 978 1583 secundum
1003 1555 1051 1585 ea
1076 1556 1177 1603 quae
1200 1559 1280 1605 per
1301 1560 1405 1590 cor—-

25 1633 106 1683 pus
131 1625 372 1678 gesserunt,
398 1622 647 1676 recepturos
668 1609 734 1655 vel
758 1609 925 1655 bonum
946 1609 1013 1654 vel
1034 1610 1213 1660 malum.
1244 1615 1401 1660 Gesse-

23 1699 127 1735 runt
166 1699 309 1734 autem
345 1702 434 1731 non
474 1701 552 1747 per
579 1698 622 1728 se
655 1682 795 1744 ip508‚
830 1679 903 1725 sed
927 1697 1007 1742 per
1031 1696 1102 1726 eos
1128 1683 1290 1745 quibus
1320 1703 1400 1748 pro

24 1759 108 1806 illis
136 1756 501 1822 respondentibus
535 1764 578 1799 et
611 1751 859 1798 renuntiare
893 1749 1073 1796 diabolo
1103 1751 1330 1811 dicuntur,
1357 1767 1398 1802 et

27 1831 199 1877 credere
228 1831 274 1876 in
300 1829 466 1880 Deum3
498 1824 615 1871 unde
640 1834 682 1869 et
708 1823 753 1867 in
780 1838 960 1867 numero
992 1821 1186 1869 fidelium
1211 1840 1403 1889 compu-

26 1911 190 1955 tantur,
214 1899 476 1962 pertinentes
495 1895 548 1940 ad
571 1892 826 1939 sententiam
846 1891 1024 1936 Domini
1048 1891 1256 1950 dicentis,
1278 1896 1403 1952 «Qui

0 1963 49 2606 ι»
71 1970 302 2017 crediderit
327 1979 368 2014 et
405 1965 654 2028 baptizatus
674 1963 804 2008 fuerit
820 2000 830 2016 ,
858 1960 999 2007 salvus
1022 1962 1146 2009 erit1.
1173 1985 1192 2005 »
1213 1965 1402 2029 Propter

26 2042 143 2106 quod
163 2053 205 2086 et
222 2040 305 2085 illis
321 2076 332 2095 ‚
355 2038 430 2102 qui
455 2038 542 2081 hoc
566 2035 896 2079 Sacramentum
922 2049 1008 2076 non
1035 2033 1277 2096 accipiunt,
1299 2053 1401 2082 con-

26 2113 153 2172 tingit
177 2110 295 2174 quod
320 2108 530 2172 sequitur,
560 2126 580 2147 «
610 2104 697 2161 Qui
724 2114 868 2147 autem
895 2118 984 2146 non
1008 2103 1266 2161 crediderit,
1289 2123 1402 2152 con-

28 2204 49 2225 „
71 2181 365 2228 (lemmbjtur,
414 2200 434 2220 ›>
478 2175 600 2221 Unde
632 2185 673 2220 et
709 2173 827 2236 ipsi,
866 2172 978 2217 sicut
1014 2172 1132 2229 dixi,
1178 2175 1212 2220 si
1248 2175 1293 2221 in
1326 2176 1402 2223 illa

28 2267 162 2317 parva
199 2262 326 2297 aetate
361 2249 627 2302 moriuntur,
664 2245 817 2307 utique
852 2242 1093 2288 SGCUUdum
1118 2261 1165 2289 63
1195 2259 1296 2308 (1¹¹ae
1325 2265 1405 2310 Per

30 2339 188 2387 corpus
203 2331 441 2383 gesserunt,
461 2319 505 2365 id
525 2328 604 2374 est,
625 2327 820 2379 tempore
843 2331 932 2377 quo
947 2314 992 2359 in
1012 2332 1194 2378 corpore
1212 2316 1404 2377 fuerunt,

0 2413 1 2417 ¹
30 2393 204 2458 quando
235 2409 313 2456 per
350 2390 484 2437 corda
518 2399 558 2434 et
595 2405 670 2433 ora
720 2385 979 2445 gestantium
1027 2385 1310 2434 crediderunt
1338 2392 1407 2438 vel

30 2480 119 2511 non
155 2463 457 2518 crediderunt,
491 2457 669 2523 quando
704 2455 918 2518 baptizati
955 2454 1023 2500 vel
1067 2470 1157 2500 non
1199 2457 1412 2522 baptizati

31 2547 159 2593 sant,
187 2533 367 2600 quando
406 2548 583 2579 carnem
620 2527 788 2575 Christi
825 2524 1206 2573 manducaverunt
1234 2529 1301 2577 vel
1326 2545 1416 2580 non

79 2618 90 2641 ¹
107 2615 214 2651 Marc.
231 2620 300 2661 xvi,
324 2617 379 2648 16.

1203 2667 1272 2712 15.
