1769 3235
307 231 368 286 46
728 241 766 269 s.
806 237 1050 270 Auens‘rlm
1079 238 1285 271 EPISCOPJ

308 310 460 355 bemus
494 306 701 352 indociles
734 322 819 366 esse
850 305 1047 351 doctores
1077 323 1089 350 ε
1131 315 1172 350 et
1206 308 1320 349 Certe
1365 299 1515 350 melius
1545 296 1679 372 homo

310 378 542 438 corrigitur
564 393 723 440 parvus
745 392 874 440 quam
903 375 1120 436 frangitur
1148 374 1283 420 durus
1312 391 1322 418 ε
1352 372 1452 420 cuin
1489 372 1540 419 iis
1578 370 1678 438 qliae

311 448 586 512 scripsimus,
608 446 667 492 ita
691 456 836 492 nostra
859 446 926 492 vel
951 445 1134 491 aliorum
1158 448 1421 501 exerceatur,
1449 455 1490 489 et
1515 438 1680 490 erudia-

320 532 387 565 tur
409 518 638 564 infirmitas
657 554 667 573 ‚
692 527 740 562 ut
760 527 903 562 tamen
919 516 965 562 in
985 516 1044 562 eis
1064 515 1181 561 nulla
1205 514 1323 561 velut
1342 513 1549 560 canonica
1572 516 1682 559 con-

320 590 522 642 stituatur
548 587 794 634 auctoritas.

385 660 463 706 XI.
495 659 540 704 Si
563 658 678 704 enim
701 657 746 703 in
769 657 838 703 his
860 648 1005 703 verbis
1031 655 1228 720 Apostoli
1250 654 1395 700 nullus
1420 654 1525 700 alius
1550 647 1694 700 sensus

314 729 516 795 'potuerit
536 728 713 792 reperiri
733 763 742 780 ‚
765 739 807 773 et
828 728 914 773 hoc
931 744 1031 772 eum
1049 726 1231 786 intelligi
1249 725 1433 771 voluisse
1456 722 1660 769 claruerit
1680 733 1691 779 ,’

324 801 444 866 quod
469 799 672 846 videntur
708 799 843 844 verba
867 798 959 862 ipsa
985 798 1195 853 clamare3
1218 796 1263 842 id
1292 806 1378 852 est,
1405 793 1525 860 quod
1559 791 1699 839 futuri

325 874 410 919 siiit
437 873 481 917 in
507 872 590 916 fine
612 868 760 915 saeculi
785 879 826 914 et
854 868 897 914 in
923 868 1112 913 adventu
1137 867 1341 923 Domini,
1369 866 1546 929 quinon
1565 879 1700 927 expo-

326 943 486 990 lientur
518 958 724 1004 corpore,
759 939 830 985 sed
870 938 1242 1002 superinduantur
1267 934 1595 982 immortalitate
1615 971 1626 990 ‚
1657 934 1702 980 ut

330 1013 615 1060 absorbeatur
636 1009 817 1055 mortale
842 1026 865 1054 a
891 1010 982 1054 vita
1009 1025 1018 1052 :
1055 1007 1161 1053 huic
1186 1007 1407 1052 sentcntiae
1433 1004 1590 1070 procul
1615 1002 1702 1050 du÷

330 1085 405 1130 bio
425 1082 652 1128 conveniet
669 1079 788 1143 quod
809 1079 851 1125 in
872 1078 1015 1139 regula
1037 1077 1136 1123 fidei
1156 1079 1415 1123 confitemur
1432 1114 1443 1133 ‚
1473 1072 1704 1123 venturum

331 1153 598 1207 Dominum,
621 1151 923 1211 judicaturum
958 1150 1078 1195 vivos
1114 1158 1156 1194 et
1191 1154 1406 1205 mortuos;
1443 1146 1601 1194 utnon
1631 1145 1707 1192 hic
1759 1182 1761 1187 .

334 1223 625 1282 intelligamus
646 1221 765 1266 vivos
780 1224 936 1280 justOS,
959 1218 1151 1265 mortuos
1176 1230 1316 1264 autem
1335 1220 1534 1279 injustos,
1555 1233 1707 1281 quam-
1759 1207 1761 1214 Ι

336 1299 399 1342 vis
417 1292 649 1354 judicandi
673 1292 871 1352 sintjusti
896 1301 937 1336 et
958 1290 1104 1350 injusti
1123 1310 1134 1344 3
1157 1290 1229 1335 sed
1245 1291 1366 1336 vivos
1384 1307 1493 1354 quos
1511 1282 1708 1355 nondum

336 1366 489 1420 exisse,
523 1374 717 1408 mortuos
745 1373 888 1407 autem
921 1378 1030 1425 quos
1066 1364 1157 1420 jam
1197 1360 1323 1406 exisse
1356 1359 1410 1406 de
1449 1357 1710 1422 corporibus

340 1436 547 1482 adventus
573 1437 664 1493 ejus
689 1431 891 1478 inveniet.
923 1434 1034 1488 Quae
1065 1431 1097 1476 si
1128 1431 1186 1476 ita
1223 1448 1309 1477 esse
1333 1429 1574 1476 constiterit
1599 1441 1612 1486 ,’
1640 1427 1713 1474 illa

337 1507 470 1554 verba
497 1503 749 1550 excutienda
770 1513 896 1549 erunt
912 1539 921 1556 ,
953 1501 1177 1565 quomodo
1201 1501 1261 1547 sic
1288 1500 1580 1564 accipiemus,
1604 1520 1621 1540 α
1644 1497 1713 1545 Τυ.

341 1598 362 1620 >³
389 1574 509 1640 quod
531 1574 713 1619 seminas
743 1591 829 1619 non
858 1572 1107 1618 vivificatur
1132 1571 1214 1616 nisi
1238 1572 1358 1635 prius
1390 1568 1630 1616 moriatur1
1656 1607 1667 1626 ‚
1695 1591 1714 1611 »

342 1659 407 1703 et,
433 1670 451 1689 «
471 1648 632 1692 Omnes
656 1661 922 1705 resurgemus
941 1681 952 1700 ,
979 1643 1065 1688 sive
1085 1680 1094 1700 ,
1120 1659 1266 1688 omnes
1290 1642 1555 1688 dormieinus
1577 1641 1649 1695 2‚»
1670 1649 1717 1685 ut

345 1736 433 1764 non
459 1716 739 1761 adversentur
762 1715 868 1760 huic
892 1707 1136 1767 sententiae,
1163 1729 1248 1775 qua
1277 1713 1457 1776 quidam
1480 1708 1719 1757 creduntur

346 1789 477 1835 etiam
507 1803 606 1832 cum
631 1786 716 1831 suis
748 1785 1012 1849 corporibus
1041 1784 1085 1829 in
1110 1793 1344 1842 aeternum,
1373 1800 1460 1830 non
1497 1782 1719 1842 degustata

348 1866 486 1905 mone
504 1895 514 1913 ,
544 1857 714 1903 victuri.

412 1929 512 1973 xil.
546 1926 629 1972 Sed
662 1926 918 1971 utrumlibet
939 1927 1098 1974 horum
1125 1927 1317 1975 veracior
1360 1934 1401 1971 et
1426 1922 1722 1988 perspicacior

352 1998 595 2047 intellectus
616 1997 885 2053 inveniatur,
915 1997 1021 2059 quid
1047 1998 1100 2044 ad
1124 2016 1295 2045 causam
1318 1997 1504 2060 pertinet
1521 1994 1720 2050 istorum,

353 2071 441 2118 sive
464 2085 610 2114 omnes
631 2067 778 2113 debita
812 2078 950 2113 morte
981 2068 1251 2132 plectantur,
1293 2070 1379 2114 sive
1415 2066 1635 2130 aliquibus
1671 2064 1725 2110 ab
1754 2114 1758 2132 Ι

354 2142 439 2187 hac
458 2139 710 2186 conditione
727 2148 959 2201 parcatur3
978 2156 1077 2185 cum
1099 2151 1243 2186 tamen
1261 2148 1424 2185 constet
1439 2143 1620 2183 mortem
1638 2154 1727 2183 non
1754 2133 1759 2213 ἱ

355 2211 496 2258 solum
519 2209 692 2266 animae,
712 2209 992 2255 verumetiam
1009 2211 1205 2274 corporis
1219 2219 1464 2256 secuturam
1482 2225 1569 2255 non
1585 2207 1728 2266 fuisse,
1755 2235 1760 2278 ⁶>

356 2286 389 2332 si
410 2293 637 2349 peccatum
662 2299 751 2328 non
775 2282 1088 2346 praecessisset,
1112 2294 1154 2330 et
1176 2284 1329 2344 gratiae
1353 2280 1621 2329 mirabiliore
1639 2280 1727 2329 vir-

359 2367 449 2403 tute
460 2359 598 2416 justos
623 2372 646 2400 a
667 2364 805 2399 morte
822 2353 876 2399 ad
898 2364 1102 2400 aeternam
1124 2354 1441 2402 beatitudinem
1456 2354 1726 2410 reviviscere,
1754 2354 1758 2381 ¹

357 2443 489 2491 quam
514 2426 558 2472 in
591 2425 740 2471 mortis
771 2424 1076 2489 experientiam
1101 2443 1187 2472 non
1212 2427 1393 2474 venire?
1422 2424 1529 2472 Haec
1551 2420 1731 2491 propter
1754 2426 1758 2488 Ι

357 2497 452 2544 illos
468 2496 702 2561 dequibus
723 2495 831 2542 mihi
860 2496 1093 2561 scripsisti,
1121 2497 1220 2544 satis
1246 2496 1365 2545 dicta
1390 2497 1502 2556 sint}
1534 2491 1732 2561 qualmvis
1755 2498 1758 2557 ss

410 2581 419 2603 ¹
443 2592 455 2611 ι
473 2582 549 2614 Cor.
563 2590 616 2619 xv,
632 2580 685 2614 36.
707 2598 749 2606 —-
765 2578 780 2602 2
797 2578 877 2611 Ibid.
898 2580 954 2614 51.
