1769 3235
509 314 722 346 EPISTOLA
759 317 924 348 cxcvii.
1337 320 1390 368 9¹

0 375 181 446 ¹quibus
209 380 317 427 dicit
352 380 613 444 Apostolus:
655 403 676 424 α
695 382 780 428 Vos
802 400 903 443 ergo
938 383 1132 431 Abrahae
1169 401 1311 432 semen
1334 402 1402 432 es-

26 473 48 495 »ι
64 451 150 499 tis1
177 469 226 497 ε»
245 462 318 497 aut
344 451 518 498 Judaeos
554 451 598 496 in
637 452 912 508 abscondito,
954 454 1008 499 de
1045 455 1250 517 qualibus
1285 456 1400 502 idem

26 520 132 569 dicit
149 538 159 567 :
175 542 194 563 α
216 521 314 566 Non
330 521 442 567 enim
456 522 594 585 quiin
612 522 837 568 manifesto
856 523 1035 569 Judaeus
1051 535 1130 579 est,
1149 541 1286 587 neque
1300 543 1402 589 quae

25 613 46 636 n
61 592 106 638 in
130 591 407 637 manifestoin
428 608 557 637 carne
571 602 631 637 est
646 592 946 638 circumcisio:
971 593 1042 638 sed
1062 595 1138 656 qui
1159 595 1204 639 in
1220 595 1402 640 abscon·

24 683 48 705 ιι
68 661 160 709 dito
175 661 356 708 Judaeus
377 672 456 717 est,
483 672 525 708 et
547 663 821 708 circumcisio
837 663 997 717 cordis,
1018 681 1118 726 quae
1137 675 1198 709 est
1220 664 1397 727 spiritu,

26 746 151 778 »non
168 731 331 785 littera,
356 735 481 791 cujus
506 732 599 778 laus
622 750 708 778 non
747 750 799 778 ex
821 733 1095 789 hominibuS‚
1118 734 1191 779 sed
1224 751 1272 780 ex
1309 735 1401 780 Deo

26 822 48 844 υ
68 811 129 847 est
145 800 164 829 2
185 817 232 846 :n
252 810 328 846 aut
352 800 569 847 Israelitas
589 801 819 864 spiritales,
848 802 902 848 ad
937 819 1037 848 eum
1061 803 1229 848 scilicet
1261 804 1403 866 perti·

24 881 171 918 nentes
194 870 266 916 cui
296 870 454 917 minori
485 871 749 934 praedictum
776 883 838 918 est
854 873 1115 919 serviturum
1143 890 1230 918 esse
1256 877 1401 933 majo-

25 957 129 988 rem.
155 939 241 986 Sed
257 940 356 987 haec
375 941 589 987 vocabula
604 942 730 987 nobis
744 959 832 988 non
849 942 1100 989 indecenter
1115 943 1402 1006 imponimus,

26 1026 158 1074 eaque
181 1011 483 1074 mysteriorum
503 1011 788 1075 intelligentia
813 1014 1104 1068 continemuS‚
1126 1030 1215 1059 non
1240 1013 1402 1061 verbo-

26 1097 123 1127 rum
143 1080 366 1127 insolentia
388 1082 661 1129 ventilamus

27 1244 1083 1261 mmmmmsmmmmmwwmmmssswmxv*
1092 1247 1338 1260 2152sssssz
1349 1248 1401 1259 A*

440 1357 705 1400 EPISTOLA
738 1356 928 1399 CXCVII
949 1356 980 1399 ³.

216 1479 387 1519 Domino
404 1479 627 1519 beatissimo
646 1480 838 1518 Hflsrcnio
858 1481 912 1531 (7)
928 1509 937 1526 ,
956 1480 1217 1519 Aoonsmts.

34 1594 311 1652 Augustinus
342 1594 555 1654 Hesychia
583 1594 849 1637 Salom'tano
890 1594 1113 1650 episcopa,
1144 1593 1196 1634 de
1227 1592 1300 1634 die
1331 1607 1406 1635 su-

86 1677 237 1720 premo
265 1663 423 1704 mundi
455 1679 545 1705 non
574 1662 863 1719 inquirwndo,
893 1663 1024 1716 deque
1057 1659 1405 1703 Hebdomadibus

89 1730 302 1773 Danielis.

98 1866 133 1912 L
165 1867 232 1912 Ao
254 1866 527 1912 sanctitatem
553 1877 668 1912 tuam
695 1866 785 1912 filio
823 1877 898 1912 tuo
924 1864 1278 1927 compresbytero
1301 1879 1408 1909 nos-

0 1942 1 1946 ’
35 1946 102 1982 tro
120 1948 334 1982 remeante
358 1940 572 1993 Cornuto,
591 1955 669 2000 per
690 1954 817 2000 quem
833 1936 995 1981 litteras
1015 1944 1100 1979 tuae
1124 1932 1410 1980 venerationis

0 2016 2 2075 ᾗ
34 2007 199 2070 accepi,
230 2007 392 2071 quibus
425 2008 696 2067 exiguitatem
731 2023 868 2051 meam
902 2005 1074 2051 visitare.
1114 2004 1318 2062 dignatus
1344 2019 1405 2058 es,

33 2076 209 2123 tandem
231 2078 438 2140 rescripta
459 2078 678 2140 persolvo,
709 2087 750 2122 et
768 2076 967 2121 debitum
994 2073 1306 2119 resalutationis
1321 2071 1409 2117 ob-

34 2148 229 2210 sequium
247 2148 432 2193 multum
457 2165 526 2193 me
541 2145 851 2193 commendans
878 2144 1188 2207 acceptissimis
1218 2142 1408 2187 Domino

36 2218 239 2280 precibus
264 2218 364 2274 tuis,
394 2219 578 2264 Domine
604 2218 847 2263 beatissime
870 2216 1015 2262 frater.
1051 2216 1112 2259 De
1136 2210 1410 2277 propheticis

0 2287 3 2303 ³
37 2298 178 2336 autem
193 2288 320 2333 dictis
332 2289 419 2334 sive
431 2288 673 2351 praedictis,
700 2287 753 2333 de
776 2287 938 2351 quibus
950 2284 1142 2338 voluisti,
1171 2293 1219 2327 ut
1243 2279 1409 2345 aliquid

39 2358 287 2414 scriberem,
318 2359 472 2405 melius
492 2359 602 2404 mihi
622 2359 761 2405 visum
801 2369 862 2403 est
880 2355 1016 2402 sancti
1039 2352 1297 2415 Hieronymi
1323 2351 1411 2395 ho-

0 2442 4 2451 ·
40 2429 164 2474 minis
186 2429 424 2475 doctissimi
457 2429 744 2493 expositiones
767 2427 1017 2474 eorumdem
1062 2424 1294 2470 verborum
1334 2421 1414 2484 (ne

2 2505 3 2508 ¹
87 2528 97 2549 ¹
117 2528 222 2562 Galat.
253 2540 305 2564 111,
330 2540 383 2569 29.
408 2547 450 2552 —
475 2527 491 2550 2
513 2531 605 2560 Rom.
635 2539 673 2565 11,
706 2529 759 2558 23.
779 2544 825 2551 -—
851 2523 864 2548 3
881 2526 968 2557 Alias
990 2533 1124 2555 Lxx-411,
1143 2533 1212 2564 quae
1229 2526 1333 2552 autem
1354 2529 1414 2558 19¹7

2 2565 5 2611 l
43 2588 120 2626 erat,
144 2588 231 2615 nunc
260 2584 294 2615 in
324 2580 510 2626 Appendiee
540 2584 704 2617 Benedict.
732 2589 777 2614 est
812 2583 864 2616 16,
894 2599 936 2605 -
956 2580 1080 2622 Scripta
1099 2576 1227 2609 videtur
1246 2574 1305 2608 sub
1324 2574 1418 2606 finem

2 2642 4 2647 ’
43 2650 91 2671 an.
116 2642 179 2676 418
202 2644 255 2671 aut
275 2638 344 2670 init.
370 2646 447 2678 419.
