1769 3235
351 246 443 292 316
757 259 792 287 5.
836 257 1080 289 Aucusnm
1115 258 1315 289 eviscovi

417 325 476 371 11.
519 323 749 369 Auditores
784 334 925 369 autem
964 325 1038 388 qui
1080 325 1359 388 appellantur
1391 325 1508 387 apud
1553 345 1651 384 eos,
1690 324 1763 381 et}

350 395 555 440 carnibus
574 405 833 450 vescuntur,
855 404 897 440 et
915 412 1036 455 agros
1057 396 1208 441 colunt
1231 432 1241 449 ‚
1269 407 1312 441 et
1331 395 1366 440 si
1389 396 1606 443 voluerint
1629 415 1731 444 uxo-
1759 383 1763 434 i

351 481 415 510 res
445 464 640 520 habent,
677 481 865 528 quorum
893 465 1007 510 nihil
1037 465 1204 511 faciunt
1235 465 1312 528 qui
1338 476 1552 511 vocantur
1574 467 1725 514 Electi.
1760 471 1763 514 :

352 533 470 579 Sed
460 534 541 597 ipsi
560 534 796 592 auditoies‚
824 545 920 580 ante
945 534 1114 580 Eiectos
1136 551 1273 594 genui
1301 537 1357 594 fig
1346 546 1462 586 unt,
1493 546 1541 581 ut
1559 537 1617 582 eis
1637 554 1732 582 ma-
1761 539 1764 570 ἓ

351 621 432 650 nus
454 605 730 668 supplicibus
754 607 1040 668 imponantur
1071 623 1157 650 non
1193 623 1214 649 a
1240 572 1354 650 solisD
1374 606 1533 669 piesbx
1538 617 1637 652 teris
1664 606 1732 652 vel
1760 608 1769 656 ’ξ’

349 675 566 753 episcopis
589 686 661 720 aut
681 675 941 721 diaconibus
963 692 1146 722 comm
1174 673 1247 718 sed
1264 692 1285 718 a
1308 675 1581 737 quibuslibet
1604 676 1734 722 Elec·

351 746 417 792 tis
443 745 584 791 Solem
616 746 746 791 etiam
772 756 813 791 et
840 746 987 791 lunam
1012 762 1110 790 cum
1139 745 1197 789 eis
1224 744 1407 790 adorant
1427 758 1470 791 et
1487 763 1547 792 or
1551 757 1625 793 1nt
1656 747 1734 792 Die
1762 753 1769 780 ἱ

351 833 525 880 quoque
544 816 776 861 Dominico
797 833 897 861 cum
923 815 1221 874 illisjejunant
1241 852 1250 869 ‚
1273 826 1313 860 et
1332 832 1497 871 omnes,
1523 816 1733 880 plasphe-
1763 821 1765 852 ἓ

350 887 457 932 mias
473 903 573 932 cum
596 886 680 932 illis
703 886 801 932 cred
812 896 906 940 unt,
925 885 1086 948 quibus
1102 885 1450 932 Manichaeorum
1471 887 1642 933 haeresis
1661 888 1734 933 de-

354 956 549 1002 testanda
585 968 673 1011 est,
711 966 911 1016 negantes
939 955 1104 1000 scilicet
1140 955 1365 1001 Christum
1402 967 1552 1002 natum
1574 974 1660 1003 esse
1681 957 1735 1003 de

352 1028 516 1087 virgine
536 1063 546 1082 ,
584 1044 662 1073 nec
687 1030 776 1086 ejus
805 1043 979 1072 carnem
1013 1043 1158 1072 veram
1181 1027 1437 1073 confitentes
1466 1027 1595 1074 fuisse
1615 1066 1624 1084 ‚
1661 1028 1735 1074 sed
1762 1033 1766 1060 ¹

352 1097 500 1142 falsam
521 1115 531 1141 :
563 1114 611 1143 ac
634 1114 712 1160 per
729 1097 815 1142 hoc
839 1108 879 1143 et
902 1096 1053 1142 falsam
1082 1100 1173 1156 ejus
1197 1098 1437 1159 passionem
1457 1135 1467 1153 ‚
1495 1109 1533 1143 et
1567 1098 1734 1144 nullam
1764 1106 1767 1147 ’.

357 1168 717 1213 resurrectionem
743 1167 872 1213 fuisse
907 1166 1195 1212 contendunt.
1222 1168 1501 1214 Patriarchas
1529 1168 1735 1232 Prophe-

354 1249 502 1301 tasque
535 1238 859 1301 blasphemant.
897 1239 1054 1297 Legem
1094 1254 1169 1300 per
1202 1236 1414 1282 famulum
1453 1238 1530 1282 Dei
1556 1239 1736 1301 Moysen

354 1306 500 1353 datam
523 1345 531 1363 ‚
564 1325 650 1353 non
672 1326 694 1353 a
721 1325 821 1354 vero
846 1309 937 1353 Deo
955 1307 1134 1362 dicunt,
1159 1306 1231 1352 sed
1253 1325 1273 1352 a
1294 1308 1496 1371 principe
1528 1309 1735 1354 tenebra-
1764 1300 1768 1339 ’-

355 1394 468 1424 rum.
497 1379 673 1424 Animas
698 1396 785 1424 non
818 1378 956 1424 solum
979 1378 1211 1423 hominum
1239 1377 1312 1423 sed
1337 1378 1465 1423 etiam
1492 1395 1700 1442 pecorum
1722 1415 1733 1433 ‚
1764 1411 1768 1427 .

356 1448 408 1493 de
437 1449 516 1493 Dei
535 1466 621 1493 esse
644 1448 912 1504 substantia,
938 1458 979 1494 et
1009 1447 1188 1492 omnino
1211 1458 1356 1511 partes
1385 1448 1464 1493 Dei
1496 1465 1583 1494 esse
1615 1448 1738 1494 arbi-
1765 1463 1768 1505 j

356 1529 539 1566 trantur.
573 1522 714 1564 Deum
735 1519 923 1582 denique
945 1519 1110 1563 bonum
1129 1529 1170 1562 et
1195 1535 1344 1563 verum
1371 1517 1526 1564 dicunt
1545 1535 1648 1564 cum
1676 1529 1736 1564 te·
1764 1519 1768 1567 i

356 1588 592 1634 nebrarum
621 1600 746 1649 gente
767 1605 1004 1651 pugnasse,
1037 1598 1079 1634 et
1111 1599 1277 1652 partem
1309 1606 1431 1634 suam
1462 1589 1737 1635 tenebrarum
1764 1606 1768 1654 q

357 1659 634 1722 principibus
659 1660 877 1705 miscuisse
899 1697 909 1709 ,
943 1676 1125 1722 eamque
1148 1669 1237 1703 toto
1267 1659 1432 1704 mundo
1463 1659 1739 1722 inquinatam
1765 1665 1768 1718 i

355 1740 397 1775 et
418 1729 592 1789 ligatam
621 1748 700 1794 per
730 1731 853 1777 cibos
886 1730 1136 1776 Electorum
1170 1747 1348 1776 suorum
1370 1768 1379 1785 ‚
1414 1748 1464 1776 ac
1498 1747 1576 1793 per
1606 1730 1737 1776 solem
1765 1732 1769 1772 ὲ

355 1811 397 1845 et
420 1800 571 1846 lunam
595 1802 775 1864 purgari
800 1812 1042 1847 asseverant
1077 1819 1087 1845 :
1125 1812 1165 1846 et
1201 1801 1319 1864 quod
1359 1800 1538 1864 purgari
1568 1800 1621 1846 de
1645 1801 1739 1864 ipsa
1765 1817 1769 1862 ς

358 1881 479 1932 parte
501 1871 580 1916 Dei
600 1889 686 1916 non
712 1872 933 1935 potuerit,
960 1871 1004 1916 in
1028 1872 1113 1916 fine
1135 1871 1282 1916 saeculi
1306 1882 1472 1917 aeterno
1492 1887 1543 1915 ac
1574 1869 1741 1934 poenali
1765 1866 1769 1917 l

354 1939 530 1985 vinculo
556 1940 780 2001 colligari,
810 1951 857 1985 ut
882 1957 966 1985 non
996 1940 1135 1986 solum
1158 1939 1374 1986 violabilis
1397 1951 1437 1985 et
1464 1939 1769 2017 corruptibi-
1766 1943 1769 1958 ¹

356 2009 408 2055 lis
444 2020 485 2055 et
514 2011 866 2056 contaminabilis
892 2010 1096 2056 credatur
1127 2013 1274 2066 Deus,
1309 2014 1435 2070 cujus
1466 2027 1568 2074 pars
1595 2003 1769 2074 potuit}

357 2079 412 2124 ad
436 2079 547 2125 mala
564 2090 681 2126 tanta
698 2081 899 2144 perduci,
918 2080 990 2126 sed
1011 2098 1098 2127 non
1124 2081 1258 2144 possit
1275 2081 1427 2127 saltem
1449 2091 1563 2127 totus
1583 2084 1769 2128 atantai

359 2151 714 2214 coinquinatione
731 2151 1064 2197 etimmunditia
1084 2163 1126 2197 et
1146 2152 1330 2207 miseria,
1351 2170 1376 2197 x
1379 2152 1441 2197 el
1430 2169 1475 2197 m
1494 2153 1580 2197 fine
1592 2141 1769 2206 saecuhi

361 2223 553 2285 purgari.

431 2293 512 2340 III.
556 2294 645 2340 Has
671 2311 771 2339 cum
804 2293 889 2340 illis
931 2293 1226 2340 intolerabiles
1263 2293 1357 2339 blas
1342 2293 1589 2357 5Ρ11εςιῃί35,
1641 2294 1769 2340 sub-³

359 2361 570 2408 diaconus
592 2364 670 2409 iste
692 2364 817 2427 quasi
837 2363 1115 2420 catholicus,
1138 2381 1225 2409 non
1255 2364 1393 2410 solum
1418 2364 1624 2410 credebat
1668 2360 1769 2412 sed

361 2433 522 2496 quibus
545 2434 712 2480 viribus
730 2445 933 2498 poterat,
965 2434 1190 2481 edocebat.
1225 2435 1336 2480 Nam
1361 2435 1521 2481 docens
1541 2434 1741 2499 patefac·
1767 2441 1769 2475 i

361 2513 430 2549 tus
453 2515 515 2549 est
547 2521 649 2550 cum
684 2522 725 2552 se
755 2506 877 2569 quasi
916 2505 1183 2552 discentibus
1220 2505 1420 2552 credidit.
1463 2505 1651 2567 Rogavit
1674 2519 1769 2551 me!

358 2573 535 2636 quidem
570 2585 850 2640 posteaquam
887 2593 928 2622 se
975 2575 1322 2622 Manichaeorum
1367 2575 1620 2623 Auditorem
1654 2591 1769 2638 esse}
