1769 3235
526 305 739 337 EPISTOLA
775 309 891 339 ccxi.
1303 312 1381 359 ¹9¹

15 379 232 434 dimittere
250 373 403 429 sorori,
427 389 515 417 non
541 383 681 435 speret
711 373 906 435 accipere
932 376 1137 422 orationis
1163 378 1390 423 effectum:

18 467 119 516 quae
153 459 295 495 autem
332 459 560 506 nunquam
600 443 692 488 vult
727 453 871 506 petere
901 446 1087 500 veniam,
1119 458 1192 493 aut
1230 466 1317 494 non
1345 466 1393 494 ex

18 519 294 583 animopetit,
309 517 398 562 sine
420 525 620 560 causaest
636 515 679 559 in
696 514 970 571 monasterio,
989 518 1115 561 ctiam
1140 519 1169 562 si
1193 520 1392 564 noninde

19 591 289 659 projiciatur.
321 584 510 631 Proinde
531 584 656 630 vobis
697 603 720 630 a
757 586 899 631 verbis
919 586 1172 633 durioribus
1199 590 1393 651 parcite3

21 679 118 727 quae
141 659 335 707 siemissa
359 656 521 701 fuerint
541 672 587 700 ex
603 672 675 700 ore
706 666 864 711 vestro,
882 673 968 701 non
989 658 1297 722 pigeatcxipso
1314 677 1395 705 ore

21 730 212 799 proferre
227 727 562 780 medicamenta,
586 741 631 769 ex
651 742 738 787 quo
752 725 865 770 facta
882 737 982 771 sunt
997 727 1187 773 vulnera.
1206 730 1396 786 Quando

19 814 163 852 autem
182 799 408 847 necessitas
426 796 673 859 disciplinae
712 797 955 843 minoribus
977 800 1228 845 coercendis
1253 801 1396 847 dicere

19 891 94 922 vos
137 871 271 918 verba
292 869 403 914 dura
442 866 687 929 compellit,
715 867 749 912 si
774 868 901 914 etiam
924 869 966 913 in
991 868 1094 931 ipsis
1127 869 1307 915 modum
1329 888 1403 917 vos

21 942 236 992 excessisse
266 938 447 993 sentitis,
475 954 565 983 non
590 954 613 982 a
633 937 755 983 vobis
779 938 960 997 exigitur
987 950 1034 984 ut
1063 940 1119 985 ab
1145 940 1202 985 cis
1226 941 1397 988 veniam

22 1012 263 1081 postuletis,
285 1027 338 1055 ne
364 1008 483 1073 apud
502 1025 588 1064 eaS,
608 1024 715 1070 quas
739 1019 909 1072 oportet
928 1027 1013 1055 esse
1032 1011 1267 1070 subjectas,
1292 1011 1400 1057 dum

0 1077 3 1158 ᾧ
24 1075 157 1133 nimia
179 1091 373 1128 servatur
395 1078 638 1134 humilitas,
669 1078 843 1138 regendi
879 1079 1103 1139 frangatur
1131 1081 1364 1128 auctoritas
1387 1099 1399 1126 :

0 1160 1 1194 ἶ
26 1153 98 1202 sed
120 1163 266 1200 tamen
302 1149 490 1213 petenda
513 1159 577 1193 est
613 1149 740 1194 venia
765 1150 820 1194 ab
865 1151 1062 1196 omnium
1102 1152 1308 1209 Domino,
1328 1151 1406 1215 qui

0 1276 2 1291 ,
27 1223 147 1290 novit
168 1222 297 1268 etiam
315 1237 400 1276 eas,
422 1235 530 1283 quas
549 1217 649 1281 plus
682 1221 803 1277 justo
835 1218 947 1264 forte
972 1221 1207 1283 corripitis,
1239 1232 1403 1285 quanta

29 1290 327 1341 benevolentia
350 1289 552 1350 diligatis.
580 1289 679 1334 Non
699 1299 841 1335 autem
868 1290 1071 1345 carnalis,
1095 1291 1170 1336 sed
1206 1291 1411 1354 spiritalis

31 1364 142 1411 inter
164 1379 241 1409 vos
258 1361 389 1407 debet
420 1376 505 1405 esse
538 1358 745 1404 dilectio:
774 1377 873 1405 nam
903 1377 1004 1424 quae
1025 1361 1191 1406 faciunt
1230 1361 1412 1425 pudoris

33 1434 320 1489 immemores,
342 1432 470 1477 etiam
493 1429 686 1476 foeminis
710 1429 923 1486 foeminae,
948 1431 1140 1490 jocando
1168 1433 1354 1495 turpiter
1373 1441 1416 1477 et

35 1500 226 1551 ludendo
241 1519 329 1548 non
348 1501 490 1547 solum
516 1517 538 1545 e
555 1499 698 1546 viduis
729 1511 771 1546 et
795 1501 967 1546 intactis
990 1501 1156 1547 ancillis
1175 1502 1340 1548 Christi
1363 1502 1410 1547 in

0 1599 1 1622 ;
39 1585 186 1622 sancto
205 1572 431 1637 proposito
448 1571 714 1627 constitutis,
733 1571 806 1617 sed
820 1573 998 1617 omnino
1017 1589 1096 1617 nec
1121 1591 1144 1618 a
1158 1573 1414 1619 mulieribus

41 1645 206 1710 nuptiS‚
229 1661 308 1690 nec
330 1661 352 1689 a
376 1642 620 1703 virginibus
634 1652 734 1687 sunt
747 1641 946 1688 facienda
967 1643 1188 1705 nupturis.

106 1716 199 1763 XV.
249 1715 503 1778 Praepositae
546 1723 754 1776 tanquam
792 1714 921 1759 matri
961 1714 1208 1771 obediatur,
1255 1715 1421 1760 honore

0 1806 5 1835 t
45 1797 235 1843 servato,
267 1802 320 1831 ne
340 1786 386 1831 in
408 1784 482 1830 illa
516 1783 761 1829 offendatur
785 1785 899 1830 Deus
925 1802 934 1829 :
960 1784 1099 1829 multo
1134 1785 1267 1844 magis
1295 1802 1422 1849 pres-

0 1882 4 1898 ι
47 1858 216 1921 bytero,
239 1856 315 1920 qui
330 1855 526 1901 omnium
543 1864 736 1900 vestrum
754 1871 905 1900 curam
923 1855 1043 1914 gerit.
1073 1855 1129 1899 [t
1150 1873 1249 1915 ergo
1266 1866 1424 1901 cuncta

0 1945 3 1956 ¹
49 1928 127 1974 ista
145 1938 385 1982 serventur,
413 1936 453 1971 et
477 1924 637 1988 siquid
661 1935 875 1970 servatum
896 1942 983 1969 nou
1001 1924 1129 1970 fuerit
1149 1962 1158 1973 .
1187 1943 1274 1970 non
1294 1926 1428 1986 negli-

0 1984 18 2095 ρι’
53 2009 195 2059 genter
230 2008 541 2062 praetereatur3
578 1996 650 2041 sed
683 1996 1001 2041 emendandum
1037 1996 1432 2060 corrigendumque

0 2068 2 2130 fi
55 2080 244 2126 curetur,
275 2068 330 2115 ad
363 2066 649 2131 Praepositam
691 2066 917 2129 praecipue
952 2067 1166 2129 pertinet,
1205 2067 1265 2112 ita
1299 2078 1347 2112 ut
1380 2068 1434 2114 ad

0 2156 6 2174 ·
56 2140 356 2203 presbyterum
376 2176 387 2195 ‚
424 2138 500 2201 qui
527 2136 652 2182 vobis
683 2135 894 2191 intendit,
929 2136 1083 2181 referat
1111 2136 1231 2198 quod
1253 2136 1434 2183 modum

0 2233 5 2251 ε
59 2211 126 2258 vel
146 2212 257 2256 vires
276 2213 368 2270 ejus
389 2207 568 2255 excedit.
596 2209 696 2271 Ipsa
727 2224 830 2253 vero
862 2224 952 2253 non
978 2224 1019 2252 se
1050 2207 1261 2252 existimet
1285 2219 1435 2271 potes—

2 2299 8 2326 ε
61 2291 147 2327 tate
170 2280 422 2326 dominante
440 2316 451 2337 ‚
479 2278 551 2325 sed
575 2277 788 2323 charitate
808 2279 1017 2324 serviente
1045 2276 1227 2324 felicem.
1261 2278 1438 2325 Honore

18 2328 25 2466 ἱ
65 2368 208 2398 coram
240 2351 496 2397 hominibus
527 2348 712 2413 praelata
734 2349 788 2394 sit
812 2348 961 2403 vobis,
998 2348 1150 2392 timore
1175 2364 1320 2393 coram
1345 2352 1440 2395 Deo

22 2470 24 2483 ζ
67 2423 280 2469 substrata
301 2423 356 2467 sit
382 2421 572 2485 pedibus
596 2420 760 2466 vestris.
794 2419 923 2465 Circa
945 2436 1091 2463 omnes
1121 2436 1162 2463 se
1192 2419 1332 2483 ipsam
1356 2420 1443 2465 bo-

22 2486 27 2555 i
69 2511 221 2540 norum
242 2509 425 2556 operum
450 2492 648 2556 praebeat
672 2490 931 2553 exemplum.
959 2490 1182 2552 Corripiat
1204 2491 1441 2553 inquietas,

23 2557 27 2582 Ι

24 2583 29 2659 l

25 2671 29 2718 l

28 2768 32 2838 l

29 2848 32 2882 Ι

3 2375 7 2394 l

8 2442 9 2449 i

5 2458 10 2468 ι

0 2591 10 2611 .·
70 2563 313 2615 consoletur
347 2563 664 2628 pusillanimes,
702 2561 910 2624 suscipiat
949 2561 1171 2618 infirmas,
1200 2561 1368 2624 patiens
1388 2562 1445 2608 sit

27 2662 29 2668 ·
75 2633 130 2681 ad
146 2651 315 2694 omnes,
338 2633 617 2698 disciplinam
640 2632 782 2680 libens
802 2631 965 2679 habeat
980 2667 992 2687 ,
1016 2641 1211 2679 metuens
1230 2631 1445 2695 imponat.
