1769 3235
338 281 433 329 530
745 298 780 329 S.
823 297 1068 329 AUGUSTINI
1102 297 1307 329 EPISCOPI

332 361 461 425 Opus
490 371 672 424 excepta
708 361 904 425 Epistola
939 379 1040 426 quae
1070 363 1350 426 postmodum
1379 363 1433 410 ad
1456 366 1548 425 ejus
1576 371 1713 428 caput

335 431 541 493 adiuncta
561 442 623 477 est
640 468 653 489 ,
673 432 736 479 sic
759 433 918 498 incipit
940 451 950 479 :
973 438 1200 481 Lecturus
1218 435 1321 481 [ηδε
1344 453 1452 499 quae
1471 437 1529 481 cle
1556 438 1711 482 l're’m'-

335 514 428 549 tate
446 503 732 551 disserimus.

336 674 395 686 m
403 671 899 686 mmsssmmmmm
913 673 1710 688 mmmmwmmmmmmmmm

862 790 1038 833 CAPLTT
1069 791 1185 834 XVI.

466 909 532 951 De
564 908 788 952 Consensa
811 909 1229 967 Evangelc'starum,
1260 911 1367 954 libri
1389 923 1590 969 quatuor.

398 1048 491 1093 PER
515 1044 689 1092 eosdem
715 1063 849 1092 annos
877 1046 1042 1110 quibus
1070 1047 1289 1111 paulatim
1313 1049 1453 1096 libros
1476 1050 1541 1096 De
1565 1050 1716 1098 Trini-

331 1128 418 1165 tate
438 1116 663 1163 dictabam
679 1153 690 1172 ‚
724 1117 878 1180 scripsi
899 1127 942 1162 et
966 1117 1072 1164 alios
1096 1118 1246 1164 labore
1265 1120 1499 1177 continuo,
1523 1120 1716 1184 interpo-

331 1206 436 1236 nens
455 1204 526 1233 eos
547 1186 724 1232 illorum
749 1187 1024 1250 temporibus
1042 1225 1055 1243 ‚
1084 1189 1129 1234 in
1153 1189 1316 1252 quibus
1340 1201 1441 1236 sunt
1470 1190 1573 1256 libri
1601 1208 1715 1255 qua-

337 1271 437 1305 tuor
468 1259 528 1304 de
564 1260 802 1304 consensa
844 1260 1285 1320 Evangelc'starum,
1319 1272 1500 1325 propter
1534 1279 1604 1308 eos
1641 1262 1718 1325 qui

335 1342 543 1394 tanquam
566 1328 920 1374 dissentientibus
950 1329 1292 1376 calumniantur.
1322 1334 1522 1389 Quorum
1550 1334 1720 1396 primus

335 1402 446 1447 liber
470 1399 676 1446 adversus
695 1399 792 1444 illos
816 1399 1091 1462 conscriptus
1108 1410 1169 1445 est
1186 1437 1196 1452 ,
1214 1402 1289 1464 qui
1308 1411 1513 1465 tanquam
1537 1403 1719 1449 maxime

335 1471 575 1535 sapientem
609 1470 835 1515 Christum
865 1469 931 1514 vel
968 1470 1190 1515 honorant
1214 1471 1281 1516 vel
1306 1471 1524 1519 honorare
1561 1490 1603 1518 se
1631 1473 1718 1519 fin-

337 1553 468 1604 gunt3
508 1552 550 1587 et
580 1540 679 1586 ideo
714 1540 869 1586 nolunt
904 1540 1140 1599 Evangelio
1177 1541 1351 1587 credere
1372 1579 1382 1598 ‚
1415 1543 1518 1606 quia
1542 1560 1632 1590 non
1664 1543 1720 1589 ab

337 1616 434 1678 ipso
469 1612 543 1658 illa
568 1611 818 1675 conscripta
843 1621 972 1667 sunt,
1007 1610 1080 1656 sed
1105 1611 1160 1656 ab
1193 1615 1284 1672 ejus
1315 1612 1543 1677 discipulis
1564 1650 1575 1672 ‚
1611 1630 1721 1678 quos

341 1683 584 1730 existimant
610 1683 649 1727 ei
673 1682 949 1727 divinitatem
968 1718 979 1737 ‚
1016 1697 1103 1744 qua
1128 1683 1378 1728 crederetur
1411 1685 1552 1741 Deus,
1580 1700 1723 1730 errore

343 1755 562 1801 tribuisse.
606 1754 657 1798 In
687 1769 774 1816 quo
810 1751 924 1798 libro
945 1751 1066 1816 quod
1095 1751 1212 1810 diii,
1246 1758 1324 1799 Ex
1351 1755 1604 1801 Abraham
1634 1772 1722 1801 εοε-

334 1832 469 1891 pisse
485 1836 670 1889 gentem
698 1823 1014 1869 Hebta’orzmz
1033 1860 1045 1879 ‚
1074 1834 1136 1868 est
1174 1824 1353 1887 quidem
1389 1836 1431 1871 et
1454 1826 1540 1872 hoc
1576 1825 1723 1874 credi-

346 1898 464 1953 bile,
503 1907 550 1941 ut
572 1895 784 1952 Hebroei,
819 1895 938 1940 velut
974 1895 1167 1941 Abraoei
1192 1895 1301 1942 dicti
1333 1914 1420 1943 esse
1456 1897 1719 1944 videantur:

348 1968 422 2015 sed
440 1985 487 2013 ex
508 1967 585 2013 illo
615 1966 756 2013 verius
783 1965 1087 2026 intelliguntur
1116 1966 1354 2029 appellati,
1383 1968 1457 2031 qui
1484 1969 1725 2015 vocabatur

296 2078 299 2081 ,
351 2039 524 2094 Heber‚
562 2047 767 2101 tanquam
797 2036 998 2082 Heberaei
1022 2037 1141 2099 (29),
1168 2036 1221 2082 de
1241 2054 1328 2100 qua
1348 2055 1393 2083 re
1421 2039 1464 2084 in
1492 2039 1607 2084 libro
1632 2056 1724 2086 sex-

351 2110 595 2156 to-decimo
617 2110 677 2153 cle
697 2111 898 2154 civita-ite
918 2111 1012 2153 Dei
1030 2109 1129 2152 satis
1140 2107 1332 2154 disserui.
1348 2109 1396 2154 ln
1412 2108 1604 2155 seeundo
1617 2126 1721 2157 cum

351 2197 518 2241 agerem
541 2179 595 2225 de
612 2178 786 2224 duobus
809 2177 1011 2242 patribus
1037 2178 1200 2241 Joseph
1224 2215 1235 2233 ‚
1262 2178 1323 2223 ab
1344 2179 1495 2225 altero
1520 2178 1606 2224 dixi
1638 2196 1726 2242 ge-

351 2255 522 2307 nitum,
550 2249 610 2295 ab
633 2250 781 2294 allero
807 2249 1106 2312 adoptatum.
1138 2247 1222 2293 Sed
1253 2247 1489 2295 dicendum
1513 2248 1598 2295 fuit
1616 2286 1626 2303 ‚
1661 2249 1729 2295 al-
1768 2311 1769 2314 Ἴ

348 2323 428 2368 teri
451 2322 725 2385 adoptatum.
760 2321 977 2366 Defuncto
1001 2319 1134 2374 enim,
1161 2319 1280 2383 quod
1305 2322 1440 2380 magis
1459 2319 1728 2366 credendum

349 2405 436 2450 est,
475 2394 715 2439 secundum
747 2393 902 2452 Legem
940 2390 1079 2437 fuerat
1115 2390 1377 2454 adoptatu53
1410 2392 1617 2455 quoniam
1651 2391 1728 2454 qui
1768 2400 1769 2435 ξ

348 2482 448 2511 eum
482 2464 654 2525 genuit,
701 2467 792 2524 ejus
837 2474 1046 2519 matrem,
1082 2461 1229 2508 fratris
1265 2462 1461 2509 defuncti
1494 2466 1724 2522 conjugem

347 2536 540 2583 duxerat.
558 2536 665 2581 Item
683 2535 760 2580 ubi
780 2535 886 2589 dixi,
908 2536 1058 2580 Lucas
1085 2552 1185 2580 vero
1200 2535 1269 2579 acl
1286 2536 1440 2597 {lisam
1471 2534 1727 2596 Davi-‘Aper
1768 2538 1769 2545 ’

345 2608 546 2655 Nathan
555 2605 781 2662 ascendit,
789 2622 1021 2669 perquem
1037 2606 1330 2668 Proplzecam
1346 2609 1476 2650 Deus
1484 2615 1726 2667 peccatum
1767 2606 1769 2655 ζ
