1769 3235
354 277 441 333 144
749 288 782 316 s.
826 285 1071 316 Aususrlm
1107 285 1308 316 EP1sCOP1

349 355 588 401 ministret:
634 350 777 396 sciatis
814 367 879 395 me
903 349 1017 412 ipsos
1048 349 1182 394 libros
1205 350 1251 395 in
1278 349 1495 395 schedulis
1524 349 1671 396 missos
1688 370 1712 398 a

346 435 495 470 sancto
528 423 661 469 fratre
699 419 888 465 Eusebio
923 420 1176 482 presbytero
1203 421 1460 482 suscepisse,
1493 437 1581 466 non
1616 431 1712 466 ante
1756 428 1760 466 ἰ»

347 494 532 540 multum
553 491 779 555 temporis3
798 501 838 535 et
862 489 1011 535 exinde
1029 490 1095 536 vel
1118 490 1421 550 ingruentibus
1444 491 1627 546 morbis,
1647 489 1713 536 vel
1755 487 1759 526 ἶ

345 564 606 610 dormitione
630 560 1117 607 sanctaeetvenerabilis
1149 560 1251 606 filiae
1267 572 1420 606 vestrae
1457 560 1709 618 Eustochii,
1756 580 1758 596 r

346 636 406 680 ita
423 634 626 689 doluisse,
653 643 700 678 ut
720 630 1041 695 propemodum
1064 631 1402 676 contemnendos
1421 642 1638 695 putarem.
1662 633 1714 678 In

348 704 499 750 eodem
519 705 633 749 enim
652 703 745 749 luto
777 702 966 756 haesitat,
991 712 1032 746 et
1054 703 1240 764 exceptis
1259 702 1402 747 verbis
1425 702 1621 756 tinnulis,
1644 713 1710 748 at·-

347 792 431 839 que
450 773 753 829 emendicatis,
789 772 901 817 nihil
926 771 1042 817 aliud
1074 771 1282 834 loquitur.
1327 773 1490 817 Tamen
1525 772 1713 818 multum
1755 802 1758 826 7

345 845 507 905 egimus
525 864 536 897 ς
556 855 601 888 ut
620 843 725 888 dum
742 842 936 905 epistolae
957 858 1062 886 meae
1079 841 1336 904 respondere
1356 854 1556 897 conatur,
1583 861 1714 906 aper-
1755 863 1757 899 ς

344 915 430 961 tius
449 932 490 960 se
508 913 726 978 proderet,
743 911 1089 975 etblasphcmias
1111 928 1206 956 suas
1224 914 1427 958 omnibus
1442 914 1712 976 patefaceret.
1755 929 1758 963 ζ

349 985 578 1049 Quidquid
603 984 786 1030 enimin
823 982 898 1028 illa
936 982 1171 1027 miserabili
1211 982 1377 1045 synodo
1412 984 1714 1047 Diospolitana

347 1056 499 1102 dixisse
526 1073 568 1101 se
594 1055 792 1114 denegat,
818 1054 862 1098 in
889 1053 976 1098 hoc
1018 1069 1148 1115 opere
1173 1053 1421 1116 prefitetur,
1448 1071 1527 1100 nec
1555 1055 1716 1115 grande
1754 1085 1757 1097 .

345 1138 408 1173 est
430 1126 706 1189 ineptissimis
722 1125 874 1170 naeniis
897 1124 1170 1187 respondere.
1200 1125 1245 1170 Si
1263 1137 1404 1171 autem
1426 1125 1640 1172 Dominus
1656 1126 1717 1171 vi-
1754 1154 1757 1162 ·

345 1208 436 1243 tam
460 1196 678 1252 tribuerit,
699 1207 738 1242 et
760 1196 1029 1240 notariorum
1048 1195 1332 1240 habuerimus
1351 1196 1542 1258 copiam,
1564 1196 1716 1258 paucis
1753 1202 1756 1233 ἐ

345 1265 741 1313 lucubratiunculis
781 1264 1172 1328 respondebimus:
1205 1282 1294 1310 non
1321 1277 1370 1311 ut
1405 1265 1716 1311 convincamus

346 1337 549 1384 haeresim
586 1346 826 1382 emortuam
849 1356 860 1389 ;
889 1335 962 1380 sed
987 1347 1035 1380 ut
1069 1336 1333 1399 imperitiam
1361 1347 1489 1399 atque
1510 1335 1715 1401 blasphe-
1752 1354 1756 1407 ξ

346 1408 480 1454 miam
518 1411 625 1467 ejus,
666 1407 822 1453 nostris
844 1407 1114 1452 sermonibus
1135 1407 1445 1452 confutemus:
1479 1406 1717 1469 meliusque
1752 1424 1755 1455 ε

346 1479 434 1524 boc
460 1478 620 1524 faceret
639 1478 839 1523 sanctitas
861 1487 1000 1523 vestra
1016 1497 1026 1530 ;
1044 1494 1096 1522 ne
1120 1477 1438 1541 compellamur
1457 1487 1607 1522 contra
1626 1478 1717 1524 hae-

347 1549 532 1594 reticum
566 1559 712 1593 nostra
741 1547 933 1593 laudare.
971 1548 1120 1593 Sancti
1140 1548 1216 1593 filii
1239 1564 1508 1602 communes,
1536 1547 1713 1604 Albina,

346 1620 557 1666 Pinianus
575 1630 616 1665 et
636 1618 838 1674 Melania,
865 1619 1107 1682 plurimum
1132 1637 1206 1665 vos
1245 1620 1446 1667 salutant.
1478 1620 1567 1665 Has
1598 1619 1717 1666 litte-

348 1690 464 1736 rulas
481 1690 534 1735 de
563 1700 709 1736 sancta
729 1689 953 1735 Bethleem
973 1701 1124 1736 sancto
1163 1691 1418 1753 presbytero
1462 1689 1716 1735 Innocentio

348 1760 450 1807 dedi
470 1759 759 1823 perferendas,
787 1760 937 1823 Neptis
958 1771 1097 1805 vestra
1122 1761 1259 1806 Paula
1283 1760 1586 1805 miserabiliter
1617 1777 1717 1822 pre-

346 1842 488 1887 catur,
508 1841 554 1877 ut
579 1847 786 1876 memores
803 1834 892 1890 ejus
915 1831 1021 1886 sitis,
1044 1842 1084 1876 et
1104 1831 1291 1877 multum
1314 1848 1388 1877 vos
1423 1830 1594 1877 salutat.
1639 1832 1717 1876 In-

348 1902 540 1948 columes
554 1918 648 1958 vos,
671 1912 712 1946 et
731 1918 938 1946 memores
962 1901 1061 1957 mei,
1080 1902 1256 1947 Domini
1280 1901 1416 1947 nostri
1431 1901 1533 1946 «lesu
1554 1900 1718 1946 Christi

348 1984 520 2019 tueatur
540 1971 781 2028 elementia,
806 1973 999 2029 Domini,
1024 1990 1119 2019 vere
1140 1973 1278 2019 sancti
1295 1983 1423 2036 atque
1447 1972 1566 2018 omni
1584 1971 1716 2016 affec-

346 2043 463 2090 tione
480 2043 746 2089 venerabiles
770 2053 928 2106 patres.
956 2064 975 2083 ›>
