1769 3235
506 278 720 310 ErisrorA
756 279 931 313 ccxxiv.
1325 271 1414 335 257

449 536 718 581 EPISTOLA
753 537 968 580 CCXXIV
984 538 1014 580 ¹.

6 654 7 657 Ἴ
40 659 211 700 1)οωίηο
229 659 430 697 sinceriter
456 658 706 698 dilectissimo
725 659 839 697 fratri
858 668 898 697 et
918 658 1156 697 condiacono
1183 660 1417 710 Qc'onvccr—

3 761 8 828 ¹
427 734 497 758 1)Εο
511 751 520 769 ,
543 722 783 760 Ancusrixcs
804 720 1019 772 episcopus.

3 830 7 919 ἰ
39 840 315 899 Augustinus
332 839 653 892 Quodvultdeo,
673 841 886 897 spondens
908 856 949 882 se
971 841 1021 882 de
1037 840 1270 885 haeresibus
1287 845 1421 901 scrip-

3 926 7 968 ρ
95 920 245 951 turum
260 941 270 956 ,
292 908 398 950 dum
417 924 496 965 per
515 909 627 950 alias
644 910 946 965 occupationes
969 909 1126 951 licebit.
1150 908 1279 951 Nunc
1295 912 1417 952 enim,

2 970 7 1050 ἰ
93 977 145 1019 ab
164 976 329 1034 Alypio
344 991 385 1017 se
400 977 550 1035 urgeri
566 977 697 1025 dicit,
715 988 760 1018 ut
772 977 1087 1034 posterioribus
1098 977 1278 1020 :Iuliani
1292 978 1418 1020 libris

2 1051 8 1148 ἰ
91 1045 358 1102 respondeat.

95 1184 131 1231 Ι.
153 1182 378 1230 Ctmmihi
392 1183 495 1228 haec
520 1182 743 1228 scribendi
767 1185 992 1230 offerretur
1013 1183 1181 1229 occasio
1202 1200 1281 1247 per
1300 1184 1412 1230 Fus-

1 1254 4 1264 '
32 1255 236 1302 salensem
260 1254 566 1317 presbyterum
586 1289 596 1308 ,
618 1270 749 1316 quem
774 1253 1037 1300 commendo
1063 1253 1268 1298 charitati
1293 1264 1379 1299 tuae
1396 1290 1406 1310 ‚

30 1325 223 1372 recensui
245 1325 474 1388 epistolam
498 1335 620 1370 tuam
640 1361 651 1379 ,
678 1324 722 1369 in
744 1342 830 1387 qua
855 1324 967 1388 petis
984 1361 995 1380 ‚
1019 1334 1067 1369 ut
1081 1323 1134 1368 de
1153 1323 1413 1380 haeresibus,

27 1412 127 1460 quae
151 1395 255 1441 oriri
279 1405 521 1458 potuerunt
559 1411 607 1440 ex
642 1411 730 1458 quo
759 1395 939 1440 Domini
977 1395 1023 1440 in
1059 1411 1189 1440 carne
1222 1394 1416 1440 nuntiari

32 1467 168 1531 coepit
198 1467 434 1522 adventus,
464 1466 631 1529 aliquid
665 1467 914 1512 scriberem.
947 1467 1044 1512 Hoc
1067 1476 1210 1511 autem
1230 1466 1312 1512 feci
1330 1503 1341 1522 ‚
1368 1477 1418 1511 ut

37 1538 227 1584 viderem
247 1541 499 1597 utrumjam
519 1537 720 1583 deberem
740 1554 851 1600 opus
868 1537 1013 1601 ipsum
1037 1536 1235 1597 aggredi,
1257 1547 1297 1582 et
1314 1537 1416 1582 inde

28 1607 108 1654 tibi
134 1608 299 1672 aliquid
325 1608 494 1653 mittere
519 1625 529 1651 ε
571 1607 650 1653 ubi
673 1607 965 1653 considerares
995 1618 1112 1652 tanto
1136 1624 1222 1653 esse
1246 1606 1409 1653 diffici-

26 1677 108 1724 lius
124 1715 134 1735 ‚
165 1689 329 1742 quanto
352 1679 415 1725 vis
432 1677 544 1723 effici
567 1678 756 1724 brevius.
784 1679 868 1724 Sed
889 1696 940 1724 ne
958 1678 1045 1723 hoc
1064 1678 1242 1741 quidem
1261 1679 1404 1742 potui,

28 1749 187 1795 talibus
215 1750 332 1796 curis
356 1749 763 1812 supervenientibus
784 1748 1022 1812 impeditus
1039 1786 1048 1802 ‚
1086 1767 1108 1794 a
1131 1749 1295 1812 quibus
1319 1766 1410 1795 om-

25 1819 127 1865 nino
155 1819 424 1866 dissimulare
448 1837 535 1865 non
560 1836 731 1883 possem
763 1837 772 1864 :
801 1837 901 1865 nam
928 1837 996 1865 me
1021 1829 1061 1864 et
1092 1819 1146 1865 ab
1181 1836 1229 1864 eo
1251 1858 1261 1876 ‚
1290 1819 1411 1884 quod

0 1890 242 1956 ¹habebam
266 1892 312 1937 in
333 1891 538 1936 manibus
557 1928 567 1947 ‚
598 1901 864 1936 averterunt.

88 1962 146 2008 ll.
178 1962 276 2007 Hoc
299 1973 443 2007 autem
467 1972 555 2017 est,
578 1961 656 2006 ubi
681 1961 921 2024 respondeo
945 1961 1070 2006 libris
1094 1961 1272 2018 juliani,
1297 1979 1405 2026 quos

25 2043 120 2078 octo
159 2032 298 2078 edidit
333 2043 432 2096 post
468 2032 564 2077 illos
599 2042 817 2094 quatuor,
856 2031 1016 2094 quibus
1051 2042 1148 2076 ante
1176 2034 1396 2095 respondi.

24 2103 111 2148 Hos
130 2103 244 2149 enim
270 2120 371 2148 cum
396 2103 551 2147 Romae
569 2101 803 2164 accepisset
818 2101 948 2146 frater
969 2101 1176 2164 Alypius,
1200 2103 1401 2150 nondum

23 2190 167 2220 omnes
207 2174 492 2236 descripserat
513 2209 523 2228 ‚
565 2189 667 2218 cum
710 2172 903 2217 oblatam
953 2172 1224 2218 occasionem
1258 2174 1402 2220 noluit

23 2245 265 2308 praeterire‚
288 2261 366 2308 per
386 2260 518 2307 quam
549 2243 660 2288 mihi
686 2243 882 2305 quinque
910 2242 1178 2296 transmisit3
1207 2246 1399 2306 promit-

24 2325 112 2362 tens
135 2317 238 2362 alios
257 2327 341 2361 tres
366 2316 452 2361 cilo
479 2332 520 2360 se
546 2331 632 2359 esse
656 2315 891 2359 missurum
910 2351 919 2367 ,
957 2324 997 2358 ct
1019 2314 1209 2359 multum
1234 2315 1399 2363 instans

21 2403 74 2432 ne
96 2386 354 2451 respondere
378 2386 609 2431 differrem.
633 2388 771 2444 CuJ'us
797 2384 1000 2429 instantia
1021 2395 1196 2430 coactus
1219 2402 1312 2431 sum
1335 2405 1399 2433 re-

0 2458 187 2528 'missius
218 2475 340 2518 agere
361 2456 483 2520 quod
505 2455 712 2516 agebam3
740 2466 789 2500 ut
812 2455 934 2518 operi
960 2455 1133 2518 utrique
1163 2473 1251 2502 non
1273 2456 1398 2504 dees-

0 2529 5 2557 1
68 2559 79 2580 ¹
97 2561 145 2589 Ex
167 2559 184 2588 8
204 2562 306 2590 Tomo
323 2563 386 2589 vet.
405 2557 498 2595 edit„
527 2562 601 2587 ante
625 2556 680 2587 lib.
701 2556 740 2587 de
775 2556 967 2588 Han-esibus.
999 2566 1069 2599 quae
1097 2562 1204 2589 autem
1232 2565 1297 2595 224
1317 2566 1397 2604 erat,

22 2623 104 2646 nunc
128 2615 201 2647 125.
219 2633 259 2638 ——
281 2613 402 2656 Scripta
420 2618 490 2656 post
507 2612 715 2655 superiorem.

180 2684 361 2714 CXLVIII.
1215 2683 1268 2733 17

0 2687 5 2811 ὲ

1 2819 5 2939 2

1 2950 5 3088 ἱ

0 3125 6 3235 i
