<?xml version="1.0" encoding="UTF-8"?>
<!DOCTYPE html PUBLIC "-//W3C//DTD XHTML 1.0 Transitional//EN"
    "http://www.w3.org/TR/xhtml1/DTD/xhtml1-transitional.dtd">
<html xmlns="http://www.w3.org/1999/xhtml" xml:lang="en" lang="en">
 <head>
  <title>
</title>
<meta http-equiv="Content-Type" content="text/html;charset=utf-8" />
  <meta name='ocr-system' content='tesseract 3.04.00' />
  <meta name='ocr-capabilities' content='ocr_page ocr_carea ocr_par ocr_line ocrx_word'/>
</head>
<body>
  <div class='ocr_page' id='page_1' title='image "./operaomniaaccura41auguuoft/operaomniaaccura41auguuoft_0252.png"; bbox 0 0 1769 3235; ppageno 0'>
   <div class='ocr_carea' id='block_1_1' title="bbox 343 277 1756 2347">
    <p class='ocr_par' dir='ltr' id='par_1_1' title="bbox 343 277 1756 2347">
     <span class='ocr_line' id='line_1_1' title="bbox 348 277 1328 328; baseline -0.001 -2"><span class='ocrx_word' id='word_1_1' title='bbox 348 277 440 328; x_wconf 75' lang='lat'>238</span> <span class='ocrx_word' id='word_1_2' title='bbox 765 293 800 323; x_wconf 89' lang='lat' dir='ltr'>s.</span> <span class='ocrx_word' id='word_1_3' title='bbox 847 286 1088 324; x_wconf 71' lang='lat' dir='ltr'>AUGUSTINI</span> <span class='ocrx_word' id='word_1_4' title='bbox 1124 289 1328 325; x_wconf 82' lang='lat' dir='ltr'>EPISCOPI</span> 
     </span>
     <span class='ocr_line' id='line_1_2' title="bbox 348 356 1719 424; baseline -0.001 -15"><span class='ocrx_word' id='word_1_5' title='bbox 348 362 463 409; x_wconf 83' lang='lat' dir='ltr'>enim</span> <span class='ocrx_word' id='word_1_6' title='bbox 480 372 569 406; x_wconf 75' lang='lat' dir='ltr'>tion</span> <span class='ocrx_word' id='word_1_7' title='bbox 599 361 691 418; x_wconf 85' lang='lat' dir='ltr'>jam</span> <span class='ocrx_word' id='word_1_8' title='bbox 717 365 765 404; x_wconf 85' lang='lat' dir='ltr'>ut</span> <span class='ocrx_word' id='word_1_9' title='bbox 790 356 978 420; x_wconf 82' lang='lat' dir='ltr'>accipias</span> <span class='ocrx_word' id='word_1_10' title='bbox 1011 357 1183 405; x_wconf 86' lang='lat' dir='ltr'>divitias</span> <span class='ocrx_word' id='word_1_11' title='bbox 1213 369 1252 405; x_wconf 87' lang='lat' dir='ltr'>et</span> <span class='ocrx_word' id='word_1_12' title='bbox 1281 358 1468 405; x_wconf 79' lang='lat' dir='ltr'>honores</span> <span class='ocrx_word' id='word_1_13' title='bbox 1493 357 1719 424; x_wconf 82' lang='lat' dir='ltr'>praesentis</span> 
     </span>
     <span class='ocr_line' id='line_1_3' title="bbox 351 424 1718 491; baseline 0.001 -14"><span class='ocrx_word' id='word_1_14' title='bbox 351 430 528 487; x_wconf 78' lang='lat' dir='ltr'>saeculi,</span> <span class='ocrx_word' id='word_1_15' title='bbox 565 439 641 475; x_wconf 80' lang='lat' dir='ltr'>aut</span> <span class='ocrx_word' id='word_1_16' title='bbox 666 425 829 491; x_wconf 83' lang='lat' dir='ltr'>aliquid</span> <span class='ocrx_word' id='word_1_17' title='bbox 855 428 1054 474; x_wconf 79' lang='lat' dir='ltr'>vanitatis</span> <span class='ocrx_word' id='word_1_18' title='bbox 1078 429 1285 475; x_wconf 82' lang='lat' dir='ltr'>humanae</span> <span class='ocrx_word' id='word_1_19' title='bbox 1303 466 1313 485; x_wconf 88' lang='lat'>‚</span> <span class='ocrx_word' id='word_1_20' title='bbox 1343 424 1415 475; x_wconf 83' lang='lat' dir='ltr'>sed</span> <span class='ocrx_word' id='word_1_21' title='bbox 1438 448 1490 476; x_wconf 94' lang='lat' dir='ltr'>ne</span> <span class='ocrx_word' id='word_1_22' title='bbox 1518 431 1650 477; x_wconf 78' lang='lat' dir='ltr'>intres</span> <span class='ocrx_word' id='word_1_23' title='bbox 1672 428 1718 478; x_wconf 84' lang='lat' dir='ltr'>in</span> 
     </span>
     <span class='ocr_line' id='line_1_4' title="bbox 348 498 1720 565; baseline 0.001 -18"><span class='ocrx_word' id='word_1_24' title='bbox 348 501 645 547; x_wconf 79' lang='lat' dir='ltr'><strong>tentationem.</strong></span> <span class='ocrx_word' id='word_1_25' title='bbox 683 498 816 555; x_wconf 80' lang='lat' dir='ltr'>Quod</span> <span class='ocrx_word' id='word_1_26' title='bbox 838 499 987 562; x_wconf 87' lang='lat' dir='ltr'>utique</span> <span class='ocrx_word' id='word_1_27' title='bbox 1012 501 1046 545; x_wconf 90' lang='lat' dir='ltr'>si</span> <span class='ocrx_word' id='word_1_28' title='bbox 1073 500 1205 545; x_wconf 89' lang='lat' dir='ltr'>homo</span> <span class='ocrx_word' id='word_1_29' title='bbox 1231 499 1313 545; x_wconf 88' lang='lat' dir='ltr'>sibi</span> <span class='ocrx_word' id='word_1_30' title='bbox 1346 511 1551 564; x_wconf 82' lang='lat' dir='ltr'>praestare</span> <span class='ocrx_word' id='word_1_31' title='bbox 1575 513 1720 565; x_wconf 88' lang='lat' dir='ltr'>posset</span> 
     </span>
     <span class='ocr_line' id='line_1_5' title="bbox 346 568 1719 633; baseline 0 -15"><span class='ocrx_word' id='word_1_32' title='bbox 346 568 534 618; x_wconf 85' lang='lat' dir='ltr'>volendo</span> <span class='ocrx_word' id='word_1_33' title='bbox 550 608 560 627; x_wconf 85' lang='lat'><strong>,</strong></span> <span class='ocrx_word' id='word_1_34' title='bbox 585 588 671 617; x_wconf 91' lang='lat' dir='ltr'>non</span> <span class='ocrx_word' id='word_1_35' title='bbox 697 579 944 633; x_wconf 84' lang='lat' dir='ltr'>posceretur</span> <span class='ocrx_word' id='word_1_36' title='bbox 967 569 1147 616; x_wconf 87' lang='lat' dir='ltr'>orando.</span> <span class='ocrx_word' id='word_1_37' title='bbox 1173 570 1457 633; x_wconf 81' lang='lat' dir='ltr'>Quapropter</span> <span class='ocrx_word' id='word_1_38' title='bbox 1481 580 1632 617; x_wconf 90' lang='lat' dir='ltr'>utnon</span> <span class='ocrx_word' id='word_1_39' title='bbox 1654 572 1719 618; x_wconf 91' lang='lat' dir='ltr'>in·</span> 
     </span>
     <span class='ocr_line' id='line_1_6' title="bbox 347 640 1718 698; baseline 0 -10"><span class='ocrx_word' id='word_1_40' title='bbox 347 651 507 689; x_wconf 89' lang='lat' dir='ltr'>tremus</span> <span class='ocrx_word' id='word_1_41' title='bbox 533 643 577 688; x_wconf 86' lang='lat' dir='ltr'>in</span> <span class='ocrx_word' id='word_1_42' title='bbox 602 641 881 688; x_wconf 80' lang='lat' dir='ltr'>tentationem</span> <span class='ocrx_word' id='word_1_43' title='bbox 901 677 911 695; x_wconf 84' lang='lat'><strong>‚</strong></span> <span class='ocrx_word' id='word_1_44' title='bbox 939 641 973 686; x_wconf 89' lang='lat' dir='ltr'>si</span> <span class='ocrx_word' id='word_1_45' title='bbox 1000 640 1201 686; x_wconf 71' lang='lat' dir='ltr'>voluntas</span> <span class='ocrx_word' id='word_1_46' title='bbox 1229 640 1442 687; x_wconf 85' lang='lat' dir='ltr'>sufficeret</span> <span class='ocrx_word' id='word_1_47' title='bbox 1460 680 1470 698; x_wconf 84' lang='grc'>,</span> <span class='ocrx_word' id='word_1_48' title='bbox 1501 658 1587 688; x_wconf 89' lang='lat' dir='ltr'>non</span> <span class='ocrx_word' id='word_1_49' title='bbox 1616 659 1718 688; x_wconf 86' lang='lat' dir='ltr'>ora-</span> 
     </span>
     <span class='ocr_line' id='line_1_7' title="bbox 345 707 1719 776; baseline -0.001 -16"><span class='ocrx_word' id='word_1_50' title='bbox 345 725 488 760; x_wconf 81' lang='lat' dir='ltr'>remus</span> <span class='ocrx_word' id='word_1_51' title='bbox 508 731 518 770; x_wconf 89' lang='lat'>;</span> <span class='ocrx_word' id='word_1_52' title='bbox 540 729 640 776; x_wconf 83' lang='lat' dir='ltr'>quae</span> <span class='ocrx_word' id='word_1_53' title='bbox 664 721 804 757; x_wconf 88' lang='lat' dir='ltr'>tamen</span> <span class='ocrx_word' id='word_1_54' title='bbox 825 710 859 755; x_wconf 90' lang='lat' dir='ltr'>si</span> <span class='ocrx_word' id='word_1_55' title='bbox 883 707 1061 766; x_wconf 80' lang='lat' dir='ltr'>deesset,</span> <span class='ocrx_word' id='word_1_56' title='bbox 1086 727 1165 755; x_wconf 88' lang='lat' dir='ltr'>nec</span> <span class='ocrx_word' id='word_1_57' title='bbox 1188 727 1309 755; x_wconf 88' lang='lat' dir='ltr'>orare</span> <span class='ocrx_word' id='word_1_58' title='bbox 1331 728 1567 773; x_wconf 83' lang='lat' dir='ltr'>possemus.</span> <span class='ocrx_word' id='word_1_59' title='bbox 1596 712 1719 758; x_wconf 79' lang='lat' dir='ltr'>Adsit</span> 
     </span>
     <span class='ocr_line' id='line_1_8' title="bbox 345 780 1752 846; baseline -0.001 -17"><span class='ocrx_word' id='word_1_60' title='bbox 345 801 446 843; x_wconf 85' lang='lat' dir='ltr'>ergo</span> <span class='ocrx_word' id='word_1_61' title='bbox 476 791 526 828; x_wconf 85' lang='lat' dir='ltr'>ut</span> <span class='ocrx_word' id='word_1_62' title='bbox 561 782 742 828; x_wconf 85' lang='lat' dir='ltr'>velimus</span> <span class='ocrx_word' id='word_1_63' title='bbox 758 818 768 836; x_wconf 86' lang='lat'>‚</span> <span class='ocrx_word' id='word_1_64' title='bbox 806 794 975 826; x_wconf 87' lang='lat' dir='ltr'>oremus</span> <span class='ocrx_word' id='word_1_65' title='bbox 1000 790 1143 825; x_wconf 87' lang='lat' dir='ltr'>autem</span> <span class='ocrx_word' id='word_1_66' title='bbox 1176 791 1225 826; x_wconf 88' lang='lat' dir='ltr'>ut</span> <span class='ocrx_word' id='word_1_67' title='bbox 1250 780 1468 827; x_wconf 86' lang='lat' dir='ltr'>valeamus</span> <span class='ocrx_word' id='word_1_68' title='bbox 1492 781 1613 846; x_wconf 86' lang='lat' dir='ltr'>quod</span> <span class='ocrx_word' id='word_1_69' title='bbox 1636 799 1719 828; x_wconf 81' lang='lat' dir='ltr'>vo-</span> <span class='ocrx_word' id='word_1_70' title='bbox 1742 800 1752 841; x_wconf 63' lang='lat' dir='ltr'>f</span> 
     </span>
     <span class='ocr_line' id='line_1_9' title="bbox 344 842 1750 915; baseline -0.001 -16"><span class='ocrx_word' id='word_1_71' title='bbox 344 852 581 909; x_wconf 81' lang='lat' dir='ltr'>luerimus,</span> <span class='ocrx_word' id='word_1_72' title='bbox 620 869 720 899; x_wconf 85' lang='lat' dir='ltr'>cum</span> <span class='ocrx_word' id='word_1_73' title='bbox 756 851 851 915; x_wconf 90' lang='lat' dir='ltr'>ipso</span> <span class='ocrx_word' id='word_1_74' title='bbox 886 850 1077 896; x_wconf 78' lang='lat' dir='ltr'>donante</span> <span class='ocrx_word' id='word_1_75' title='bbox 1112 858 1227 896; x_wconf 87' lang='lat' dir='ltr'>recte</span> <span class='ocrx_word' id='word_1_76' title='bbox 1266 851 1549 914; x_wconf 83' lang='lat' dir='ltr'>sapuerimus.</span> <span class='ocrx_word' id='word_1_77' title='bbox 1586 842 1750 909; x_wconf 48' lang='lat' dir='ltr'>Quod*</span> 
     </span>
     <span class='ocr_line' id='line_1_10' title="bbox 345 919 1714 987; baseline 0 -18"><span class='ocrx_word' id='word_1_78' title='bbox 345 919 512 969; x_wconf 71' lang='lat' dir='ltr'>bonum</span> <span class='ocrx_word' id='word_1_79' title='bbox 528 923 835 987; x_wconf 84' lang='lat' dir='ltr'>quoniamjam</span> <span class='ocrx_word' id='word_1_80' title='bbox 847 920 1037 983; x_wconf 79' lang='lat' dir='ltr'>coepisti,</span> <span class='ocrx_word' id='word_1_81' title='bbox 1053 930 1112 965; x_wconf 82' lang='lat' dir='ltr'>est</span> <span class='ocrx_word' id='word_1_82' title='bbox 1125 920 1238 966; x_wconf 89' lang='lat' dir='ltr'>unde</span> <span class='ocrx_word' id='word_1_83' title='bbox 1258 922 1414 981; x_wconf 81' lang='lat' dir='ltr'>gratias</span> <span class='ocrx_word' id='word_1_84' title='bbox 1433 939 1543 982; x_wconf 85' lang='lat' dir='ltr'>agas.</span> <span class='ocrx_word' id='word_1_85' title='bbox 1560 944 1579 963; x_wconf 89' lang='lat'>«</span> <span class='ocrx_word' id='word_1_86' title='bbox 1594 923 1714 979; x_wconf 86' lang='lat' dir='ltr'>Quid</span> 
     </span>
     <span class='ocr_line' id='line_1_11' title="bbox 345 990 1750 1075; baseline 0.001 -39"><span class='ocrx_word' id='word_1_87' title='bbox 345 1016 366 1036; x_wconf 89' lang='lat'>))</span> <span class='ocrx_word' id='word_1_88' title='bbox 386 993 500 1040; x_wconf 86' lang='lat' dir='ltr'>enim</span> <span class='ocrx_word' id='word_1_89' title='bbox 524 994 662 1038; x_wconf 81' lang='lat' dir='ltr'>habes</span> <span class='ocrx_word' id='word_1_90' title='bbox 686 991 805 1055; x_wconf 84' lang='lat' dir='ltr'>quod</span> <span class='ocrx_word' id='word_1_91' title='bbox 836 1008 922 1036; x_wconf 91' lang='lat' dir='ltr'>non</span> <span class='ocrx_word' id='word_1_92' title='bbox 959 990 1202 1053; x_wconf 66' lang='lat' dir='ltr'>accepisti?</span> <span class='ocrx_word' id='word_1_93' title='bbox 1236 991 1279 1037; x_wconf 88' lang='lat' dir='ltr'>Si</span> <span class='ocrx_word' id='word_1_94' title='bbox 1313 1001 1455 1037; x_wconf 84' lang='lat' dir='ltr'>autem</span> <span class='ocrx_word' id='word_1_95' title='bbox 1483 993 1716 1056; x_wconf 86' lang='lat' dir='ltr'>accepisti,</span> <span class='ocrx_word' id='word_1_96' title='bbox 1742 997 1750 1075; x_wconf 53' lang='grc' dir='ltr'>ζ</span> 
     </span>
     <span class='ocr_line' id='line_1_12' title="bbox 346 1059 1720 1126; baseline 0.002 -20"><span class='ocrx_word' id='word_1_97' title='bbox 346 1086 366 1106; x_wconf 87' lang='grc'>»</span> <span class='ocrx_word' id='word_1_98' title='bbox 387 1081 490 1110; x_wconf 86' lang='lat' dir='ltr'>cave</span> <span class='ocrx_word' id='word_1_99' title='bbox 511 1081 564 1109; x_wconf 88' lang='lat' dir='ltr'>ne</span> <span class='ocrx_word' id='word_1_100' title='bbox 582 1062 772 1123; x_wconf 84' lang='lat' dir='ltr'>glorieris</span> <span class='ocrx_word' id='word_1_101' title='bbox 790 1060 912 1125; x_wconf 84' lang='lat' dir='ltr'>quasi</span> <span class='ocrx_word' id='word_1_102' title='bbox 935 1077 1024 1106; x_wconf 92' lang='lat' dir='ltr'>non</span> <span class='ocrx_word' id='word_1_103' title='bbox 1042 1061 1260 1124; x_wconf 82' lang='lat' dir='ltr'>acceperis</span> <span class='ocrx_word' id='word_1_104' title='bbox 1277 1059 1315 1118; x_wconf 67' lang='lat'>1,</span> <span class='ocrx_word' id='word_1_105' title='bbox 1340 1083 1360 1103; x_wconf 88' lang='lat'>»</span> <span class='ocrx_word' id='word_1_106' title='bbox 1379 1061 1466 1108; x_wconf 87' lang='lat' dir='ltr'>hoc</span> <span class='ocrx_word' id='word_1_107' title='bbox 1491 1073 1576 1119; x_wconf 88' lang='lat' dir='ltr'>est,</span> <span class='ocrx_word' id='word_1_108' title='bbox 1595 1063 1720 1126; x_wconf 86' lang='lat' dir='ltr'>quasi</span> 
     </span>
     <span class='ocr_line' id='line_1_13' title="bbox 344 1127 1756 1200; baseline -0.001 -19"><span class='ocrx_word' id='word_1_109' title='bbox 344 1153 392 1181; x_wconf 85' lang='lat' dir='ltr'>ex</span> <span class='ocrx_word' id='word_1_110' title='bbox 412 1145 452 1180; x_wconf 90' lang='lat' dir='ltr'>te</span> <span class='ocrx_word' id='word_1_111' title='bbox 475 1134 570 1197; x_wconf 90' lang='lat' dir='ltr'>ipso</span> <span class='ocrx_word' id='word_1_112' title='bbox 599 1131 762 1178; x_wconf 86' lang='lat' dir='ltr'>habere</span> <span class='ocrx_word' id='word_1_113' title='bbox 779 1132 986 1200; x_wconf 80' lang='lat' dir='ltr'>potueris,</span> <span class='ocrx_word' id='word_1_114' title='bbox 1014 1131 1162 1177; x_wconf 88' lang='lat' dir='ltr'>Sciens</span> <span class='ocrx_word' id='word_1_115' title='bbox 1182 1141 1326 1177; x_wconf 89' lang='lat' dir='ltr'>autem</span> <span class='ocrx_word' id='word_1_116' title='bbox 1353 1131 1470 1178; x_wconf 87' lang='lat' dir='ltr'>unde</span> <span class='ocrx_word' id='word_1_117' title='bbox 1502 1131 1720 1195; x_wconf 84' lang='lat' dir='ltr'>acceperis</span> <span class='ocrx_word' id='word_1_118' title='bbox 1743 1127 1756 1191; x_wconf 56' lang='grc' dir='ltr'>ᾗ</span> 
     </span>
     <span class='ocr_line' id='line_1_14' title="bbox 346 1201 1718 1267; baseline -0.001 -16"><span class='ocrx_word' id='word_1_119' title='bbox 346 1205 402 1251; x_wconf 85' lang='lat' dir='ltr'>ab</span> <span class='ocrx_word' id='word_1_120' title='bbox 429 1205 502 1250; x_wconf 87' lang='lat' dir='ltr'>illo</span> <span class='ocrx_word' id='word_1_121' title='bbox 521 1214 620 1267; x_wconf 90' lang='lat' dir='ltr'>pete</span> <span class='ocrx_word' id='word_1_122' title='bbox 642 1213 689 1249; x_wconf 87' lang='lat' dir='ltr'>ut</span> <span class='ocrx_word' id='word_1_123' title='bbox 709 1202 963 1265; x_wconf 81' lang='lat' dir='ltr'>perficiatur</span> <span class='ocrx_word' id='word_1_124' title='bbox 983 1239 994 1258; x_wconf 85' lang='lat'>‚</span> <span class='ocrx_word' id='word_1_125' title='bbox 1027 1219 1049 1247; x_wconf 87' lang='lat' dir='ltr'>a</span> <span class='ocrx_word' id='word_1_126' title='bbox 1067 1218 1155 1266; x_wconf 91' lang='lat' dir='ltr'>quo</span> <span class='ocrx_word' id='word_1_127' title='bbox 1179 1201 1331 1248; x_wconf 86' lang='lat' dir='ltr'>datum</span> <span class='ocrx_word' id='word_1_128' title='bbox 1352 1213 1413 1249; x_wconf 85' lang='lat' dir='ltr'>est</span> <span class='ocrx_word' id='word_1_129' title='bbox 1439 1213 1488 1249; x_wconf 86' lang='lat' dir='ltr'>ut</span> <span class='ocrx_word' id='word_1_130' title='bbox 1509 1203 1718 1266; x_wconf 88' lang='lat' dir='ltr'>incipere-</span> 
     </span>
     <span class='ocr_line' id='line_1_15' title="bbox 346 1273 1718 1337; baseline -0.002 -15"><span class='ocrx_word' id='word_1_131' title='bbox 346 1285 430 1323; x_wconf 82' lang='lat' dir='ltr'>tur.</span> <span class='ocrx_word' id='word_1_132' title='bbox 471 1276 583 1320; x_wconf 90' lang='lat' dir='ltr'>Cum</span> <span class='ocrx_word' id='word_1_133' title='bbox 608 1273 763 1319; x_wconf 84' lang='lat' dir='ltr'>timore</span> <span class='ocrx_word' id='word_1_134' title='bbox 784 1273 928 1336; x_wconf 87' lang='lat' dir='ltr'>itaque</span> <span class='ocrx_word' id='word_1_135' title='bbox 951 1282 993 1317; x_wconf 85' lang='lat' dir='ltr'>et</span> <span class='ocrx_word' id='word_1_136' title='bbox 1022 1281 1204 1318; x_wconf 85' lang='lat' dir='ltr'>tremore</span> <span class='ocrx_word' id='word_1_137' title='bbox 1244 1283 1365 1318; x_wconf 88' lang='lat' dir='ltr'>tuam</span> <span class='ocrx_word' id='word_1_138' title='bbox 1400 1273 1582 1319; x_wconf 84' lang='lat' dir='ltr'>salutem</span> <span class='ocrx_word' id='word_1_139' title='bbox 1609 1284 1718 1337; x_wconf 90' lang='lat' dir='ltr'>ope-</span> 
     </span>
     <span class='ocr_line' id='line_1_16' title="bbox 343 1323 1751 1407; baseline -0.002 -14"><span class='ocrx_word' id='word_1_140' title='bbox 343 1365 437 1393; x_wconf 84' lang='lat' dir='ltr'>rare</span> <span class='ocrx_word' id='word_1_141' title='bbox 451 1347 484 1393; x_wconf 79' lang='lat'>2.</span> <span class='ocrx_word' id='word_1_142' title='bbox 527 1349 646 1391; x_wconf 87' lang='lat' dir='ltr'>Deus</span> <span class='ocrx_word' id='word_1_143' title='bbox 671 1350 731 1390; x_wconf 84' lang='lat' dir='ltr'>est</span> <span class='ocrx_word' id='word_1_144' title='bbox 760 1343 872 1389; x_wconf 88' lang='lat' dir='ltr'>enim</span> <span class='ocrx_word' id='word_1_145' title='bbox 899 1340 975 1406; x_wconf 90' lang='lat' dir='ltr'>qui</span> <span class='ocrx_word' id='word_1_146' title='bbox 996 1353 1203 1406; x_wconf 88' lang='lat' dir='ltr'>operatur</span> <span class='ocrx_word' id='word_1_147' title='bbox 1225 1343 1271 1388; x_wconf 89' lang='lat' dir='ltr'>in</span> <span class='ocrx_word' id='word_1_148' title='bbox 1297 1353 1337 1389; x_wconf 91' lang='lat' dir='ltr'>te</span> <span class='ocrx_word' id='word_1_149' title='bbox 1354 1354 1396 1389; x_wconf 88' lang='lat' dir='ltr'>et</span> <span class='ocrx_word' id='word_1_150' title='bbox 1417 1341 1526 1390; x_wconf 90' lang='lat' dir='ltr'>velle</span> <span class='ocrx_word' id='word_1_151' title='bbox 1546 1355 1588 1390; x_wconf 88' lang='lat' dir='ltr'>et</span> <span class='ocrx_word' id='word_1_152' title='bbox 1610 1356 1718 1407; x_wconf 80' lang='lat' dir='ltr'>per·</span> <span class='ocrx_word' id='word_1_153' title='bbox 1744 1323 1751 1383; x_wconf 62' lang='lat' dir='ltr'>i</span> 
     </span>
     <span class='ocr_line' id='line_1_17' title="bbox 344 1386 1751 1487; baseline -0.002 -24"><span class='ocrx_word' id='word_1_154' title='bbox 344 1417 490 1472; x_wconf 84' lang='lat' dir='ltr'>ficere,</span> <span class='ocrx_word' id='word_1_155' title='bbox 507 1433 589 1479; x_wconf 84' lang='lat' dir='ltr'>pro</span> <span class='ocrx_word' id='word_1_156' title='bbox 600 1415 718 1460; x_wconf 87' lang='lat' dir='ltr'>bona</span> <span class='ocrx_word' id='word_1_157' title='bbox 737 1413 985 1459; x_wconf 81' lang='lat' dir='ltr'>voluntate:</span> <span class='ocrx_word' id='word_1_158' title='bbox 1002 1413 1207 1476; x_wconf 84' lang='lat' dir='ltr'>quoniam</span> <span class='ocrx_word' id='word_1_159' title='bbox 1229 1424 1505 1477; x_wconf 78' lang='lat' dir='ltr'>praeparatur</span> <span class='ocrx_word' id='word_1_160' title='bbox 1517 1409 1718 1461; x_wconf 78' lang='lat' dir='ltr'>voiuntas</span> <span class='ocrx_word' id='word_1_161' title='bbox 1744 1386 1751 1487; x_wconf 58' lang='grc' dir='ltr'>ἱ</span> 
     </span>
     <span class='ocr_line' id='line_1_18' title="bbox 345 1483 1753 2028; baseline -0.002 -495"><span class='ocrx_word' id='word_1_162' title='bbox 345 1505 367 1533; x_wconf 92' lang='lat' dir='ltr'>a</span> <span class='ocrx_word' id='word_1_163' title='bbox 387 1484 629 1542; x_wconf 77' lang='lat' dir='ltr'>Domino-⁹³,</span> <span class='ocrx_word' id='word_1_164' title='bbox 654 1495 785 1547; x_wconf 85' lang='lat' dir='ltr'>atque</span> <span class='ocrx_word' id='word_1_165' title='bbox 815 1484 870 1529; x_wconf 87' lang='lat' dir='ltr'>ab</span> <span class='ocrx_word' id='word_1_166' title='bbox 904 1483 999 1547; x_wconf 85' lang='lat' dir='ltr'>ipso</span> <span class='ocrx_word' id='word_1_167' title='bbox 1025 1496 1187 1543; x_wconf 80' lang='lat' dir='ltr'>gressus</span> <span class='ocrx_word' id='word_1_168' title='bbox 1212 1483 1404 1529; x_wconf 81' lang='lat' dir='ltr'>hominis·</span> <span class='ocrx_word' id='word_1_169' title='bbox 1433 1483 1684 1544; x_wconf 76' lang='lat' dir='ltr'>diriguntur</span> <span class='ocrx_word' id='word_1_170' title='bbox 1702 1521 1714 1540; x_wconf 86' lang='lat'>‚</span> <span class='ocrx_word' id='word_1_171' title='bbox 1744 1490 1753 2028; x_wconf 60' lang='lat' dir='ltr'>l</span> 
     </span>
     <span class='ocr_line' id='line_1_19' title="bbox 1745 2030 1753 2347; baseline 0 0"><span class='ocrx_word' id='word_1_172' title='bbox 1745 2030 1753 2347; x_wconf 88' lang='lat' dir='ltr'>i</span> 
     </span>
    </p>
   </div>
   <div class='ocr_carea' id='block_1_2' title="bbox 1732 0 1769 1868">
    <p class='ocr_par' dir='ltr' id='par_1_2' title="bbox 1732 0 1769 1868">
     <span class='ocr_line' id='line_1_20' title="bbox 1732 0 1769 962; baseline 0 0"><span class='ocrx_word' id='word_1_173' title='bbox 1732 0 1769 962; x_wconf 95' lang='lat' dir='ltr'>     </span> 
     </span>
     <span class='ocr_line' id='line_1_21' title="bbox 1753 962 1769 1868; baseline 0 -645"><span class='ocrx_word' id='word_1_174' title='bbox 1753 962 1769 1868; x_wconf 95' lang='lat' dir='ltr'>    </span> 
     </span>
    </p>
   </div>
   <div class='ocr_carea' id='block_1_3' title="bbox 1743 1197 1752 1322">
    <p class='ocr_par' dir='ltr' id='par_1_3' title="bbox 1743 1197 1752 1322">
     <span class='ocr_line' id='line_1_22' title="bbox 1743 1197 1752 1322; baseline 0 1913"><span class='ocrx_word' id='word_1_175' title='bbox 1743 1197 1752 1322; x_wconf 95' lang='lat' dir='ltr'> </span> 
     </span>
    </p>
   </div>
   <div class='ocr_carea' id='block_1_4' title="bbox 338 1552 1769 2513">
    <p class='ocr_par' dir='ltr' id='par_1_4' title="bbox 342 1552 1714 1756">
     <span class='ocr_line' id='line_1_23' title="bbox 342 1552 1714 1615; baseline -0.003 -12"><span class='ocrx_word' id='word_1_176' title='bbox 342 1567 384 1602; x_wconf 87' lang='lat' dir='ltr'>et</span> <span class='ocrx_word' id='word_1_177' title='bbox 411 1553 526 1603; x_wconf 77' lang='lat' dir='ltr'>viam</span> <span class='ocrx_word' id='word_1_178' title='bbox 558 1558 649 1615; x_wconf 83' lang='lat' dir='ltr'>ejus</span> <span class='ocrx_word' id='word_1_179' title='bbox 684 1555 799 1600; x_wconf 85' lang='lat' dir='ltr'>volet</span> <span class='ocrx_word' id='word_1_180' title='bbox 815 1554 848 1600; x_wconf 67' lang='lat'>4.</span> <span class='ocrx_word' id='word_1_181' title='bbox 890 1553 996 1599; x_wconf 83' lang='lat' dir='ltr'>Haec</span> <span class='ocrx_word' id='word_1_182' title='bbox 1020 1553 1223 1613; x_wconf 84' lang='lat' dir='ltr'>cogitatio</span> <span class='ocrx_word' id='word_1_183' title='bbox 1247 1564 1394 1599; x_wconf 88' lang='lat' dir='ltr'>sancta</span> <span class='ocrx_word' id='word_1_184' title='bbox 1423 1552 1614 1599; x_wconf 85' lang='lat' dir='ltr'>servabit</span> <span class='ocrx_word' id='word_1_185' title='bbox 1644 1564 1685 1600; x_wconf 87' lang='lat' dir='ltr'>te</span> <span class='ocrx_word' id='word_1_186' title='bbox 1702 1591 1714 1611; x_wconf 86' lang='lat'><strong>,</strong></span> 
     </span>
     <span class='ocr_line' id='line_1_24' title="bbox 344 1620 1713 1689; baseline -0.002 -16"><span class='ocrx_word' id='word_1_187' title='bbox 344 1637 392 1673; x_wconf 87' lang='lat' dir='ltr'>ut</span> <span class='ocrx_word' id='word_1_188' title='bbox 416 1626 625 1689; x_wconf 85' lang='lat' dir='ltr'>sapientia</span> <span class='ocrx_word' id='word_1_189' title='bbox 653 1633 726 1670; x_wconf 84' lang='lat' dir='ltr'>tua</span> <span class='ocrx_word' id='word_1_190' title='bbox 754 1623 889 1688; x_wconf 89' lang='lat' dir='ltr'>pietas</span> <span class='ocrx_word' id='word_1_191' title='bbox 910 1625 962 1669; x_wconf 90' lang='lat' dir='ltr'>sit</span> <span class='ocrx_word' id='word_1_192' title='bbox 984 1643 995 1676; x_wconf 81' lang='lat'>3</span> <span class='ocrx_word' id='word_1_193' title='bbox 1017 1620 1061 1668; x_wconf 88' lang='lat' dir='ltr'>id</span> <span class='ocrx_word' id='word_1_194' title='bbox 1085 1633 1148 1668; x_wconf 86' lang='lat' dir='ltr'>est</span> <span class='ocrx_word' id='word_1_195' title='bbox 1168 1661 1179 1680; x_wconf 84' lang='lat'>‚</span> <span class='ocrx_word' id='word_1_196' title='bbox 1215 1633 1263 1669; x_wconf 88' lang='lat' dir='ltr'>ut</span> <span class='ocrx_word' id='word_1_197' title='bbox 1283 1641 1331 1669; x_wconf 83' lang='lat' dir='ltr'>ex</span> <span class='ocrx_word' id='word_1_198' title='bbox 1358 1627 1449 1669; x_wconf 90' lang='lat' dir='ltr'>Deo</span> <span class='ocrx_word' id='word_1_199' title='bbox 1476 1624 1530 1669; x_wconf 89' lang='lat' dir='ltr'>sis</span> <span class='ocrx_word' id='word_1_200' title='bbox 1552 1624 1713 1681; x_wconf 82' lang='lat' dir='ltr'>bonus,</span> 
     </span>
     <span class='ocr_line' id='line_1_25' title="bbox 342 1695 1126 1756; baseline -0.004 -12"><span class='ocrx_word' id='word_1_201' title='bbox 342 1709 384 1744; x_wconf 87' lang='lat' dir='ltr'>et</span> <span class='ocrx_word' id='word_1_202' title='bbox 409 1698 572 1744; x_wconf 88' lang='lat' dir='ltr'>Christi</span> <span class='ocrx_word' id='word_1_203' title='bbox 613 1695 761 1756; x_wconf 71' lang='lat' dir='ltr'>gratiae</span> <span class='ocrx_word' id='word_1_204' title='bbox 796 1712 883 1740; x_wconf 88' lang='lat' dir='ltr'>non</span> <span class='ocrx_word' id='word_1_205' title='bbox 919 1696 1126 1754; x_wconf 75' lang='lat' dir='ltr'>ingratus,</span> 
     </span>
    </p>

    <p class='ocr_par' dir='ltr' id='par_1_5' title="bbox 338 1765 1769 2377">
     <span class='ocr_line' id='line_1_26' title="bbox 406 1765 1718 1831; baseline -0.004 -14"><span class='ocrx_word' id='word_1_206' title='bbox 406 1769 480 1817; x_wconf 86' lang='lat' dir='ltr'>IV.</span> <span class='ocrx_word' id='word_1_207' title='bbox 509 1765 763 1815; x_wconf 68' lang='lat' dir='ltr'>Desideraust</span> <span class='ocrx_word' id='word_1_208' title='bbox 788 1778 828 1813; x_wconf 89' lang='lat' dir='ltr'>te</span> <span class='ocrx_word' id='word_1_209' title='bbox 851 1778 1050 1831; x_wconf 83' lang='lat' dir='ltr'>parentes</span> <span class='ocrx_word' id='word_1_210' title='bbox 1074 1767 1137 1812; x_wconf 91' lang='lat' dir='ltr'>tui</span> <span class='ocrx_word' id='word_1_211' title='bbox 1159 1804 1169 1822; x_wconf 85' lang='lat'>,</span> <span class='ocrx_word' id='word_1_212' title='bbox 1199 1765 1384 1812; x_wconf 83' lang='lat' dir='ltr'>fideliter</span> <span class='ocrx_word' id='word_1_213' title='bbox 1412 1766 1718 1827; x_wconf 74' lang='lat' dir='ltr'>congratulan-</span> 
     </span>
     <span class='ocr_line' id='line_1_27' title="bbox 341 1832 1769 1909; baseline -0.003 -22"><span class='ocrx_word' id='word_1_214' title='bbox 341 1853 403 1887; x_wconf 87' lang='lat' dir='ltr'>tes</span> <span class='ocrx_word' id='word_1_215' title='bbox 428 1841 594 1887; x_wconf 87' lang='lat' dir='ltr'>meliori</span> <span class='ocrx_word' id='word_1_216' title='bbox 620 1836 709 1903; x_wconf 88' lang='lat' dir='ltr'>spei</span> <span class='ocrx_word' id='word_1_217' title='bbox 733 1850 818 1884; x_wconf 81' lang='lat' dir='ltr'>tuae</span> <span class='ocrx_word' id='word_1_218' title='bbox 841 1875 851 1894; x_wconf 82' lang='grc'>,</span> <span class='ocrx_word' id='word_1_219' title='bbox 878 1855 1010 1901; x_wconf 84' lang='lat' dir='ltr'>quam</span> <span class='ocrx_word' id='word_1_220' title='bbox 1039 1837 1083 1883; x_wconf 89' lang='lat' dir='ltr'>in</span> <span class='ocrx_word' id='word_1_221' title='bbox 1108 1836 1295 1882; x_wconf 86' lang='lat' dir='ltr'>Domino</span> <span class='ocrx_word' id='word_1_222' title='bbox 1328 1836 1490 1882; x_wconf 78' lang='lat' dir='ltr'>habere</span> <span class='ocrx_word' id='word_1_223' title='bbox 1523 1832 1711 1901; x_wconf 80' lang='lat' dir='ltr'>coepisti.</span> <span class='ocrx_word' id='word_1_224' title='bbox 1764 1870 1769 1909; x_wconf 59' lang='grc'>1</span> 
     </span>
     <span class='ocr_line' id='line_1_28' title="bbox 341 1908 1769 1970; baseline -0.005 -12"><span class='ocrx_word' id='word_1_225' title='bbox 341 1914 430 1958; x_wconf 89' lang='lat' dir='ltr'>Nos</span> <span class='ocrx_word' id='word_1_226' title='bbox 455 1921 598 1957; x_wconf 85' lang='lat' dir='ltr'>autem</span> <span class='ocrx_word' id='word_1_227' title='bbox 625 1922 664 1956; x_wconf 91' lang='lat' dir='ltr'>te</span> <span class='ocrx_word' id='word_1_228' title='bbox 696 1910 783 1954; x_wconf 78' lang='lat' dir='ltr'>sive</span> <span class='ocrx_word' id='word_1_229' title='bbox 822 1910 1040 1954; x_wconf 84' lang='lat' dir='ltr'>absentem</span> <span class='ocrx_word' id='word_1_230' title='bbox 1067 1925 1276 1970; x_wconf 84' lang='lat' dir='ltr'>corpore,</span> <span class='ocrx_word' id='word_1_231' title='bbox 1312 1908 1399 1952; x_wconf 88' lang='lat' dir='ltr'>sive</span> <span class='ocrx_word' id='word_1_232' title='bbox 1425 1914 1681 1970; x_wconf 66' lang='lat' dir='ltr'>praesentem</span> <span class='ocrx_word' id='word_1_233' title='bbox 1702 1944 1713 1964; x_wconf 86' lang='lat'><strong>,</strong></span> <span class='ocrx_word' id='word_1_234' title='bbox 1766 1917 1769 1951; x_wconf 80' lang='lat'>1</span> 
     </span>
     <span class='ocr_line' id='line_1_29' title="bbox 339 1972 1769 2043; baseline -0.004 -15"><span class='ocrx_word' id='word_1_235' title='bbox 339 1983 383 2028; x_wconf 88' lang='lat' dir='ltr'>in</span> <span class='ocrx_word' id='word_1_236' title='bbox 418 1995 505 2027; x_wconf 87' lang='lat' dir='ltr'>uno</span> <span class='ocrx_word' id='word_1_237' title='bbox 533 1981 687 2043; x_wconf 88' lang='lat' dir='ltr'>spiritu</span> <span class='ocrx_word' id='word_1_238' title='bbox 717 1979 880 2024; x_wconf 84' lang='lat' dir='ltr'>habere</span> <span class='ocrx_word' id='word_1_239' title='bbox 916 1979 1119 2040; x_wconf 84' lang='lat' dir='ltr'>cupimus</span> <span class='ocrx_word' id='word_1_240' title='bbox 1142 2014 1152 2033; x_wconf 83' lang='grc'>,</span> <span class='ocrx_word' id='word_1_241' title='bbox 1181 1994 1258 2040; x_wconf 88' lang='lat' dir='ltr'>per</span> <span class='ocrx_word' id='word_1_242' title='bbox 1293 1994 1422 2040; x_wconf 89' lang='lat' dir='ltr'>quem</span> <span class='ocrx_word' id='word_1_243' title='bbox 1457 1972 1718 2023; x_wconf 77' lang='lat' dir='ltr'>diffunditur</span> <span class='ocrx_word' id='word_1_244' title='bbox 1764 1974 1769 2022; x_wconf 67' lang='lat' dir='ltr'>&#39;J</span> 
     </span>
     <span class='ocr_line' id='line_1_30' title="bbox 340 2047 1716 2111; baseline -0.004 -13"><span class='ocrx_word' id='word_1_245' title='bbox 340 2051 592 2098; x_wconf 77' lang='lat' dir='ltr'>charit-asin</span> <span class='ocrx_word' id='word_1_246' title='bbox 617 2049 825 2096; x_wconf 73' lang='lat' dir='ltr'>cordibus</span> <span class='ocrx_word' id='word_1_247' title='bbox 846 2048 1049 2101; x_wconf 62' lang='lat' dir='ltr'>riostriss&#39;,</span> <span class='ocrx_word' id='word_1_248' title='bbox 1068 2058 1116 2092; x_wconf 86' lang='lat' dir='ltr'>ut</span> <span class='ocrx_word' id='word_1_249' title='bbox 1131 2047 1329 2111; x_wconf 84' lang='lat' dir='ltr'>quolibet</span> <span class='ocrx_word' id='word_1_250' title='bbox 1349 2047 1444 2093; x_wconf 90' lang='lat' dir='ltr'>loco</span> <span class='ocrx_word' id='word_1_251' title='bbox 1467 2047 1596 2093; x_wconf 87' lang='lat' dir='ltr'>fuerit</span> <span class='ocrx_word' id='word_1_252' title='bbox 1615 2060 1716 2093; x_wconf 82' lang='lat' dir='ltr'>caro</span> 
     </span>
     <span class='ocr_line' id='line_1_31' title="bbox 342 2114 1709 2180; baseline -0.002 -14"><span class='ocrx_word' id='word_1_253' title='bbox 342 2131 486 2167; x_wconf 81' lang='lat' dir='ltr'>nostra</span> <span class='ocrx_word' id='word_1_254' title='bbox 506 2157 516 2176; x_wconf 86' lang='lat'><strong><em>‚</em></strong></span> <span class='ocrx_word' id='word_1_255' title='bbox 552 2118 674 2164; x_wconf 88' lang='lat' dir='ltr'>nullo</span> <span class='ocrx_word' id='word_1_256' title='bbox 710 2114 841 2162; x_wconf 85' lang='lat' dir='ltr'>modo</span> <span class='ocrx_word' id='word_1_257' title='bbox 874 2128 1068 2179; x_wconf 72' lang='lat' dir='ltr'>separata</span> <span class='ocrx_word' id='word_1_258' title='bbox 1105 2117 1239 2180; x_wconf 75' lang='lat' dir='ltr'>possit</span> <span class='ocrx_word' id='word_1_259' title='bbox 1269 2133 1355 2161; x_wconf 87' lang='lat' dir='ltr'>esse</span> <span class='ocrx_word' id='word_1_260' title='bbox 1380 2117 1523 2162; x_wconf 83' lang='lat' dir='ltr'>anima</span> <span class='ocrx_word' id='word_1_261' title='bbox 1549 2128 1709 2164; x_wconf 81' lang='lat' dir='ltr'>nostra.</span> 
     </span>
     <span class='ocr_line' id='line_1_32' title="bbox 344 2186 1716 2251; baseline -0.003 -14"><span class='ocrx_word' id='word_1_262' title='bbox 344 2191 597 2237; x_wconf 86' lang='lat' dir='ltr'>Gratissime</span> <span class='ocrx_word' id='word_1_263' title='bbox 633 2189 878 2251; x_wconf 86' lang='lat' dir='ltr'>accepimus</span> <span class='ocrx_word' id='word_1_264' title='bbox 906 2187 1047 2233; x_wconf 83' lang='lat' dir='ltr'>cilicia</span> <span class='ocrx_word' id='word_1_265' title='bbox 1070 2224 1079 2242; x_wconf 74' lang='grc'><em>,</em></span> <span class='ocrx_word' id='word_1_266' title='bbox 1108 2204 1208 2250; x_wconf 78' lang='lat' dir='ltr'>quae</span> <span class='ocrx_word' id='word_1_267' title='bbox 1234 2186 1416 2243; x_wconf 81' lang='lat' dir='ltr'>misisti,</span> <span class='ocrx_word' id='word_1_268' title='bbox 1451 2187 1528 2233; x_wconf 82' lang='lat' dir='ltr'>ubi</span> <span class='ocrx_word' id='word_1_269' title='bbox 1553 2205 1630 2233; x_wconf 88' lang='lat' dir='ltr'>nos</span> <span class='ocrx_word' id='word_1_270' title='bbox 1662 2187 1716 2233; x_wconf 84' lang='lat' dir='ltr'>de</span> 
     </span>
     <span class='ocr_line' id='line_1_33' title="bbox 338 2252 1716 2325; baseline -0.003 -18"><span class='ocrx_word' id='word_1_271' title='bbox 338 2256 653 2325; x_wconf 78' lang='lat' dir='ltr'>frequentanda</span> <span class='ocrx_word' id='word_1_272' title='bbox 671 2268 712 2305; x_wconf 87' lang='lat' dir='ltr'>et</span> <span class='ocrx_word' id='word_1_273' title='bbox 730 2257 939 2304; x_wconf 84' lang='lat' dir='ltr'>servanda</span> <span class='ocrx_word' id='word_1_274' title='bbox 961 2252 1207 2302; x_wconf 80' lang='lat' dir='ltr'>humilitate</span> <span class='ocrx_word' id='word_1_275' title='bbox 1229 2256 1474 2302; x_wconf 88' lang='lat' dir='ltr'>orationum</span> <span class='ocrx_word' id='word_1_276' title='bbox 1493 2256 1716 2321; x_wconf 84' lang='lat' dir='ltr'>prioripse</span> 
     </span>
     <span class='ocr_line' id='line_1_34' title="bbox 340 2341 559 2377; baseline -0.005 0"><span class='ocrx_word' id='word_1_277' title='bbox 340 2341 559 2377; x_wconf 76' lang='lat' dir='ltr'>monalstl.</span> 
     </span>
    </p>

    <p class='ocr_par' dir='ltr' id='par_1_6' title="bbox 339 2416 1714 2513">
     <span class='ocr_line' id='line_1_35' title="bbox 392 2416 1714 2462; baseline -0.003 -7"><span class='ocrx_word' id='word_1_278' title='bbox 392 2423 401 2444; x_wconf 81' lang='lat'><strong>¹</strong></span> <span class='ocrx_word' id='word_1_279' title='bbox 425 2436 436 2454; x_wconf 88' lang='lat'>1</span> <span class='ocrx_word' id='word_1_280' title='bbox 457 2425 533 2456; x_wconf 79' lang='lat' dir='ltr'>Cor.</span> <span class='ocrx_word' id='word_1_281' title='bbox 559 2434 601 2461; x_wconf 84' lang='grc' dir='ltr'>ιν,</span> <span class='ocrx_word' id='word_1_282' title='bbox 630 2433 659 2460; x_wconf 92' lang='lat'>7.</span> <span class='ocrx_word' id='word_1_283' title='bbox 677 2438 721 2445; x_wconf 90' lang='lat'>-—-</span> <span class='ocrx_word' id='word_1_284' title='bbox 736 2419 752 2441; x_wconf 82' lang='lat'>‘²</span> <span class='ocrx_word' id='word_1_285' title='bbox 771 2419 885 2462; x_wconf 86' lang='lat' dir='ltr'>Philip.</span> <span class='ocrx_word' id='word_1_286' title='bbox 904 2431 949 2453; x_wconf 76' lang='grc' dir='ltr'>ιι,</span> <span class='ocrx_word' id='word_1_287' title='bbox 980 2430 1033 2451; x_wconf 83' lang='lat'>12.</span> <span class='ocrx_word' id='word_1_288' title='bbox 1059 2435 1106 2443; x_wconf 84' lang='lat'>·-</span> <span class='ocrx_word' id='word_1_289' title='bbox 1125 2416 1139 2440; x_wconf 83' lang='lat'>3</span> <span class='ocrx_word' id='word_1_290' title='bbox 1158 2422 1250 2450; x_wconf 79' lang='lat' dir='ltr'>Prov.</span> <span class='ocrx_word' id='word_1_291' title='bbox 1278 2430 1338 2450; x_wconf 71' lang='lat' dir='ltr'>vm</span> <span class='ocrx_word' id='word_1_292' title='bbox 1356 2445 1364 2461; x_wconf 90' lang='lat'>,</span> <span class='ocrx_word' id='word_1_293' title='bbox 1395 2419 1434 2449; x_wconf 82' lang='lat'>25</span> <span class='ocrx_word' id='word_1_294' title='bbox 1449 2420 1559 2462; x_wconf 80' lang='lat' dir='ltr'>‚juxta</span> <span class='ocrx_word' id='word_1_295' title='bbox 1573 2429 1650 2454; x_wconf 74' lang='lat' dir='ltr'><strong>Lxx.</strong></span> <span class='ocrx_word' id='word_1_296' title='bbox 1669 2435 1714 2442; x_wconf 89' lang='lat'>-</span> 
     </span>
     <span class='ocr_line' id='line_1_36' title="bbox 339 2470 957 2513; baseline -0.006 -4"><span class='ocrx_word' id='word_1_297' title='bbox 339 2475 355 2499; x_wconf 73' lang='lat'><em>4</em></span> <span class='ocrx_word' id='word_1_298' title='bbox 371 2476 452 2509; x_wconf 78' lang='lat' dir='ltr'>Psal.</span> <span class='ocrx_word' id='word_1_299' title='bbox 472 2484 584 2513; x_wconf 73' lang='lat' dir='ltr'><strong>xxxv»,</strong></span> <span class='ocrx_word' id='word_1_300' title='bbox 606 2476 660 2505; x_wconf 82' lang='lat'>23.</span> <span class='ocrx_word' id='word_1_301' title='bbox 674 2488 720 2498; x_wconf 84' lang='lat'>—-·</span> <span class='ocrx_word' id='word_1_302' title='bbox 737 2470 750 2495; x_wconf 88' lang='lat'>⁵</span> <span class='ocrx_word' id='word_1_303' title='bbox 768 2476 860 2504; x_wconf 83' lang='lat' dir='ltr'>Rom.</span> <span class='ocrx_word' id='word_1_304' title='bbox 878 2482 908 2511; x_wconf 86' lang='lat' dir='ltr'>v,</span> <span class='ocrx_word' id='word_1_305' title='bbox 926 2473 957 2505; x_wconf 80' lang='grc'>5.</span> 
     </span>
    </p>
   </div>
   <div class='ocr_carea' id='block_1_5' title="bbox 1766 2187 1769 2230">
    <p class='ocr_par' dir='ltr' id='par_1_7' title="bbox 1766 2187 1769 2230">
     <span class='ocr_line' id='line_1_37' title="bbox 1766 2187 1769 2230; baseline 0 0"><span class='ocrx_word' id='word_1_306' title='bbox 1766 2187 1769 2230; x_wconf 64' lang='lat' dir='ltr'>i</span> 
     </span>
    </p>
   </div>
  </div>
 </body>
</html>
