1769 3235
485 316 697 356 Erlsfom
731 318 905 357 ccxxvi.
1313 312 1403 375 275

35 389 161 435 etiam
188 388 432 453 Scripturas
464 401 565 454 quae
599 390 652 435 de·
683 389 813 435 Saule
836 390 902 436 vel
923 390 976 435 de
1004 391 1143 436 David
1165 392 1400 455 posuisti¹¹‚

35 476 123 506 nun
151 460 365 523 pertinere
393 470 553 524 pntant
588 460 642 506 ad
671 461 978 523 quaestionem,
1005 477 1104 525 quae
1127 462 1181 508 de
1200 463 1403 508 exhorta*-

36 530 151 576 tione
175 541 383 577 versatur.
415 531 511 577 Alia
539 541 682 576 autem
707 529 762 576 ad
781 530 826 576 id
850 530 1067 586 referunt,
1092 540 1140 577 'ut
1157 543 1204 577 ex
1229 532 1297 578 his
1313 544 1405 578 eam

34 601 216 661 gratiam
253 601 474 664 accipiant
509 600 831 657 commendari,
867 613 952 664 qua
986 603 1281 666 unusquisque
1310 612 1410 666 post

37 671 303 717 voluntatem
335 676 548 730 juvatum
584 671 651 718 vel
688 672 743 717 ad
777 671 916 734 ipsam
960 673 1265 729 vocationem,
1306 684 1408 735 quae

38 752 271 804 praestatur
292 741 496 801 indignis,
529 743 625 789 Hoc
648 741 762 788 enim
783 751 826 787 et
848 741 932 786 illis
954 741 1060 787 locis
1078 751 1252 788 tuorum
1271 759 1410 805 opus-

36 811 237 857 culorum
268 823 310 858 et
339 812 523 858 aliorum
541 849 551 863 ,
594 822 694 877 quae
719 812 920 876 persequi
950 811 1130 872 longum
1152 823 1238 867 est,
1265 830 1310 859 se
1331 813 1411 857 de-

38 893 277 927 monstrare
302 893 527 930 testantur.
559 904 579 925 »

105 951 226 998 Vlll.
258 974 278 993 a
304 953 596 999 Parvulorum
618 963 757 999 autem
783 969 957 998 causam
981 952 1034 998 ad
1051 951 1296 1017 exemplum
1318 965 1413 997 ma-

33 1025 181 1082 jorum
205 1037 292 1068 non
318 1025 547 1086 patiuntur
574 1024 728 1071 afferri.
757 1025 902 1081 Quam
926 1033 969 1069 et
993 1031 1114 1069 tuam
1142 1023 1415 1070 sanctitatem

38 1093 192 1139 dicunt
215 1105 389 1140 eatenus
423 1096 641 1155 attigisse,
680 1105 729 1141 ut
765 1095 982 1140 incertum
1013 1106 1100 1141 esse
1132 1094 1340 1143 volueris,
1368 1106 1418 1139 ac

0 1205 1 1228 3
39 1164 186 1227 potius
207 1164 260 1209 tle
280 1181 429 1210 eorum
454 1166 600 1228 poenis
619 1166 822 1211 malueris
843 1159 1055 1212 dubitari.
1083 1164 1215 1222 Quod
1234 1164 1279 1210 in
1301 1164 1417 1210 libro

0 1237 1 1258 ³
41 1235 165 1281 tertio
189 1236 248 1281 de
270 1236 435 1282 Libero
458 1237 655 1282 arbitrio
676 1236 735 1282 ita
752 1237 944 1299 positum
962 1236 1214 1292 meministi,
1236 1245 1286 1282 ut
1300 1235 1418 1280 hanc

0 1303 3 1362 l
40 1304 98 1350 eis
113 1306 388 1352 occasionem
415 1307 611 1370 potnerit
636 1307 854 1353 exhibere.
877 1307 973 1352 Hoc
998 1308 1127 1352 etiam
1156 1306 1210 1352 de
1238 1305 1423 1352 aliorum

40 1375 187 1432 libris,
214 1393 401 1440 quorum
428 1389 491 1423 est
522 1380 566 1423 in
600 1377 793 1424 Ecclesia
818 1379 1053 1423 auctoritas
1070 1415 1080 1433 ,
1110 1376 1279 1424 faciunt
1302 1375 1425 1439 quod

40 1446 252 1509 perspicit
278 1448 485 1494 sanctitas
517 1458 590 1494 tua
620 1465 707 1493 non
741 1459 898 1511 parum
924 1463 1049 1510 posse
1069 1451 1222 1507 juvare
1242 1457 1424 1493 contra-

1 1538 5 1565 1
39 1517 254 1573 dictores,
281 1518 364 1563 nisi
393 1523 582 1579 majora,
619 1529 694 1564 aut
721 1528 836 1564 certe
864 1518 931 1564 vel
956 1519 1079 1582 paria
1098 1517 1379 1581 'proferantur
1400 1534 1423 1561 a

2 1589 5 1638 Ξ
41 1588 179 1634 nobis.
206 1589 304 1634 Non
318 1589 432 1634 enim
454 1590 626 1649 ignorat
643 1589 982 1654 prudentissima
997 1590 1132 1652 pietas
1148 1600 1240 1644 tua,
1257 1598 1423 1651 quanto

3 1651 7 1675 ³
39 1657 186 1722 plures
202 1658 353 1704 sintin
372 1660 590 1717 Ecclesia,
616 1661 694 1723 qui
714 1660 971 1705 auctoritate
997 1658 1226 1704 nominum
1250 1659 1297 1703 in
1324 1673 1424 1703 sen-

41 1728 175 1773 tentia
195 1739 422 1775 teneantur
438 1766 449 1786 ,
476 1740 552 1775 aut
575 1748 598 1775 a
621 1730 835 1775 sententia
856 1728 1184 1774 transferantur.
1217 1727 1282 1773 Ad
1300 1742 1426 1773 sum-

5 1809 9 1877 *
43 1814 181 1854 mam,
208 1797 397 1859 fatigatis
421 1801 626 1846 omnibus
645 1800 798 1856 nobis,
821 1799 873 1844 ad
897 1799 944 1844 id
977 1799 1223 1860 prosecutio
1243 1810 1394 1843 eorum
1415 1835 1426 1851 ‚

5 1881 10 1940 ι
41 1867 107 1913 vel
123 1868 269 1931 potius
288 1869 460 1932 querela
481 1870 770 1925 convertitur,
791 1869 1166 1916 consentientibus
1184 1868 1315 1914 etiam
1331 1863 1419 1919 his,

7 1946 11 2002 ξ
41 1938 118 2001 qui
133 1939 247 1984 hanc
264 1938 561 1986 definitionem
584 1941 839 2004 improbare
862 1957 950 1985 non
974 1939 1157 1995 audent,
1185 1950 1231 1985 ut
1244 1939 1420 1985 dicant}

7 2004 12 2063 Ι
46 2009 165 2065 Quid
202 2026 312 2072 opus
350 2009 431 2055 fuit
466 2010 773 2070 hujuscemodi
805 2010 1115 2074 disputationis
1153 2010 1320 2056 incerto
1359 2020 1423 2055 tot

9 2070 12 2084 ⁸
45 2080 186 2126 minus
219 2080 552 2140 intelligentium
582 2082 716 2127 corda
739 2082 945 2127 turbari?
970 2081 1119 2144 Neque
1142 2082 1256 2126 enim
1282 2080 1426 2126 minus

46 2149 210 2196 utiliter
226 2150 316 2196 sine
335 2151 420 2197 hac
443 2151 696 2198 definitione
713 2188 725 2208 ,
750 2152 872 2197 aiunt
887 2189 898 2208 ,
930 2163 997 2197 tot
1019 2152 1142 2197 annis
1171 2170 1194 2197 a
1221 2158 1286 2196 tot
1307 2162 1425 2196 trac*

11 2235 15 2306 ι
47 2222 285 2278 tatoribus,
322 2233 385 2267 tot
408 2222 760 2285 praecedentibus
783 2222 907 2268 libris
938 2233 983 2267 et
1012 2222 1098 2267 tuis
1128 2230 1171 2267 et
1202 2221 1387 2267 aliorum
1411 2258 1418 2270 .

13 2310 15 2315 ·
47 2309 146 2337 cum
169 2302 323 2338 contra
360 2292 465 2338 alios
481 2329 491 2348 ,
531 2305 624 2338 tum
652 2293 835 2339 maxime
856 2302 1010 2339 contra
1037 2292 1290 2351 Pelagianos
1309 2329 1319 2347 ‚
1344 2309 1420 2337 ca<-

47 2362 255 2408 tholicam
272 2362 403 2408 fidem
419 2361 548 2409 fuisse
564 2363 799 2410 defensam.

15 2442 17 2463 ¹
112 2433 192 2478 IX.
219 2433 353 2490 Haec,
382 2434 442 2479 mi
468 2444 606 2496 pater,
632 2445 674 2479 et
695 2434 777 2480 alia
802 2432 1183 2479 interminabiliter
1206 2429 1351 2494 plura,
1375 2441 1422 2476 ‘ut

1 2498 19 2569 ξ
48 2519 213 2548 samma
238 2520 332 2548 mea
359 2515 460 2549 vota
486 2505 722 2559 confitear,
749 2514 828 2567 per
854 2519 921 2548 me
948 2501 1115 2547 deferre
1138 2500 1381 2546 maluissem
1407 2518 1417 2544 t

16 2581 20 2647 ξ
49 2573 114 2619 vel
139 2574 241 2636 quia
267 2573 352 2619 hoc
373 2589 462 2619 non
483 2575 645 2631 merui,
676 2574 826 2621 saltem
857 2573 1090 2637 prolixiore
1107 2583 1302 2633 tempore
1319 2586 1420 2616 om-

95 2659 108 2680 ¹
131 2669 142 2687 1
163 2660 242 2699 Reg.
258 2668 289 2699 x,
307 2663 337 2688 et
357 2669 367 2687 t
385 2657 487 2688 Paral.
505 2668 567 2690 nt.

18 2719 22 2793 ’ᾧ
1224 2708 1291 2753 18.

20 2806 23 2822 1
