1769 3235
304 244 396 306 545
711 259 746 290 s,
788 256 1030 291 Auensnm
1066 259 1268 292 EPISCOPI

294 327 466 391 judicio
482 363 492 381 ‚
524 324 601 372 ubi
622 341 699 385 ego
726 341 814 370 non
841 324 1016 370 interfui
1038 363 1049 381 ‚
1073 325 1561 374 excommunicationem
1582 344 1675 374 me-

301 408 459 445 ruerat.
488 397 538 441 In
552 394 742 441 seeundo
762 394 877 439 libro
892 395 1080 458 quodam
1105 396 1220 452 loco,
1244 400 1350 441 Hoc
1367 397 1673 459 ᾳιιίύιωέίαιη,

301 469 484 532 inquam
507 503 517 522 ‚
549 471 595 510 in
609 467 714 527 fine
734 465 986 527 largietur,
1004 477 1056 511 ῑιί
1073 477 1268 511 mortem
1285 469 1527 529 repentina
1549 486 1680 513 conz-

302 539 562 584 mzctctll'one
599 554 696 581 non
720 541 950 592 sentiant,
975 552 1146 583 servans
1175 536 1319 581 locum
1345 535 1610 596 diligentiori
1631 537 1683 583 de

301 609 387 656 hac
405 625 450 654 re
472 607 758 670 inquisitioni.
792 611 881 653 Aut
898 608 1011 653 enim
1033 625 1119 653 non
1133 607 1403 662 morientur3
1426 619 1499 654 aut
1522 609 1580 654 de
1594 608 1685 658 vita

299 680 382 726 ista
400 679 446 724 in
471 688 656 723 mortem
673 714 684 734 ,
710 687 752 722 et
775 676 828 723 de
844 689 985 724 morte
1003 678 1048 723 in
1070 689 1275 727 aeternam
1299 677 1432 724 vitam
1457 678 1684 724 celerrima

304 748 648 795 commutatione
675 758 884 812 tanquam
908 749 952 794 in
977 748 1070 794 ictu
1089 748 1205 794 oculi
1221 747 1487 794 transeundo
1503 760 1687 794 mortem

303 838 393 868 non
418 819 616 866 sentient.
641 819 738 865 Hoc
760 819 886 882 Opus
907 818 968 864 sic
984 818 1144 883 incipit
1164 837 1175 864 ε
1207 822 1438 877 Quamvis
1455 824 1503 865 z'n
1523 818 1688 865 nzeclz'is

307 903 355 938 et
374 895 560 954 magnis
584 907 805 936 curarum
828 889 1029 938 cestibus.

310 1062 1186 1079 mmmm-mnsssuzwswsmmuuzwffl
1192 1066 1245 1077 “a
1253 1064 1687 1079 mswnxmzmmwm

795 1177 976 1222 CAPUT
1004 1179 1205 1224 XXXIV.

316 1311 381 1356 De
398 1311 529 1355 unico
556 1309 775 1367 Baptismo
791 1319 944 1352 eontra
960 1310 1233 1353 Pacilianam
1249 1311 1308 1353 ad
1330 1310 1690 1361 Constantinam,

881 1378 990 1420 liber
1014 1393 1139 1422 unus.

387 1523 454 1568 Eo
475 1531 673 1583 tempore
695 1518 862 1565 librum
895 1519 952 1564 de
980 1520 1116 1564 unico
1141 1522 1380 1581 Baptismo
1412 1518 1574 1564 amicus
1595 1518 1700 1583 qui-

323 1593 425 1640 dam
449 1607 593 1645 meus,
625 1607 648 1634 a
672 1590 815 1635 nescio
840 1606 927 1653 quo
954 1590 1180 1634 Donatista
1212 1590 1474 1652 presbytero
1500 1589 1670 1653 accepit
1688 1627 1699 1646 ‚

326 1663 548 1711 indicante
568 1660 688 1724 quod
720 1655 961 1705 Petilianus
992 1659 1223 1723 episcopus
1263 1677 1412 1705 eorum
1450 1661 1705 1706 Constanti-

328 1734 468 1782 nensis
497 1749 595 1778 eum
620 1730 854 1794 scripserit.
887 1731 1019 1776 Hune
1046 1730 1099 1775 ad
1125 1747 1191 1775 me
1212 1729 1283 1775 ille
1306 1730 1472 1785 attulit,
1500 1747 1550 1776 ac
1570 1731 1706 1776 vehe-

329 1814 496 1852 menter
514 1813 562 1847 ut
581 1801 618 1846 ei
640 1800 944 1864 responderem
967 1801 1158 1860 rogavit3
1185 1800 1403 1846 etfactum
1422 1810 1496 1848 est.
1523 1801 1708 1846 Librum

332 1887 478 1923 autem
505 1873 633 1919 etiam
663 1889 806 1918 meum
831 1872 877 1917 in
905 1889 993 1936 quo
1022 1871 1259 1935 respondi,
1300 1872 1499 1917 eumdem
1534 1872 1709 1918 titulum

331 1947 496 1999 habere
519 1943 668 1998 volui,
694 1943 780 1988 hoc
803 1953 887 1998 est,
915 1947 989 1988 De
1014 1948 1155 1988 wn'eo
1181 1946 1446 2005 Baptisnzo.
1478 1943 1530 1988 In
1554 1959 1642 2006 quo
1655 1942 1710 1988 li-

335 2019 418 2065 bro
439 2015 552 2062 illud
571 2014 688 2079 quod
725 2014 812 2059 dixi
829 2051 839 2070 ,
866 2017 1222 2060 Constantinum
1252 2019 1588 2077 Imperatorem
1606 2017 1712 2059 Do-

339 2091 526 2136 natistis
557 2085 917 2131 criminantibus
956 2084 1277 2130 ordinatorem
1316 2084 1557 2130 Ccecz'liani
1589 2089 1632 2130 F
1629 2085 1713 2130 eli-

340 2178 440 2208 cem
463 2165 820 2222 Aplungensem
845 2174 940 2201 non
964 2174 1163 2219 negasse
1187 2157 1502 2201 accusationis
1530 2156 1680 2201 locum
1700 2193 1710 2208 ,

342 2231 561 2297 quamvis
584 2245 664 2273 eos
683 2232 731 2272 in
762 2228 1005 2272 Coecz'liani
1021 2229 1149 2289 siclis
1169 2227 1443 2271 criminibus
1458 2226 1718 2273 calumnio-

344 2301 610 2362 sossuisset
627 2309 851 2362 expertas
868 2335 878 2355 ,
916 2299 962 2345 in
994 2299 1145 2345 ordine
1170 2309 1415 2361 temporum
1441 2308 1587 2361 postea
1607 2315 1717 2344 con-

349 2374 608 2428 sideratum,
634 2370 757 2416 aliter
795 2371 1021 2416 inventum
1053 2381 1126 2416 est.
1165 2370 1274 2414 Nam
1302 2370 1422 2432 prius
1458 2379 1720 2415 memoratus

348 2450 596 2509 meerator
617 2459 793 2487 causam
823 2441 974 2487 Felicis
1007 2440 1106 2486 fecit
1127 2439 1267 2485 audiri
1289 2458 1311 2484 a
1333 2439 1620 2497 Proconsule,
1643 2439 1722 2486 ubi

350 2518 508 2577 legitur
532 2512 786 2571 absolutus3
812 2524 854 2558 et
871 2524 1020 2577 postea
1043 2512 1134 2576 ipse
1158 2511 1442 2557 Caecilianum
1460 2527 1560 2557 cum
1587 2527 1721 2557 accu-

347 2588 563 2638 satoribus
587 2589 678 2648 ejus
710 2584 906 2632 auditum
927 2621 939 2643 ,
966 2582 1181 2649 comperit
1203 2582 1484 2630 innocentem
1500 2618 1512 2640 ,
1545 2580 1624 2628 ubi
1653 2597 1723 2629 eos
