1769 3235
323 253 416 318 478
742 263 778 294 S.
822 258 1066 292 AUGUSTINI
1100 256 1305 290 EPISCOPI

324 344 506 400 propter
533 339 764 396 peccatum
797 326 887 372 sine
909 325 1135 372 voluntate
1153 341 1239 370 esse
1267 340 1357 369 non
1378 339 1503 386 posse
1526 321 1699 370 verissi-

327 422 446 452 mum
473 417 549 450 est.

392 475 469 521 lv.
496 476 694 535 Itemque
717 468 913 516 definitio
932 467 1101 531 peccati
1117 484 1203 530 qua
1223 466 1425 517 diximus,
1443 467 1700 511 Peccatum

325 557 395 592 est
420 545 645 590 voluntas
670 538 903 586 retinendi
921 539 1001 584 vel
1014 540 1338 601 consequendi
1358 537 1494 600 qnod
1509 536 1703 599 J'uslite'a

327 627 457 662 vetat
476 652 487 670 ‚
515 626 558 659 ec
579 611 704 658 unde
725 610 919 655 liberum
955 619 1024 654 est
1059 610 1292 653 abstinere
1313 644 1324 663 ,
1348 617 1583 671 propterea
1604 621 1702 652 vera

328 697 417 743 est,
441 685 545 749 quia
567 683 613 729 id
642 681 870 728 definitum
896 690 958 725 est
985 678 1105 742 quod
1140 677 1443 724 tantummodo
1474 686 1703 741 peecatum

329 767 417 813 est,
451 772 540 800 non
566 752 687 817 quod
725 751 854 797 etiam
885 766 1019 812 poena
1053 749 1237 811 peccati.
1273 749 1383 793 Nam
1407 747 1584 811 quando
1621 746 1705 792 tale

330 837 393 872 est
411 836 459 871 ut
483 824 597 870 idem
619 823 673 868 sit
695 831 737 866 et
756 837 888 883 poena
906 818 1077 882 peccati
1098 855 1108 873 ‚
1130 828 1344 881 quantum
1366 829 1427 863 est
1454 817 1574 881 quod
1593 817 1706 863 valet

330 895 532 942 voluntas
557 893 639 938 sub
662 890 916 936 dominante
937 887 1198 951 cupiditate,
1222 889 1310 941 ¹nisi
1333 888 1442 934 forte
1466 889 1500 934 si
1522 889 1595 952 pia
1614 898 1702 943 est,

333 977 381 1012 ut
401 975 492 1011 oret
530 962 772 1009 auxilium?
804 960 855 1004 ln
877 968 1050 1004 tantum
1082 959 1195 1003 enim
1218 958 1354 1004 libera
1377 969 1464 1013 est,
1494 959 1540 1004 in
1569 969 1707 1022 quan-

332 1049 425 1083 tum
448 1036 630 1081 liberata
654 1042 738 1088 est,
763 1031 865 1076 etin
889 1040 1058 1075 tantum
1079 1029 1328 1093 appellatur
1344 1029 1558 1077 voluntas.
1582 1030 1709 1075 Alio-

331 1107 440 1171 quin
460 1116 548 1150 tota
565 1101 785 1167 cupiditas
805 1138 814 1156 ‚
842 1117 976 1163 quam
995 1099 1193 1145 voluntas
1212 1100 1389 1163 proprie
1408 1099 1708 1163 nuncupanda

332 1188 411 1233 est,
441 1193 540 1240 quae
562 1192 648 1220 uon
667 1183 746 1229 est,
770 1174 882 1218 sicut
908 1170 1147 1216 Manichaei
1171 1170 1423 1234 desipiunt,
1448 1172 1596 1217 alienae
1625 1188 1709 1216 na—

336 1258 445 1292 turae
469 1244 814 1291 additamentum
831 1278 842 1298 ‚
874 1240 947 1286 sed
968 1251 1126 1286 nostrae
1150 1241 1306 1286 vitium
1325 1278 1336 1297 ,
1365 1258 1387 1286 a
1410 1258 1498 1305 quo
1526 1258 1614 1287 non
1637 1258 1708 1286 sa-

334 1327 463 1363 natur
493 1315 575 1361 nisi
611 1313 748 1373 gratia
784 1311 1031 1358 salvatoris.
1064 1310 1195 1367 Quod
1225 1311 1258 1356 si
1294 1312 1525 1376 quisquam
1563 1311 1706 1369 dicit,

332 1387 462 1432 etiam
478 1385 617 1449 ipsam
641 1382 928 1446 cupiditatem
953 1380 1067 1425 nihil
1093 1379 1213 1425 aliud
1239 1397 1325 1426 esse
1347 1398 1480 1444 quam
1503 1381 1708 1428 volunta-

334 1467 420 1502 tem
440 1493 450 1511 ,
479 1454 552 1500 sed
570 1454 764 1499 vitiosam
780 1488 790 1507 ‚
820 1460 1089 1515 peccatoque
1109 1450 1362 1496 servientem
1379 1472 1390 1506 ;
1411 1469 1498 1497 non
1517 1453 1710 1498 resisten-

337 1527 444 1573 dum
464 1536 557 1580 est,
587 1540 666 1569 nec
694 1522 748 1568 de
770 1521 913 1567 verbis
934 1557 946 1576 ‚
974 1537 1075 1565 cum
1099 1537 1165 1566 res
1193 1532 1361 1567 constet
1384 1559 1395 1578 ‚
1422 1522 1712 1569 controversia

335 1596 548 1644 facienda.
581 1594 723 1639 Etiam
743 1593 804 1638 sic
830 1592 943 1638 enim
966 1591 1210 1637 ostenditur
1228 1629 1238 1648 ‚
1260 1592 1348 1637 sine
1366 1593 1589 1639 voluntate
1607 1594 1714 1640 nul·-

337 1669 430 1714 lum
453 1684 539 1712 esse
563 1674 793 1728 peccatum
811 1699 823 1719 ‚
851 1662 937 1707 sive
960 1662 1006 1707 in
1029 1679 1159 1724 opere
1177 1698 1189 1718 ,
1219 1662 1305 1709 sive
1332 1663 1378 1709 in
1404 1664 1582 1724 origine.
1729 1648 1735 1655 ¹

403 1740 454 1785 V.
479 1739 646 1783 Rursus
671 1736 716 1781 in
736 1751 785 1780 eo
804 1733 924 1797 quod
948 1733 1054 1789 dixi,
1073 1734 1183 1797 jam
1202 1751 1409 1797 qczcerere
1427 1735 1708 1799 coel)eram¹‚

340 1822 498 1857 utrum
540 1808 662 1853 illud
706 1806 889 1851 malum
923 1822 1076 1867 genus
1112 1807 1383 1851 animarum
1401 1843 1412 1863 ,
1449 1818 1713 1871 antequam
1768 1858 1769 1868 ἵ

340 1883 457 1928 bono
495 1884 770 1925 misceretur
788 1913 799 1933 ,
822 1876 1062 1921 habuisset
1095 1876 1305 1940 aliquam
1327 1877 1635 1925 volantatem.
1666 1880 1716 1924 Si
1768 1869 1769 1874 Ἰ

338 1954 463 1999 enim
485 1967 579 1995 non
605 1947 832 2003 habebat,
856 1947 959 1991 sine
975 1958 1173 2009 peccato
1191 1958 1334 2010 atque
1351 1948 1575 1993 innocens
1590 1958 1709 2003 erut,

339 2036 386 2069 et
427 2022 530 2067 ideo
569 2018 700 2064 nullo
737 2016 873 2062 modo
907 2016 1103 2062 melum.
1141 2017 1233 2063 Cur
1269 2018 1428 2077 igitur,
1465 2018 1674 2082 inquiunt
1699 2054 1710 2074 ‚

340 2103 570 2159 peccatum
599 2088 743 2135 dicitis
767 2087 1052 2151 parvulorum
1072 2125 1082 2143 ,
1119 2104 1305 2150 quorum
1330 2088 1600 2135 voluntatem
1625 2105 1714 2134 non

343 2164 491 2211 tenetis
516 2179 631 2208 ream
653 2163 672 2206 ἱ)
697 2158 1007 2222 Respondetur
1022 2196 1032 2214 ‚
1059 2176 1146 2204 non
1173 2176 1243 2205 eos
1266 2161 1534 2222 proprietate
1553 2160 1714 2207 volun—

338 2236 436 2283 tatis
453 2272 464 2291 ,
497 2233 569 2279 sed
594 2231 757 2291 origine
780 2247 871 2275 reos
911 2230 1042 2276 teneri
1094 2231 1249 2276 Omnis
1272 2231 1386 2276 enim
1411 2232 1545 2277 homo
1577 2242 1713 2277 terre-

339 2324 420 2354 nus
445 2303 554 2368 quid
577 2313 638 2348 est
672 2301 837 2361 origine
855 2337 866 2355 ‚
907 2301 990 2345 nisi
1029 2299 1166 2345 Adam
1191 2303 1208 2345 ,ὓ
1233 2302 1371 2346 Porro
1403 2312 1546 2347 autem
1571 2301 1712 2348 Adam

341 2378 536 2424 habebat
560 2374 711 2436 utique
726 2371 996 2418 voluntatem
1017 2407 1027 2427 ‚
1049 2387 1134 2433 qua
1160 2371 1380 2417 voluntate
1397 2388 1500 2418 cum
1529 2387 1712 2436 peccas-

340 2459 427 2503 set,
454 2456 686 2511 peccatum
708 2460 786 2507 per
805 2459 905 2488 eum
926 2442 1104 2488 intravit
1121 2442 1167 2487 in
1188 2443 1416 2490 mundum.

401 2519 478 2566 Vl.
505 2519 704 2580 Itemque
727 2516 774 2562 in
792 2531 842 2561 eo
859 2513 980 2578 quod
1003 2512 1113 2572 dixi,
1131 2517 1324 2560 Nalm-a
1343 2531 1442 2561 esse
1457 2514 1599 2561 malae
1612 2517 1715 2560 ania

386 2602 398 2627 ¹
415 2604 492 2645 Leg.
506 2607 668 2644 poteram.
