1769 3235
348 264 432 296 102
744 267 779 298 S.
822 265 1066 299 AUGUSTINI
1098 264 1301 301 EPISCOPI

347 329 549 385 ebriosis,
570 346 659 375 non
681 330 831 394 utique
851 330 995 393 diligit
1014 333 1400 381 manifestationem
1418 338 1523 395 ejus.
1549 336 1611 383 Ex
1630 352 1720 382 mo-

345 398 471 444 ribus
494 399 607 445 enim
638 411 822 464 apparet
841 401 1010 449 animus
1037 406 1154 463 ejus3
1181 422 1288 468 quos
1309 422 1469 460 mores,
1495 405 1596 451 licet
1613 406 1749 452 bre-

347 469 486 525 viter,
526 469 624 516 ideo
662 472 864 531 magister
888 472 1030 519 bonus
1058 476 1228 520 curavit
1251 475 1514 538 exprimere,
1553 475 1599 521 id
1623 486 1714 532 est,

346 536 598 602 superbiam
622 552 751 604 atque
770 542 1015 600 luxuriam,
1039 561 1092 589 ne
1118 544 1237 608 quod
1270 545 1473 601 dicebat,
1510 548 1718 592 «Moram
1747 563 1750 580 ¹

347 630 370 650 »
388 609 493 654 facit
527 611 739 657 Dominus
780 629 927 669 meus,
951 635 972 654 »
1009 614 1221 660 desiderio
1260 616 1438 661 Domini
1473 616 1538 662 sui
1578 615 1749 662 dicere

348 680 597 726 crederetur
613 717 624 736 ‚
650 699 739 745 quo
758 683 939 729 ardebat
958 684 1029 731 ille
1053 685 1127 747 qui
1144 685 1344 741 dicebat,
1371 707 1391 726 «
1412 686 1556 732 Sitivit
1579 686 1722 731 anima
1748 701 1751 718 ³

350 767 485 795 »mea
519 753 572 797 ad
599 753 739 798 Deum
762 753 913 798 vivum
936 772 945 799 :
983 754 1162 819 quando
1201 755 1369 803 veniam
1391 793 1401 811 ‚
1432 767 1473 801 et
1501 756 1723 819 apparebo
1750 767 1751 771 ’

349 841 372 864 >)
395 832 492 867 ante
513 821 667 868 faciem
686 822 858 869 Dei19»
882 824 1079 870 Dicendo
1100 825 1233 881 enim,
1248 824 1468 883 «Quando
1487 825 1652 872 veniam
1671 828 1724 872 ¹9»
1750 807 1769 895 ii

350 909 496 937 moras
515 909 556 937 se
581 894 750 956 perpeti
776 893 951 940 moleste
973 894 1164 941 ferebat:
1194 896 1295 959 quia
1318 896 1445 942 ctiam
1470 896 1589 961 quod
1611 907 1724 942 tem-
1750 891 1753 896 ¹

351 980 494 1027 pore
483 963 771 1021 acceleratur,
813 965 1025 1011 desiderio
1052 966 1226 1011 tardum
1263 967 1448 1014 videtur.
1491 967 1753 1024 Quomodo·

353 1044 499 1079 autem
524 1034 674 1080 tardus
693 1046 755 1081 est
778 1039 869 1096 ejus
896 1035 978 1082 adt
983 1046 1133 1093 entus
1160 1037 1229 1083 vel
1258 1038 1481 1102 quomodo
1505 1037 1631 1098 longe
1652 1032 1727 1084 fu·
1751 1047 1769 1094 ⁴}

352 1112 477 1148 turus
502 1114 594 1161 est,
623 1121 722 1150 curn
745 1105 831 1168 ipsi
851 1106 1049 1170 Apostoli
1083 1117 1201 1171 temp
1207 1124 1303 1163 ore,
1330 1125 1417 1172 quo
1439 1075 1729 1154 adl1uc⁶erant
1765 1101 1769 1156 ⁴]

354 1173 400 1220 in
423 1191 551 1220 carne
569 1213 580 1232 ,
618 1174 834 1234 dixerint,
866 1199 886 1219 α
903 1178 1145 1224 Novissima
1169 1178 1278 1224 hora
1305 1182 1399 1225 est?
1424 1200 1444 1221 n
1468 1178 1669 1243 quamvis
1705 1195 1729 1224 a
1752 1211 1756 1235 3

354 1245 544 1291 Domino
574 1244 819 1303 audierint,
848 1269 868 1290 κ
885 1249 983 1294 Non
1008 1261 1069 1294 est
1091 1260 1284 1296 vestrum
1309 1250 1416 1295 scire
1439 1260 1637 1314 tempora
1652 1249 1685 1296 2.
1709 1271 1728 1291 >³
1752 1246 1755 1284 ἱ

352 1315 449 1361 Hoc
472 1332 573 1376 ergo
610 1318 860 1364 nesciebant
881 1318 1001 1382 quod
1025 1319 1239 1365 nescimus
1271 1330 1312 1365 et
1346 1337 1423 1365 nos
1443 1357 1453 1376 ‚
1491 1321 1729 1383 (quantum
1752 1336 1769 1371 ω

355 1386 412 1432 ad
432 1404 498 1432 me
520 1387 670 1433 attinet
694 1387 817 1445 dico,
845 1400 886 1434 et
917 1407 987 1435 eos
1007 1390 1083 1454 qui
1103 1390 1189 1436 hoc
1212 1407 1382 1436 mecum
1410 1391 1608 1436 nesciunt
1623 1391 1668 1453 ‚)
1689 1400 1730 1436 et
1753 1407 1755 1417 ’

354 1468 500 1503 tamen
520 1458 682 1522 quibus
705 1458 875 1505 dictum
899 1470 961 1505 est
976 1497 987 1516 ,
1028 1482 1047 1502 c<
1069 1461 1168 1507 Non
1192 1472 1253 1507 est
1276 1472 1467 1508 vestrum
1489 1460 1597 1507 scire
1616 1471 1730 1506 tem-
1753 1465 1757 1508 ὲ

354 1549 376 1570 »
395 1545 504 1592 pora
524 1567 533 1585 ‚
557 1546 657 1592 quae
675 1530 805 1575 Pater
822 1530 968 1594 posuit
995 1531 1040 1577 in
1061 1547 1138 1576 sua
1160 1542 1371 1595 potestate
1385 1531 1403 1560 3
1420 1569 1430 1588 ‚
1453 1553 1472 1573 »
1493 1530 1733 1592 diligebant
1753 1550 1756 1601 3

355 1602 447 1660 ejus
482 1599 898 1657 manifestationem,
940 1612 982 1647 et
1006 1601 1174 1648 dabant
1207 1602 1425 1649 conservis
1452 1602 1498 1648 in
1538 1609 1757 1665 temporei

355 1669 539 1726 cibaria,
563 1688 640 1717 1166
658 1671 964 1735 percutiebant
986 1689 1055 1718 eos
1072 1672 1342 1719 dominando
1357 1673 1431 1728 eis,
1449 1690 1528 1719 nec
1544 1672 1733 1718 luxuria·
1754 1688 1757 1741 j

355 1740 515 1786 brntur
535 1758 636 1787 cum
658 1743 925 1788 amatoribus
950 1744 1123 1801 mundi,
1149 1743 1340 1791 dicentes
1358 1782 1368 1801 ‚
1391 1765 1411 1786 «
1431 1744 1601 1789 Moram
1628 1741 1734 1789 facit
1754 1763 1758 1807 3

357 1831 379 1853 ³>
400 1811 617 1858 Dominus
646 1829 780 1860 meus.
809 1835 828 1855 ›>
1756 1812 1758 1819 λ

425 1883 486 1929 Il.
517 1883 613 1929 Alia
637 1894 698 1928 est
714 1900 815 1944 ergo
834 1884 1078 1944 ignorantia
1100 1896 1347 1949 temporum
1362 1923 1373 1941 ‚
1402 1884 1486 1930 alia
1508 1884 1626 1930 labes
1643 1901 1735 1929 mo·

358 1970 457 1999 rum
475 1970 682 2017 amorque
699 1955 920 2002 vitiorum.
947 1956 1059 2001 Nam
1080 1966 1121 2001 et
1139 1955 1358 2020 apostolus
1379 1955 1539 2002 Paulus
1557 1954 1735 2019 quando

359 2023 536 2070 dicebat
555 2062 565 2081 ,
593 2046 613 2066 «
635 2025 734 2070 Non
753 2025 839 2071 cito
862 2026 1123 2072 moveamini
1138 2037 1281 2072 mente
1304 2044 1446 2091 neque
1469 2025 1732 2082 terreamini,

360 2116 382 2138 ³)
401 2095 487 2140 sive
511 2095 807 2158 perverbum,
835 2096 921 2142 sive
943 2114 1022 2160 per
1040 2096 1269 2161 epistolam
1288 2135 1298 2155 ,
1320 2107 1529 2161 tanquam
1557 2114 1636 2161 per
1659 2113 1736 2142 nos
1756 2100 1759 2143 ἰ

359 2186 381 2208 >)
399 2167 600 2221 missam,
628 2166 750 2229 quasi
774 2166 902 2212 instet
932 2168 1022 2213 dies
1057 2168 1237 2213 Domini
1256 2167 1300 2223 Δ;
1327 2189 1348 2210 »
1376 2167 1554 2213 nolebat
1583 2165 1761 2230 utique}

359 2235 655 2283 uterederent
678 2236 760 2292 eis,
800 2237 877 2301 qui
900 2242 992 2298 J'am
1018 2240 1316 2302 propinquare
1345 2238 1523 2285 Domini
1547 2238 1760 2284 arbitra-2

360 2308 527 2354 bantur
546 2306 807 2354 adventum:
832 2326 911 2355 nec
933 2319 1078 2362 tamen
1098 2309 1272 2356 volebat
1297 2320 1344 2356 ut
1363 2320 1570 2374 tanquam
1591 2325 1738 2355 servus
1756 2351 1758 2353 .

358 2378 430 2424 ille
455 2377 678 2434 dicerent,
711 2400 732 2420 «
757 2380 927 2425 Moram
959 2379 1067 2426 facit
1094 2380 1306 2426 Dominus
1328 2397 1449 2426 meus
1473 2380 1616 2427 venire
1635 2378 1653 2408 ⁵
1676 2417 1687 2436 ,
1717 2401 1736 2421 n
1757 2384 1760 2454 j

356 2460 399 2495 et
422 2449 643 2496 traderent
663 2467 704 2495 se
724 2450 943 2515 superbiae
966 2450 1233 2516 luxuriaeque
1257 2450 1503 2516 perdendos
1526 2468 1536 2496 ε
1565 2449 1640 2497 sed
1676 2448 1737 2498 sic
1758 2461 1761 2490 ἕ

409 2549 419 2573 ¹
437 2548 516 2582 Psal.
532 2561 597 2586 xm.
618 2551 648 2581 3.
666 2568 712 2575 —
726 2547 741 2571 ²
766 2561 776 2582 1
800 2552 954 2593 Joan.11‚
982 2553 1032 2583 18.
1050 2570 1090 2575 —
1117 2548 1132 2574 ³
1152 2555 1222 2583 Act.
1244 2563 1274 2589 r,
1294 2563 1323 2590 7.
1340 2570 1384 2577 —
1400 2548 1414 2574 ⁴
1432 2562 1448 2582 2
1466 2544 1628 2588 Thess-11,
1649 2561 1677 2581 2.
1695 2569 1760 2581 --,

361 2606 376 2630 ⁵
390 2611 466 2641 Luc.
486 2617 546 2650 xu,
567 2609 621 2643 45.
