1769 3235
505 264 719 295 EPISTOLA
754 264 964 297 cctxvm.
1339 253 1432 310 423

58 330 306 379 obtulissem
327 330 494 385 Fascio,
521 340 570 375 ut
589 340 772 376 vestram
797 331 1072 377 sanctitatem
1094 331 1149 378 de
1166 330 1432 379 necessitati-

55 403 140 449 bus
168 406 258 463 ejus
274 402 530 465 alloquerer,
558 400 728 464 pudore
747 400 978 447 deterritus
998 420 1049 447 ne
1070 403 1247 449 facerem
1266 403 1430 468 depre-

53 484 174 519 catus
198 485 272 520 est.
301 475 362 518 lta
384 490 461 532 ego
489 476 649 530 majore
681 473 927 518 necessitate
967 484 1216 519 coarctatus
1245 492 1267 520 a
1295 474 1428 520 fratre

55 555 204 590 nostro
236 543 497 589 Macedonio
533 542 680 589 decem
700 553 742 588 et
769 554 933 606 septem
958 543 1118 589 solidos
1142 546 1310 608 accepi,
1326 562 1435 608 quos

25 613 97 674 &5¹²
117 631 288 662 causam
313 618 403 675 ejus
427 614 637 660 continuo
665 612 784 668 dedi,
815 614 1095 676 promittente
1124 614 1198 660 illo
1230 615 1350 679 quod
1379 614 1436 661 ad

55 695 220 730 certum
235 684 347 730 diem
367 702 466 730 cum
491 684 549 730 eis
572 683 800 730 reddendis
814 695 957 745 posset
981 700 1233 738 occurrere;
1260 696 1301 730 et
1324 702 1433 731 con-

2 815 4 818 ‚
54 755 259 800 sentiente
277 766 322 800 ut
341 756 374 800 si
397 773 480 801 non
506 766 648 819 posset
670 772 897 801 occurrere
913 771 1052 800 sermo
1078 755 1129 800 de
1146 755 1219 800 illo
1236 756 1355 801 fieret
1381 754 1436 801 ad

54 837 236 872 vestram
264 827 622 883 misericordiam,
657 844 788 890 quam
818 826 1052 872 fraternam
1078 825 1288 870 fratribus
1312 825 1434 871 exhi·

55 895 157 942 bere
180 897 411 944 consuetis.

122 967 182 1013 ll.
216 967 343 1012 'Nunc
367 984 467 1028 ergo
492 967 698 1031 quoniam
724 968 877 1014 absens
912 978 998 1019 est„
1036 977 1167 1013 restat
1203 977 1249 1013 ut
1274 966 1437 1012 subve-

56 1036 206 1091 niatis,
245 1055 334 1083 non
374 1038 464 1093 illi,
501 1057 628 1102 quem
657 1057 784 1084 nemo
815 1038 1052 1102 compellat
1079 1038 1334 1093 absentem,
1364 1037 1438 1084 sed

55 1108 365 1172 pollicitationi
400 1127 535 1165 meze,
575 1114 700 1170 cujus
732 1110 988 1156 existimatio
1024 1110 1148 1155 vohis
1185 1126 1355 1172 semper
1379 1119 1441 1154 est

55 1196 260 1243 praesens.
292 1180 389 1224 Jam
417 1181 529 1225 enim
553 1180 669 1235 dies,
703 1181 755 1226 ad
782 1198 910 1244 quem
932 1198 973 1226 se
995 1181 1249 1244 promiserat
1276 1197 1438 1225 occur-

56 1266 204 1295 surum
232 1286 242 1304 ‚
279 1258 516 1295 transactus
545 1261 633 1303 est3
662 1261 704 1295 et
730 1268 807 1309 ego
831 1251 866 1295 ei
888 1288 898 1306 ‚
932 1251 1007 1314 qui
1031 1249 1190 1295 solidos
1216 1267 1314 1295 suos
1338 1249 1440 1294 fidei

57 1337 164 1366 nieae
189 1320 436 1373 commisit,
469 1321 574 1384 quid
608 1322 889 1384 respondeam
933 1339 1018 1367 non
1045 1321 1218 1366 invenio
1241 1358 1252 1374 ‚
1281 1320 1362 1365 nisi
1391 1329 1439 1371 ut:

57 1390 213 1436 faciam
239 1390 356 1453 quod
381 1408 446 1435 me
462 1392 678 1436 facturum
699 1409 784 1436 esse
798 1392 996 1454 promisi.
1026 1390 1109 1436 Sed
1131 1390 1439 1452 quoniamnon

57 1478 151 1506 sum
178 1461 230 1505 de
262 1461 408 1506 haere
435 1463 748 1508 commonitus.
782 1473 828 1506 ut
857 1462 926 1507 die
959 1472 1109 1506 sancto
1127 1462 1401 1506 l'entecostes
1426 1495 1437 1515 ‚

56 1531 234 1594 quando
261 1530 407 1576 aderat
439 1536 574 1591 major
598 1544 735 1577 vestra
759 1525 1000 1596 frequentia
1021 1569 1031 1587 ‚
1073 1548 1311 1577 sermonem
1339 1529 1440 1576 inde

57 1602 240 1647 lacerem
262 1638 272 1654 ‚
310 1613 412 1664 peto
438 1612 483 1646 nt
512 1602 592 1647 lias
626 1602 787 1647 litteras
817 1621 897 1666 pro
931 1602 1080 1662 lingua
1110 1619 1201 1647 mea
1228 1611 1443 1664 praesente

59 1671 222 1717 habere
242 1672 510 1732 dignemini.
549 1673 811 1719 admonente
845 1691 919 1719 vos
940 1685 981 1719 et
1000 1672 1254 1717 exhortante
1275 1673 1321 1718 in
1340 1688 1441 1717 cor-

59 1742 192 1788 dibus
213 1744 360 1788 testris
388 1745 477 1788 ttco
499 1755 539 1788 et
572 1745 759 1789 Domino
784 1755 930 1790 nostro
960 1744 1034 1789 cui
1062 1742 1304 1789 credidistis
1323 1779 1334 1795 ‚
1366 1739 1447 1805 qui

60 1831 287 1877 nunqnam
318 1813 501 1859 discedit
538 1833 558 1859 a
594 1815 717 1860 robis
754 1815 1006 1860 timentibus
1044 1824 1085 1859 et
1121 1813 1446 1863 honorantibus

59 1901 216 1929 nomen
243 1901 383 1929 snum.
414 1885 461 1928 ln
486 1902 574 1947 qno
601 1886 723 1929 vobis
747 1896 786 1930 et
815 1903 890 1930 nos
922 1902 1091 1947 semper
1115 1883 1340 1942 coniuncti
1365 1899 1440 1928 su·-

63 1972 184 2010 mus.
216 1955 415 2016 quamvis
448 1972 632 2018 corpore
666 1974 687 2000 a
714 1956 838 2000 vobis
864 1954 1044 2018 profecti
1067 1971 1153 1999 esse
1173 1952 1400 1998 videamur
1428 1969 1438 1997 :

0 2029 1 2033 ’
59 2027 133 2090 qui
155 2026 278 2071 vobis
302 2026 355 2070 de
376 2026 456 2071 isto
493 2028 709 2072 bonorum
737 2045 917 2090 operum
943 2026 1104 2071 semine
1130 2042 1305 2070 messem
1343 2025 1446 2069 vitae

60 2113 235 2142 aeternae
260 2097 502 2159 promittit,
532 2097 702 2142 dicente
724 2096 933 2160 Apostolo
951 2133 960 2149 ‚
986 2117 1003 2135 α
1025 2096 1194 2140 Bonum
1216 2105 1360 2139 autem
1382 2093 1444 2139 fa-

62 2188 82 2209 »
106 2167 264 2212 cientes
303 2185 387 2213 non
418 2167 702 2222 deficiamus-‚3
745 2180 943 2231 tempore
974 2167 1088 2212 enim
1122 2182 1199 2210 suo
1234 2176 1444 2210 metemus

65 2260 85 2280 υ
102 2237 404 2297 infatigabiles.
435 2240 587 2301 ltaque
613 2238 716 2283 dum
742 2249 910 2301 tempus
933 2238 1145 2282 habemus
1166 2273 1176 2289 ‚
1212 2252 1448 2298 operemur

66 2331 86 2350 »
113 2309 277 2354 bonum
302 2308 352 2353 ad
371 2326 534 2362 omnes,
558 2309 739 2354 maxime
762 2320 903 2353 autem
921 2307 974 2353 ad
995 2305 1253 2352 domesticos
1271 2304 1446 2353 fidoi1.»

65 2380 285 2437 Quoniam
307 2396 406 2438 ergo
433 2379 696 2425 domesticus
730 2380 830 2425 fidei
858 2389 917 2424 est
935 2415 945 2433 ‚
976 2376 1254 2422 Christianus
1279 2375 1442 2433 fidelis,

61 2450 306 2497 catholicus
337 2450 470 2494 frater
504 2461 645 2495 noster
666 2467 747 2513 pro
767 2454 837 2509 cuj
849 2466 892 2494 us
913 2446 1160 2512 suppltnda
1196 2447 1448 2493 necessitate

62 2538 138 2568 vos
158 2532 260 2584 peto
286 2520 510 2565 uttaciaiis
531 2520 652 2584 quod
676 2522 891 2567 Dominus
911 2520 1115 2583 imperat,
1135 2517 1225 2563 sine
1247 2518 1438 2574 tristitia,

112 2605 121 2626 ¹
140 2615 156 2634 α
171 2605 243 2636 Cor.
260 2613 306 2641 ix,
323 2604 354 2633 6.
