1769 3235
532 242 743 273 EPISTOLA
779 244 955 274 ccxxvi.
1356 247 1445 294 277

82 311 154 357 tiae
187 320 272 356 tuae
302 308 469 355 deliciis
494 308 716 364 exulatu5‚
744 308 823 353 ubi
849 308 1098 355 salubribus
1125 310 1208 356 tuis
1236 311 1447 357 uberibus

81 380 322 436 nutriebar,
350 396 437 425 non
462 378 603 424 solum
636 378 828 423 absentia
852 388 922 423 tua
947 380 1135 435 crucior,
1165 382 1447 427 verumetiam

80 453 324 519 pervicacia
348 451 659 516 quorumdam,
686 451 762 514 qui
796 468 882 495 non
914 461 1082 497 tantum
1114 454 1335 499 manifesta
1356 472 1447 499 res-

79 534 222 589 puunt
239 560 248 578 ‚
271 523 341 568 sed
361 524 487 568 etiam
510 539 598 567 non
624 521 839 566 intellecta
864 522 1202 583 reprehendunt.
1228 528 1444 569 Caeterum

80 593 162 639 hac
188 593 432 655 suspicione
457 593 500 637 in
528 603 696 636 tantum
719 607 840 636 careo
862 628 871 643 ‚
907 603 953 635 ut
978 592 1122 652 potius
1151 592 1443 638 infirmitatem

81 679 216 708 meam
235 700 244 717 ‚
281 679 367 724 qua
402 662 504 707 tales
539 679 694 725 parum
722 661 934 724 patienter
957 661 1046 705 fero
1065 698 1075 713 ‚
1099 663 1335 708 notabilem
1358 681 1445 726 pu-

79 744 178 778 tem.
208 733 407 788 Qualiter
434 743 575 778 autem
609 732 661 777 ad
698 733 796 777 hzec
828 730 1144 776 consulendum
1165 733 1363 792 judices,
1401 745 1447 779 ut

79 802 164 849 dixi
185 812 271 848 tuae
290 804 513 866 sapientiae
535 803 803 866 derelinquo.
827 803 937 847 Nam
965 801 1019 847 ad
1040 819 1108 847 me
1126 803 1211 848 hoc
1236 805 1449 866 pertinere

77 871 272 928 credidi,
311 890 392 936 pro
422 890 470 918 ea
497 891 627 936 quam
648 874 824 919 Christo
854 872 920 917 vel
946 872 1028 918 tibi
1051 872 1188 918 debeo
1208 874 1446 931 charitate,

78 953 124 989 ut
142 960 242 1006 quae
268 943 311 988 in
338 945 623 1008 quaestionem
645 945 848 999 veniunt,
879 960 966 988 non
988 954 1185 990 tacerem.
1215 944 1448 1007 Quidquid

76 1030 156 1077 pro
180 1030 226 1058 ea
251 1015 414 1073 gratia,
446 1031 578 1077 quam
601 1014 644 1059 in
671 1025 708 1059 te
736 1014 882 1077 pusilli
908 1030 1008 1059 cum
1030 1015 1193 1074 magnis
1218 1015 1445 1072 miramur,

76 1084 260 1130 volueris
284 1096 358 1130 aut
382 1085 590 1140 valueris,
618 1086 854 1145 gratissime
892 1085 1156 1148 accipiemus
1190 1097 1394 1149 tanquam
1424 1105 1448 1132 a

75 1154 200 1199 nobis
220 1154 474 1200 charissima
494 1167 534 1201 et
559 1156 898 1201 reverentissima
927 1156 1182 1201 auctoritate
1201 1156 1441 1205 decretum.

77 1224 187 1270 Sane
202 1225 304 1289 quia
329 1237 505 1286 urgente
523 1226 738 1290 perlatore
753 1264 763 1282 ‚
787 1226 914 1271 timui
934 1243 985 1271 ne
1004 1226 1071 1272 vel
1087 1245 1173 1272 non
1193 1229 1336 1273 omnia
1351 1266 1360 1284 ‚
1381 1229 1447 1274 vel

74 1295 172 1340 haec
193 1296 286 1359 ipsa
307 1297 448 1342 minus
470 1297 599 1357 digne
617 1335 626 1352 ‚
650 1297 847 1343 conscius
866 1313 1059 1342 mearum
1078 1298 1256 1354 virium,
1280 1316 1445 1362 possem

74 1364 286 1425 dirigere;
313 1368 379 1427 egi
412 1384 511 1413 cum
545 1367 688 1422 vir01‚
727 1378 818 1412 tum
845 1366 1040 1411 moribus
1071 1377 1162 1411 tum
1197 1367 1372 1430 eloquio
1406 1381 1449 1415 et

53 1435 218 1492 ¹studio
242 1437 358 1483 claro
374 1476 384 1494 ‚
414 1449 461 1483 ut
485 1449 648 1501 quanta
677 1448 821 1501 posset
844 1436 1025 1482 collecta
1057 1437 1142 1482 suis
1164 1437 1316 1483 litteris
1339 1439 1448 1485 inti-

73 1517 209 1552 maret
241 1526 251 1553 :
277 1525 385 1572 quas
409 1513 665 1569 conjunctas
698 1508 764 1553 his
797 1507 1011 1553 destinare
1035 1507 1200 1554 curavi.
1235 1510 1309 1553 Est
1332 1510 1446 1556 enim

74 1576 170 1622 talis
202 1579 279 1642 qui
308 1580 436 1625 etiam
476 1591 636 1643 praeter
659 1579 776 1624 hanc
811 1577 1132 1633 necessitatem,
1166 1578 1324 1638 dignus
1361 1591 1447 1626 tuae

73 1649 311 1695 sanctitatis
333 1650 487 1696 notitia
517 1651 753 1711 judicetur.
799 1649 984 1694 Sanctus
1012 1648 1214 1694 Leontius
1237 1650 1449 1697 diaconus

73 1718 216 1764 cultor
247 1731 374 1773 tuus,
411 1738 510 1766 cum
538 1722 642 1766 meis
674 1719 929 1783 parentibus
961 1718 1148 1764 multum
1188 1729 1227 1764 te
1267 1720 1440 1767 salutat.

75 1789 309 1836 Memorem
331 1792 412 1836 mei
433 1791 736 1854 paternitatem
762 1800 882 1834 tuam
908 1788 1122 1833 Dominus
1142 1788 1345 1835 Christus
1367 1793 1449 1837 Ec—

73 1859 214 1906 clesiae
233 1879 322 1907 suae
340 1862 461 1907 annis
476 1861 679 1924 pluribus
695 1860 857 1906 donare
873 1859 1078 1919 dignetur
1096 1860 1283 1906 Domine
1300 1872 1437 1924 pater.

76 1933 142 1976 Et
163 1933 294 1994 infra
324 1951 336 1977 .·
367 1932 488 1978 Sciat
518 1932 722 1977 sanctitas
766 1942 865 1986 tua,
902 1930 1077 1975 fratrem
1117 1947 1259 1976 meum
1280 1968 1291 1987 ,
1324 1936 1450 1992 cujus

75 2004 256 2049 maxime
291 2020 414 2049 causa
457 2003 562 2048 hinc
601 2002 900 2057 discessimus,
941 2018 1040 2046 cum
1072 2012 1267 2047 matrona
1293 2019 1369 2048 sua
1403 2021 1450 2049 ex

75 2090 284 2120 consensu
321 2073 554 2137 perfectam
583 2075 673 2118 Deo
705 2071 1017 2118 continentiam
1055 2071 1290 2119 devovisse.
1323 2073 1452 2119 Unde

75 2162 277 2205 rogamus
305 2145 574 2190 sanctitatem
615 2154 732 2189 tuam
755 2181 764 2197 ‚
803 2154 849 2189 ut
873 2160 996 2188 orare
1014 2142 1201 2202 digneris
1217 2181 1227 2198 ‚
1255 2160 1343 2207 quo
1364 2144 1450 2190 hoc

75 2217 219 2280 ipsum
245 2217 290 2261 in
321 2215 379 2261 eis
413 2215 626 2261 Dominus
662 2214 922 2260 confirmare
941 2250 951 2269 ,
985 2223 1027 2258 et
1053 2212 1270 2259 custodire
1293 2213 1448 2274 digne-

79 2297 163 2335 tur.
200 2308 220 2329 >³

124 2379 134 2402 ¹
157 2381 348 2422 Prosperum
367 2378 542 2418 intelligere
562 2377 698 2414 videtur,
715 2377 803 2417 cnjus
819 2375 968 2419 praecedit
984 2375 1130 2418 epistola.
