1769 3235
0 1371 3 1541 l

504 267 718 297 Bris'rotA
754 267 901 298 cxcix.
1319 273 1334 303 1
1355 257 1405 302 13

31 351 115 382 esse
139 350 354 398 ponamus
370 371 381 390 ‚
403 332 541 379 multo
566 331 699 391 magis
727 331 831 377 olim
854 333 1022 378 transiit
1047 343 1130 378 tam
1157 333 1298 395 longae
1322 336 1408 382 diei

33 408 140 453 hora
163 405 394 452 novissima
414 441 424 459 ‚
460 421 548 449 non
578 403 678 448 dico
703 402 735 448 si
761 403 962 448 vicesima
986 416 1140 467 quarta
1165 424 1263 467 pars
1283 411 1373 467 ejus
1389 443 1402 462 ‚

34 479 108 541 qui
135 487 234 522 sunt
267 475 368 521 anni
395 475 529 538 paulo
557 473 741 537 amplius
779 473 1067 535 quadraginta
1090 512 1101 531 ,
1133 476 1206 520 sed
1234 477 1267 521 si
1291 478 1407 523 duo-

35 546 201 593 decima
233 545 486 609 deputetur,
513 561 613 607 quae
642 543 737 589 illos
761 561 895 589 annos
924 544 1082 607 duplos
1107 545 1254 592 habet.
1282 548 1406 594 [nde

35 617 358 664 convenientius
381 615 454 660 ille
477 613 714 678 Apostolus
736 614 930 659 creditur
950 614 1102 661 horam
1120 617 1309 679 posuisse
1327 636 1408 681 pro

38 698 259 750 tempore;
298 702 398 748 quae
422 686 532 731 hora
558 702 688 748 quam
714 683 841 743 longa
877 684 951 735 sit,
988 685 1236 743 ignoramus
1256 724 1266 741 ‚
1306 689 1409 750 quia

35 774 122 803 non
143 768 204 802 est
224 767 421 802 nostrum
440 755 548 801 scire
574 767 768 818 tempora
784 791 794 809 ‚
821 771 919 817 quae
947 756 1075 801 Pater
1100 758 1246 819 posuit
1266 758 1311 803 in
1336 776 1412 804 sua

35 838 283 893 potestate:
322 826 519 890 quamvis
556 844 651 872 eam
690 826 964 872 novissimam
1003 843 1089 872 esse
1127 828 1374 875 noverimus
1401 866 1412 886 ‚

37 899 173 946 multo
198 900 332 960 magis
356 900 507 962 utique
529 916 631 949 nos,
663 915 795 960 quam
820 898 894 962 qui
920 897 1095 944 fuerunt
1121 910 1218 945 ante
1237 918 1313 946 nos
1329 939 1339 957 ,
1368 919 1414 947 ex

37 988 123 1036 quo
139 988 224 1017 esse
249 971 316 1017 vel
341 971 430 1017 dici
453 971 593 1034 coepit
612 970 723 1016 hora
743 970 990 1017 novissima.

99 1044 220 1089 xlx.
247 1042 380 1100 Quod
402 1057 546 1091 autem
577 1041 674 1088 ideo
700 1041 872 1088 videtur
891 1042 1156 1088 venerationi
1182 1053 1269 1089 tuae
1289 1060 1417 1089 com-

38 1113 249 1178 prehendi
276 1132 362 1159 non
399 1130 518 1177 posse
551 1124 798 1176 temporum
834 1130 1054 1158 mensuras
1071 1151 1081 1168 ‚
1109 1124 1157 1159 ut
1184 1114 1420 1161 definiatur

35 1202 122 1249 quo
145 1202 257 1231 anno
279 1184 453 1231 futurus
476 1196 537 1231 est
562 1185 659 1230 finis
676 1222 687 1241 ‚
708 1185 810 1248 quia
830 1184 1069 1230 secundum
1091 1186 1417 1248 promissionem

40 1255 214 1301 Domini
239 1255 560 1301 breviabuntur
583 1255 673 1300 dies
694 1255 781 1310 illi,
811 1272 989 1317 prorsus
1010 1272 1099 1300 non
1127 1256 1337 1316 intelligo.
1373 1258 1420 1302 St

39 1329 152 1374 euim
174 1327 234 1372 sic
270 1327 593 1377 breviabuntur
621 1337 669 1372 ut
703 1327 810 1372 fiant
841 1343 887 1371 ex
922 1326 1126 1389 pluribus
1162 1328 1418 1389 pauciores3

38 1415 184 1462 quaero
222 1397 461 1444 secundum
485 1415 618 1461 quam
654 1397 877 1443 veritatem
914 1396 1054 1442 futuri
1088 1408 1211 1442 erant
1235 1397 1383 1461 plures
1405 1437 1414 1455 ‚

39 1469 116 1515 nisi
137 1469 471 1516 breviarentur?
492 1468 802 1516 Hebdomades
823 1468 936 1514 enim
959 1468 1095 1513 sancti
1121 1469 1312 1514 Danielis
1330 1487 1420 1516 non

39 1541 93 1586 ad
131 1541 323 1605 primum
368 1542 546 1587 Domini
585 1541 856 1596 adventum,
900 1541 1012 1586 sicut
1041 1539 1246 1603 pluribus
1275 1541 1417 1588 visum

37 1623 126 1668 est,
151 1612 223 1658 sed
253 1612 306 1658 ad
340 1613 580 1660 seeundum
604 1613 751 1677 potius
772 1612 986 1658 existimas
1014 1612 1242 1674 pertinere.
1273 1613 1420 1658 Ita-ne

38 1703 135 1746 ergo
164 1685 503 1742 breviabuntur,
540 1695 588 1731 ut
611 1684 676 1730 vel
701 1701 786 1730 una
808 1683 852 1728 in
877 1683 935 1728 eis
962 1682 1243 1728 hebdomada
1278 1684 1421 1730 minus

36 1756 184 1803 futura
217 1757 297 1812 sit,
334 1767 376 1801 et
412 1755 514 1801 falsa
545 1756 624 1802 erit
644 1754 878 1819 prophetia
895 1791 905 1809 ,
929 1770 1031 1816 quae
1052 1764 1170 1798 tanta
1194 1753 1419 1813 diligentia

38 1844 265 1874 numerum
303 1826 682 1873 hebdomadarum
721 1824 900 1870 definire
937 1824 1132 1873 curavit,
1164 1834 1210 1869 ut
1233 1824 1417 1886 quidam

39 1898 198 1945 diceret
219 1898 347 1944 etiam
375 1897 560 1944 dimidio
578 1895 872 1943 hebdomadis
894 1893 1202 1957 implendum?
1228 1895 1366 1940 Miror
1382 1895 1418 1941 si

38 1986 114 2032 per
145 1969 427 2033 prophetiam
457 1968 651 2024 Christi,
681 1966 920 2012 destruitur
947 1965 1181 2028 prophetia
1208 1966 1410 2014 Danielis,

41 2040 205 2086 Deinde
237 2040 365 2104 quale
400 2051 463 2086 est
497 2051 546 2085 ut
581 2050 786 2103 putemus
817 2039 1035 2096 ignorasse
1060 2035 1282 2082 Danielem
1306 2074 1316 2093 ‚
1347 2037 1417 2084 vel

38 2111 183 2174 potius
208 2111 419 2171 Angelum
437 2149 446 2161 ,
481 2130 503 2157 a
540 2127 629 2175 quo
656 2110 735 2155 ista
766 2107 966 2161 dicebat,
991 2107 1291 2153 breviaturum
1316 2111 1415 2153 Do·-

39 2181 205 2227 minum
229 2182 318 2227 dies
345 2182 466 2239 illos,
500 2194 543 2229 et
570 2198 729 2228 errasse
765 2190 813 2225 ut
847 2179 934 2224 hoc
958 2177 1122 2223 diceret
1144 2198 1155 2232 ς
1193 2178 1259 2224 vel
1289 2179 1416 2225 scisse

41 2251 212 2314 quidem
234 2289 244 2306 ‚
268 2252 341 2298 sed
367 2254 404 2298 ei
430 2271 559 2317 quem
584 2252 772 2298 docebat
794 2250 923 2295 fuisse
944 2248 1206 2294 mentitum?
1228 2248 1361 2305 Quod
1384 2251 1420 2296 si

43 2322 279 2368 absurdum
309 2334 400 2379 est,
439 2341 518 2370 cur
553 2340 639 2368 non
670 2321 816 2386 potius
853 2319 1072 2365 credimus
1098 2319 1338 2365 secundum
1373 2321 1421 2367 id

42 2393 158 2458 quod
180 2394 451 2440 breviaturus
472 2406 533 2440 est
555 2393 769 2439 Dominus
789 2391 878 2436 dies
896 2390 1010 2445 illos,
1033 2400 1094 2434 tot
1118 2389 1419 2439 hebdomadas

42 2465 323 2529 prophetasse
353 2466 612 2512 Danielem?
646 2466 680 2510 si
713 2475 858 2509 tamen
884 2461 937 2507 ad
974 2460 1213 2507 secundum
1243 2462 1422 2510 Domini

43 2536 274 2583 adventum
292 2574 302 2594 ,
335 2536 485 2602 (quod
505 2538 648 2584 nescio
668 2532 1043 2600 quemadmodum
1066 2532 1204 2596 possit
1222 2534 1420 2598 ostendi)

44 2603 114 2652 ille
141 2623 346 2654 numerus
367 2607 550 2656 refertur
574 2623 803 2656 annorum.

172 2694 358 2726 cxtvin.
1269 2676 1299 2724 8
