1769 3235
467 283 679 315 Emsrom
715 285 961 320 ccxxxvm.
1300 275 1393 322 333

21 363 81 400 tes
103 350 377 397 voluntatum
410 360 452 396 et
475 351 784 396 sententiarum
808 390 819 409 ‚
856 353 1114 416 opinionum
1137 371 1396 419 morumque

21 421 389 470 dissimilitudines
409 438 496 467 non
515 431 636 466 erant
659 438 793 466 unum
812 443 822 475 ;
845 435 971 470 erunt
995 435 1137 471 autem
1157 425 1282 489 plene
1298 444 1396 490 per·

20 494 214 557 fecteque
234 510 388 547 unum,
419 508 517 537 cum
551 502 810 555 perventum
831 492 957 539 fuerit
979 494 1031 540 ad
1052 512 1148 541 eum
1175 497 1324 552 finem,
1351 508 1397 543 ut

22 564 76 610 sit
100 566 212 609 Deus
238 563 383 609 omnia
415 563 457 608 in
483 563 700 609 omnibus.
742 563 856 608 Deus
876 575 1016 610 autem
1050 568 1176 612 Pater
1194 577 1235 612 et
1268 568 1400 614 Filius

20 638 111 694 ejus
129 671 139 688 ‚
180 634 371 680 Verbum
409 636 502 693 ejus
542 633 654 679 Deus
695 632 814 695 apud
857 635 994 679 Deum
1018 671 1028 689 ‚
1070 652 1238 699 semper
1272 649 1399 701 atque

19 703 294 752 ineffabiliter
329 720 464 749 unum
499 715 623 751 sunt:
661 703 775 749 unde
800 704 934 764 magis
958 721 1046 750 non
1079 705 1167 751 duo
1201 706 1293 763 dii,
1327 707 1397 753 sed

21 790 132 821 unus
160 775 286 820 Deus.

84 845 203 892 XlV.
231 843 441 890 Homines
459 854 602 889 autem
618 843 760 890 minus
776 843 1079 905 intelligentes,
1094 847 1198 911 quid
1220 859 1402 912 propter

21 917 128 983 quid
153 918 339 964 dicatur,
363 928 558 980 patentes
573 917 725 963 volunt
746 918 908 964 hahere
928 922 1235 975 sententias,et
1255 923 1402 987 Scrip—

23 988 128 1035 turis
163 1006 249 1034 non
279 988 509 1048 diligenter
529 988 727 1034 scrutatis
747 1026 757 1044 ‚
799 1005 898 1035 cum
931 990 1149 1054 arripiunt
1180 992 1398 1040 defensio-

22 1077 120 1107 nem
141 1063 354 1122 cujusque
374 1058 594 1122 opinionis
613 1096 622 1114 ‚
648 1070 688 1104 et
710 1059 765 1105 ab
785 1077 832 1105 ea
853 1060 919 1106 vel
942 1078 1165 1125 nunquam
1194 1065 1259 1110 vel
1282 1065 1401 1111 diffi-

23 1131 103 1178 cile
126 1131 435 1186 deflectuntur,
454 1130 558 1175 dum
580 1130 699 1176 docti
718 1141 849 1194 atque
875 1132 1086 1195 sapientes
1104 1136 1236 1195 magis
1256 1138 1401 1200 putari

22 1220 155 1267 quam
189 1219 275 1248 esse
301 1202 654 1264 concupiscunt,
678 1219 724 1246 ea
758 1219 859 1265 quae
883 1215 1064 1267 propter
1089 1205 1273 1253 formam
1295 1210 1403 1255 servi

24 1274 140 1321 dicta
166 1284 292 1329 sunt,
323 1272 479 1319 volunt
512 1271 740 1317 transferre
767 1272 821 1318 ad
845 1271 1027 1320 formam
1052 1275 1129 1321 Dei
1159 1294 1169 1320 :
1193 1287 1233 1323 et
1258 1295 1403 1325 rursus

25 1361 124 1409 quae
147 1344 265 1390 dicta
284 1354 384 1389 sunt
408 1353 455 1388 ut
481 1342 535 1387 ad
559 1360 601 1388 se
618 1343 803 1389 invicem
825 1361 1021 1406 personae
1045 1345 1304 1405 referantur,
1323 1366 1402 1395 vo-

23 1414 120 1461 lunt
144 1415 323 1460 nomina
346 1430 431 1459 esse
451 1423 619 1459 naturae
645 1424 772 1477 atque
798 1414 1066 1462 substaniiae.
1108 1416 1233 1462 Fides
1257 1430 1400 1465 autem

25 1496 169 1531 nostra
194 1495 255 1530 est
272 1522 281 1540 ‚
304 1485 474 1529 Patrem
499 1494 541 1528 et
566 1484 723 1529 Filium
745 1494 787 1529 et
805 1483 1020 1547 Spiritum
1046 1497 1245 1533 sanctum
1267 1505 1401 1536 unum

25 1556 164 1601 Deum
190 1554 363 1601 credere
395 1565 435 1600 et
461 1554 657 1600 confiteri
680 1574 691 1607 ς
734 1571 814 1600 nec
855 1565 995 1601 tamen
1017 1571 1139 1612 eum,
1161 1558 1236 1621 qui
1276 1559 1405 1607 Filius

26 1637 102 1682 est,
125 1628 297 1672 Patrem
323 1625 497 1679 dicere3
521 1642 601 1670 nec
624 1642 720 1670 eum
743 1662 753 1681 ‚
778 1625 855 1689 qui
884 1627 1012 1671 Pater
1035 1637 1097 1671 est
1120 1628 1274 1674 Filium
1294 1651 1303 1683 ;
1328 1649 1405 1678 nec

26 1713 154 1754 eum,
177 1697 253 1761 qui
271 1696 460 1759 Spiritus
482 1696 622 1741 Patris
645 1708 686 1741 et
708 1695 804 1740 Filii
824 1706 910 1751 est,
945 1709 1019 1742 aut
1041 1697 1211 1744 Patrem
1234 1711 1309 1745 aut
1330 1702 1404 1747 Fi-

25 1766 132 1813 lium
151 1783 422 1830 nuncupare.
447 1766 525 1811 His
543 1766 654 1811 enim
682 1765 1050 1829 appellationibus
1075 1767 1160 1813 hoc
1181 1769 1401 1828 significa-

27 1847 124 1894 tur,
150 1855 238 1902 quo
264 1837 318 1882 ad
344 1854 385 1882 se
409 1837 594 1882 invicem
622 1836 882 1891 referuntur,
909 1853 996 1882 non
1015 1837 1105 1900 ipsa
1129 1839 1366 1887 substantia
1390 1879 1400 1897 ‚

26 1925 113 1972 qua
139 1926 273 1954 unum
298 1918 414 1954 sunt.
440 1909 549 1953 Nam
573 1918 614 1952 et
644 1911 770 1952 Pater
789 1924 888 1953 cum
915 1907 1101 1964 dicitur,
1128 1910 1297 1956 nonnisi
1320 1912 1402 1957 ali-

28 1983 152 2039 cujus
176 1979 270 2024 Filii
288 1978 450 2023 dicitur
467 2015 477 2033 ,
501 1987 541 2022 et
566 1977 697 2023 Filius
720 1977 892 2023 nonnisi
912 1977 1098 2037 alicujus
1119 1979 1260 2024 Patris
1281 1980 1403 2027 intel-

28 2048 194 2110 ligitur,
212 2060 254 2095 et
270 2049 458 2111 Spiritus
481 2048 718 2093 secundum
738 2048 781 2093 id
803 2048 923 2112 quod
946 2047 997 2092 ad
1022 2048 1183 2112 aliquid
1204 2050 1402 2109 refertur,

32 2119 247 2183 Spirantis
270 2119 452 2180 alicujus
470 2129 549 2174 est,
567 2129 607 2164 et
633 2119 814 2181 Spirans
833 2118 983 2181 utique
1008 2118 1222 2181 Spiritum
1238 2122 1407 2184 spirans

30 2200 104 2236 est.

96 2261 190 2308 XV.
227 2262 324 2306 Non
344 2270 486 2305 autem
511 2261 588 2306 ista
608 2259 892 2323 corporaliter
916 2258 1161 2304 sentiuntur
1179 2296 1189 2314 ‚
1217 2277 1295 2307 nec
1322 2264 1405 2310 usi·

36 2341 124 2377 tato
147 2347 266 2376 more
283 2329 587 2389 intelliguntur
609 2330 653 2375 in
674 2332 777 2376 Deo.
808 2352 828 2371 «
848 2329 935 2386 Qui
955 2339 1108 2391 potens
1138 2340 1202 2374 est
1233 2329 1373 2379 facere
1389 2372 1399 2391 ‚

34 2402 182 2447 »sicut
207 2401 315 2447 dicit
348 2401 609 2464 Apostolus,
638 2417 769 2464 supra
799 2416 930 2464 quam
963 2399 1150 2462 petimus
1180 2411 1222 2445 et
1245 2401 1408 2451 intelli·—

35 2493 55 2513 »
75 2470 260 2532 gimus1.
291 2493 311 2513 >³
340 2470 385 2516 Si
409 2481 550 2516 autem
585 2470 725 2517 facere
744 2508 754 2527 ‚
780 2479 946 2534 quanto
980 2468 1115 2528 magis
1139 2473 1258 2517 esse?
1297 2472 1406 2522 Nam

33 2541 121 2588 hoc
144 2558 301 2587 nomen
327 2541 445 2605 quod
473 2563 490 2581 <‹
512 2542 736 2605 Spiritus»
768 2540 958 2594 dicitur,
983 2555 1069 2585 non
1100 2540 1341 2590 secundum
1364 2545 1409 2595 id

84 2623 370 2668 ¹Ephes.1rr‚2o,
